2612 4100
947 248 1327 371 Pct'rifie
1347 254 1564 371 nsts.

248 392 290 433 &
313 390 694 439 administrationem
725 398 741 446 3
777 398 972 440 dictarum
995 400 1233 445 Monialium

248 451 551 508 receptionem,
570 451 864 504 admissionem,
890 466 1074 505 aetatem,
1101 460 1231 514 quali—

247 515 379 562 tates,
411 512 807 566 vietumfflminum,
841 514 1161 569 instructionem,
1190 519 1229 559 &

246 567 495 625 disciplinam
524 573 766 626 pertinentia
793 600 807 624 ,
837 586 885 615 ac
900 574 997 617 alias
1012 574 1156 627 utilia,
1188 578 1229 619 δι

244 626 486 681 necessaria,
516 629 626 673 licita
641 639 803 682 tamen,
836 633 1077 683 &honesta,
1110 648 1156 677 ac
1169 633 1229 677 sa-

196 703 199 707 ·
243 687 322 728 eris
349 688 580 732 Canonibus
604 714 620 738 ,
647 686 904 745 decretisque
931 692 1110 734 Concilii
1133 694 1227 735 Tri-

240 743 397 786 dentini
423 775 438 798 ,
482 749 518 790 &
546 744 734 790 institutis
762 748 1015 806 regularibus
1050 751 1226 806 praedic'ti

239 802 403 846 Ordinis
429 818 508 848 non
533 808 735 850 contraria
752 809 1063 865 ,Superioribus
1091 819 1224 855 tamen

238 862 433 918 praedietis
463 876 537 918 pro
566 872 749 921 tempore
779 867 1034 910 existentibus
1074 871 1223 912 exami—

235 921 368 963 nanda
382 947 396 971 ,
428 923 465 963 δε
478 923 733 976 approbanda
751 951 765 975 ,
794 923 927 968 facere
943 926 978 965 ὃ(
991 927 1113 970 edere
1128 957 1142 980 ‚
1172 943 1220 972 ac

236 978 392 1034 quoties
403 993 477 1033 pro
489 993 624 1021 rerum
637 1009 652 1032 ,
662 983 703 1023 δι
715 992 943 1038 temporum
962 986 1219 1042 qualitate),

234 1036 302 1079 seu
317 1033 414 1078 aliis
427 1038 643 1093 expediens
661 1040 861 1085 videbitur
872 1072 887 1097 ,
900 1059 992 1087 cum
1011 1046 1218 1088 interven-

233 1104 301 1141 tu,
333 1093 396 1137 seu
412 1097 562 1151 praevio
585 1099 793 1152 examine,
824 1103 864 1145 δι
893 1103 1221 1159 approbatione-e

235 1151 470 1197 eorumdem
481 1155 738 1210 Superiorum
755 1160 824 1202 illa
838 1171 1087 1204 commutare
1104 1190 1118 1212 ,
1134 1159 1225 1203 cor-'

232 1211 364 1266 rigere
379 1240 393 1264 ,
424 1213 648 1267 moderari,
679 1216 899 1263 reformare
914 1248 929 1272 ,
941 1234 984 1263 ac
999 1220 1126 1263 etiam
1137 1219 1217 1267 alia

233 1284 283 1313 ex
299 1271 458 1327 integro
472 1272 647 1317 condere
661 1286 675 1319 :

253 1387 263 1395 Π
286 1330 485 1374 Praeterea
499 1346 574 1387 pro
590 1334 826 1379 Monialium
840 1338 881 1380 in
895 1337 1003 1380 dieto
1013 1336 1211 1380 Monaste-

228 1400 290 1430 rio
305 1401 377 1442 per
402 1390 606 1445 praeffintes
631 1396 768 1436 erecto
791 1396 1211 1449 introducendas-uma

226 1444 413 1502 prospera
440 1446 692 1501 directione,
722 1467 767 1495 ac
798 1453 838 1495 in
868 1456 978 1505 ritu,
1011 1455 1214 1506 moribus,

227 1505 266 1546 &
291 1505 538 1560 regularibus
567 1507 752 1552 institutis
776 1511 1033 1556 instructione
1057 1541 1072 1566 ,
1115 1511 1213 1555 duas

225 1561 293 1604 vel
319 1571 399 1606 tres
411 1565 604 1609 Moniales
629 1565 734 1610 adid
751 1570 1025 1622 voluntarias,
1056 1585 1106 1614 ex
1120 1571 1210 1627 qui-

230 1618 473 1688 buscumque
509 1624 756 1669 Monasteriis
791 1629 1028 1673 Monialium
1077 1630 1208 1687 Regni

227 1679 423 1732 Franc1ae‚
437 1681 548 1725 dietae
561 1684 694 1727 Mariae
712 1686 814 1730 bene
832 1689 928 1732 vifis
945 1717 958 1741 ,
973 1688 1039 1732 seu
1054 1701 1186 1743 gratas
1198 1715 1213 1739 ,

224 1750 270 1778 ac
287 1750 358 1792 per
371 1752 460 1781 eam
473 1740 677 1798 eligendas
692 1772 706 1795 ‚
737 1747 807 1788 hac
822 1747 948 1802 prima
980 1749 1068 1791 vice
1095 1750 1211 1791 dum-

222 1804 333 1860 taxat
346 1824 361 1848 ,
377 1799 638 1851 Superiorum
653 1796 808 1845 suorum
824 1805 990 1847 licentia
1003 1803 1210 1853 assumere,

222 1850 388 1908 lpsaeque
402 1854 596 1897 Moniales
611 1857 660 1897 fic
679 1859 840 1905 eleetae,
872 1861 913 1899 δι
932 1861 1128 1913 assumptae
1158 1861 1207 1900 ad

225 1906 372 1951 dietum
388 1911 672 1954 monasterium
688 1926 758 1966 per
773 1914 979 1967 praesentes
1004 1918 1205 1959 ereetum„

227 1965 270 2008 se
295 1965 542 2017 transferre,
569 1969 637 2009 etfi
666 1969 811 2009 diversi
838 1973 1002 2011 Ordinis
1028 1970 1207 2017 fuerint,

221 2022 394 2072 ritibus,
424 2023 464 2061 δι
490 2022 703 2069 institutis,
735 2023 902 2077 aliisque
927 2024 1136 2071 omnibus,
1167 2023 1207 2061 δε

216 2075 378 2133 singulis
400 2077 710 2132 obligationibus
738 2080 908 2133 praedidti
934 2078 1100 2120 Ordinis
1125 2076 1203 2122 se„-

219 2133 473 2180 consormare
486 2164 503 2189 ,
533 2150 578 2179 ac
604 2135 658 2177 ibi
685 2140 910 2191 perpetuo,
943 2137 1007 2179 vel
1035 2136 1083 2179 ad
1099 2147 1201 2179 tem-

214 2207 288 2252 pus
302 2192 389 2250 ipfis
404 2194 687 2250 Superioribus
705 2194 932 2240 benevisum
949 2222 963 2245 ,
995 2196 1049 2238 ita
1072 2206 1115 2239 ut
1142 2196 1198 2236 in·

218 2252 338 2295 terim
356 2252 404 2295 ab
420 2255 531 2296 omni
548 2283 562 2307 ,
591 2254 890 2311 &quacumque
914 2255 1199 2297 observatione

211 2311 358 2368 prioris
393 2325 531 2355 earum
562 2313 729 2367 Regula:
766 2317 924 2370 penitus
949 2343 962 2365 ,
1004 2315 1045 2354 &
1071 2313 1200 2355 omni-

211 2383 266 2412 no
297 2367 430 2414 liberae
453 2397 467 2420 ,
491 2372 531 2412 δι
553 2371 740 2414 absolutae
764 2373 837 2415 sint
864 2399 879 2422 ,
909 2384 1198 2427 permanere-³

218 2428 346 2471 libere
366 2456 380 2479 ,
409 2430 450 2470 δι
470 2428 584 2472 licite
615 2430 780 2487 possint,
810 2433 851 2473 &
879 2434 1062 2480 valeant,
1094 2426 1198 2484 ipsis-

209 2501 289 2543 que
304 2486 542 2530 Monialibus
559 2489 611 2529 fic
626 2489 910 2532 transferendis
924 2518 937 2540 ‚
969 2484 1195 2539 Abbatiffae,

209 2547 248 2587 δι
265 2545 432 2588 Vicariae
451 2544 581 2590 officia
607 2547 789 2591 distribui
804 2547 977 2591 debeant
996 2579 1006 2587 .
1040 2549 1110 2589 Hae
1137 2556 1192 2586 ta—

207 2606 301 2646 men
325 2615 526 2661 nequeant
556 2606 703 2651 ibidem
731 2606 853 2663 recipi
889 2606 938 2648 ad
964 2603 1192 2650 satisfactio-

210 2676 301 2704 nem
315 2690 330 2714 ,
360 2664 400 2704 δι
415 2665 493 2706 fine
510 2664 700 2707 consensu
718 2666 979 2721 Superiorum
1000 2663 1092 2705 dieti
1113 2665 1192 2703 Or-

204 2718 310 2763 dinis
340 2723 524 2766 Fratrum
553 2724 753 2766 Minorum
780 2725 1083 2777 Capucinorum
1112 2748 1125 2769 ,
1155 2719 1195 2760 δι

202 2778 284 2821 illis
302 2793 384 2822 non
396 2781 712 2837 approbantibus
726 2811 741 2830 ,
774 2778 1032 2822 nihilominus
1055 2778 1094 2818 in
1113 2775 1194 2830 ipso

207 2837 445 2879 Monasterio
469 2853 541 2893 per
566 2838 775 2893 praesentes
801 2839 934 2880 cresto
958 2863 971 2884 ,
1002 2834 1051 2877 ad
1069 2834 1193 2876 Habi-

207 2906 296 2938 tum
310 2923 326 2944 ‚
358 2897 399 2937 &
412 2896 588 2938 Novitiae
603 2896 652 2937 ad
666 2893 942 2951 professionem
960 2892 1194 2936 Monialium

207 2954 503 3007 Capucinarum
521 2953 743 3010 hujusmodi
761 2953 923 3002 admitti
939 2950 1078 3008 poffint
1092 2977 1106 2999 ,
1121 2965 1193 3006 per

205 3011 316 3060 inde,
331 3026 375 3054 ac
393 3012 416 3053 fi
431 3012 639 3055 antedictae
656 3021 737 3054 tres
752 3011 946 3056 Moniales
971 3010 1094 3053 essent
1117 3011 1192 3051 ibi-

206 3069 302 3112 dem
317 3069 549 3114 introducta:
564 3100 577 3123 ,
606 3073 798 3114 &ca-tera
824 3070 984 3118 omnia,
1016 3078 1095 3110 tam
1123 3081 1194 3123 per

205 3129 414 3184 praes'entes
440 3129 618 3173 concessa
635 3158 649 3181 ,
679 3131 796 3184 quam
814 3132 852 3172 in
872 3129 1069 3185 posterum
1091 3140 1190 3168 con-

199 3185 381 3231 cedenda
395 3215 410 3238 ,
441 3203 486 3231 ac
499 3189 642 3233 statuta
658 3189 779 3231 etiam
792 3182 1001 3230 conden‘da
1029 3181 1079 3226 ad
1106 3182 1189 3226 for-

202 3259 306 3297 mam
320 3245 415 3289 dieti
426 3248 603 3292 Concilii
618 3243 798 3291 concessa
814 3239 1189 3300 intelligantur,eis-

202 3302 294 3348 dem
317 3306 554 3350 auctoritate
569 3335 581 3358 ,
611 3308 808 3349 &tenore
835 3301 1120 3351 concedimus,
1150 3302 1190 3344 δι

204 3361 458 3420 indulgemus
483 3392 497 3414 ,
538 3366 730 3421 diffitaeque
774 3363 990 3408 Ludovicae
1026 3360 1186 3416 Reginae

203 3418 452 3466 voluntatem
469 3423 598 3479 quoad
612 3421 797 3480 praemiffa
818 3421 948 3463 onmia
975 3421 1012 3460 δε
1040 3418 1186 3475 singula

202 3479 432 3523 aneton-itate
446 3510 460 3532 ‚
488 3483 529 3524 δε
542 3491 684 3525 tenore
698 3479 885 3525 similibus
899 3508 913 3532 ,
926 3477 1180 3526 sufficienter,

203 3537 244 3578 δι
262 3539 488 3592 opportune
501 3550 792 3585 commutamus
803 3566 817 3581 .

262 3598 538 3642 Decernentes
566 3600 672 3643 ultra
696 3596 992 3656 cappellanoss
1022 3596 1180 3636 &00¹1·

202 3653 380 3697 feffarios
407 3655 636 3709 praedieios,
667 3659 786 3701 etiam
808 3655 1043 3699 Visitatores
1068 3651 1181 3693 ordi-

200 3714 358 3761 uarios,
387 3712 465 3755 five
478 3717 816 3760 extraordinarios
846 3710 1178 3756 distiMonasterii

196 3786 270 3828 per
283 3775 488 3829 praesentes
502 3773 678 3821 erecthin
693 3774 872 3830 quolibet
889 3772 1081 3827 Capitulo
1093 3771 1176 3811 Ge-

194 3831 321 3876 nerali
345 3830 523 3890 ejusdcm
543 3830 709 3875 Ordinis
735 3834 917 3875 Fratrum
935 3832 1175 3875 Minorum.)

1293 407 1615 459 Capuciuorum,
1645 404 1708 448 seu
1723 410 1839 448 extra
1851 402 1952 450 illud
1964 434 1980 458 ,
1999 414 2157 464 quoties
2171 430 2273 472 opus

1293 461 1439 516 fucrit,
1467 467 1491 510 ὲ
1506 464 1686 510 Ministro
1701 466 1892 509 Generali
1905 466 2114 523 eligendos
2138 474 2270 526 esse—2,

1290 534 1335 563 ac
1351 524 1555 578 praesentes
1571 523 1750 576 litteras,
1781 527 1820 568 δι
1832 526 1871 566 in
1887 526 1947 568 eis
1960 538 2152 571 contenta
2165 543 2269 583 quae-

1287 593 1458 637 cumque
1485 611 1500 634 ,
1543 581 1657 627 nullo
1681 597 1855 641 unquam
1882 596 2066 640 tempore
2094 599 2144 628 ex
2169 601 2271 640 quo-

1286 652 1459 695 cumque
1481 641 1644 694 capite,
1676 645 1739 686 vel
1761 643 1875 686 causa
1898 672 1911 695 ,
1938 645 2194 700 quantumvis
2210 646 2272 686 le-

1285 696 1423 752 gitima
1439 724 1453 747 ,
1482 698 1519 738 &
1534 698 1704 754 juridica
1718 702 1770 745 de
1786 702 2082 758 subreptionis,
2115 703 2269 744 velob-

1286 755 1478 810 reptionis
1495 783 1511 807 ,
1540 756 1603 797 seu
1618 758 1809 804 nullitatis
1824 761 1950 812 vitio,
1980 773 2048 803 aut
2077 760 2269 803 intentio-

1285 812 1513 863 nisnostrae,
1548 814 1612 857 vel
1630 820 1814 871 quopiam
1827 819 1906 861 alno
1933 817 2096 861 defectu
2116 818 2269 870 notari,

1279 870 1507 928 impugnari
1532 901 1548 923 ,
1579 872 1789 915 invalidari
1813 904 1827 926 .,
1857 877 1897 917 in
1925 877 1984 932 jus
2013 877 2076 920 vel
2101 887 2269 920 contro·

1278 931 1443 972 versiam
1458 931 1671 982 revocari,
1703 931 1751 974 ad
1770 932 1871 976 viam
1887 963 1902 983 ,
1931 937 1971 975 &
1987 937 2178 977 terminos
2204 933 2270 992 juq

1279 987 1333 1028 ris
1348 989 1514 1037 reduci,
1544 998 1613 1032 aut
1637 988 1806 1042 desuper
1832 992 2134 1045 quomodolibet
2160 993 2267 1035 haefi-

1277 1046 1354 1087 tari
1378 1075 1394 1099 ‚
1434 1062 1478 1089 ac
1502 1047 1694 1090 adversus
1724 1046 1793 1088 illa
1819 1048 2102 1105 quodcumque
2130 1051 2227 1106 juris
2245 1077 2262 1102 ‚

1280 1106 1443 1158 gratiae,
1477 1105 1540 1148 vel
1557 1103 1645 1148 faeti
1660 1105 1880 1148 remedium
1906 1107 2109 1162 impetrari
2128 1106 2263 1164 posse,

1278 1176 1406 1219 neque
1421 1165 1487 1206 sub
1501 1163 1699 1220 quibusvis
1712 1163 1892 1206 similium
1905 1192 1919 1215 ,
1937 1167 2001 1207 vel
2018 1164 2262 1208 dissimilium

1275 1222 1493 1278 gratiarum
1516 1222 1840 1265 revocationibus
1862 1250 1878 1273 ,
1914 1223 2228 1279 suspensionibus
2249 1228 2266 1273 ,'

1274 1278 1584 1322 limitationibus
1605 1307 1620 1332 ,
1648 1290 1716 1322 aut
1741 1281 1829 1322 aliis
1853 1283 2066 1324 contrariis
2094 1278 2261 1333 disposi-

1272 1337 1449 1382 tionibus
1473 1352 1544 1393 per
1559 1340 1671 1388 Nos,
1704 1339 1766 1380 vel
1780 1337 1882 1380 alios
1898 1340 2102 1380 Romanos
2119 1337 2261 1380 Ponti-

1271 1394 1363 1438 fices
1375 1422 1390 1445 ,
1422 1394 1673 1439 successores
1687 1396 1859 1447 nostros,
1873 1396 1939 1438 sub
1953 1394 2264 1451 quibuscumque

1273 1454 1491 1496 verborum
1510 1454 1848 1510 expressionibus,
1877 1456 1918 1495 δι
1943 1453 2109 1504 formis,
2139 1453 2262 1494 etiam

1272 1522 1387 1556 motu
1402 1512 1591 1569 proprio,
1627 1514 1727 1556 &ex
1739 1521 1851 1556 certa
1876 1511 2040 1554 scientia
2057 1540 2070 1562 ,
2100 1525 2146 1554 ac
2169 1510 2261 1553 de.»

1269 1571 1506 1627 Apostolicae
1521 1571 1728 1628 potcstatis
1744 1570 1994 1626 plenitudine
2009 1584 2083 1625 pro
2101 1579 2262 1622 tempo-

1268 1645 1311 1674 re
1325 1629 1435 1673 faftis
1450 1629 1768 1686 comprehendi,
1783 1628 1850 1675 sed
1863 1638 2057 1685 tanquam
2074 1641 2149 1682 pro
2166 1625 2259 1667 fun-

1271 1689 1438 1731 datione
1452 1688 1547 1733 dicti
1563 1689 1794 1730 Monasterii
1811 1701 1880 1744 per
1890 1685 2098 1743 praesentes
2112 1685 2161 1727 ad
2178 1686 2262 1727 Re-

1273 1747 1432 1802 ligionis
1448 1776 1461 1799 ‚
1491 1746 1700 1804 divinique
1728 1746 1890 1796 cultris,
1922 1760 1966 1787 ac
1983 1746 2138 1799 piorum
2160 1756 2261 1795 ope-

1273 1819 1359 1844 rum
1389 1816 1655 1860 augmentum
1676 1804 1857 1845 concessa
1880 1826 1895 1849 ,
1926 1802 2079 1853 semper
2101 1802 2148 1839 ab
2175 1799 2258 1839 illis

1268 1870 1465 1909 excepta,
1496 1862 1562 1906 &,
1595 1860 1753 1911 quoties
1780 1859 1858 1897 illae
1880 1859 2117 1896 emanabant
2141 1882 2156 1905 ‚
2195 1864 2260 1895 to-

1271 1914 1347 1954 ties
1360 1914 1400 1954 in
1417 1913 1620 1967 pristinum
1636 1939 1651 1962 ,
1680 1914 1720 1954 δι
1734 1927 1826 1955 eum
1838 1939 1853 1964 ,
1876 1912 1915 1954 in
1928 1926 2011 1967 quo
2025 1922 2141 1955 antea
2158 1925 2260 1967 quo-

1268 1970 1493 2008 modolibet
1510 1981 1654 2016 erant,
1687 1972 1828 2010 statum
1856 1969 2039 2010 restituta
2062 1997 2078 2019 ,
2112 1969 2260 2022 repon-

1267 2029 1306 2059 ta
1321 2047 1334 2068 ,
1352 2022 1390 2060 δι
1404 2021 1584 2074 plenari'e
1599 2022 1924 2075 reintegrata,ac
1939 2022 1992 2062 de
2009 2035 2116 2063 novo
2131 2025 2255 2066 etiam

1263 2074 1332 2119 sub
1358 2077 1581 2131 posteriore
1599 2076 1707 2119 Data
1726 2104 1741 2127 ,
1761 2092 1831 2134 per
1845 2075 2090 2120 Abbatiffam
2114 2080 2154 2121 &
2167 2081 2256 2123 Mo-

1262 2133 1389 2177 niales
1433 2150 1506 2191 pro
1549 2145 1734 2190 tempore
1778 2135 1988 2179 existentes
2022 2137 2252 2192 praedic'tas,

1261 2193 1583 2250 quandocunque
1599 2194 1801 2249 eligenda,
1818 2193 2000 2237 concessa
2016 2196 2091 2237 esse
2106 2224 2120 2247 ‚
2136 2198 2176 2237 &
2189 2194 2255 2249 soff

1261 2267 1305 2295 re
1321 2280 1334 2303 ,
1366 2251 1551 2307 suumque
1561 2253 1784 2308 plenarium
1800 2252 1983 2296 effestum
1996 2252 2251 2296 sortiri-Sic-

1260 2325 1338 2366 que
1376 2324 1449 2365 per
1479 2311 1750 2367 quoscumque
1769 2312 1958 2365 Judices,
1990 2313 2112 2354 etiam
2142 2315 2251 2354 Cau-

1258 2369 1387 2410 sarum
1401 2368 1544 2409 Palatii
1562 2370 1778 2423 Apostolici
1795 2369 2015 2412 Auditores
2032 2398 2047 2420 ,
2078 2383 2123 2411 ac
2155 2372 2250 2411 San-

1256 2430 1323 2470 &ae
1334 2429 1525 2469 Romanae
1540 2426 1721 2470 Ecclesiae
1732 2427 1990 2476 (tardiones,
2006 2422 2161 2470 sublatfi
2176 2427 2247 2475 eis,

1255 2487 1295 2527 δι
1313 2498 1453 2527 eorum
1476 2484 1671 2532 cuilibet,
1700 2486 1841 2541 quavis
1861 2484 1981 2526 aliter
2002 2483 2209 2538 judicandi
2232 2510 2247 2534 ,

1252 2545 1291 2585 &
1321 2542 1612 2596 interpretandi
1637 2542 1827 2583 facultate
1847 2571 1862 2593 ‚
1892 2556 1937 2582 ac
1966 2542 2202 2583 auctoritate
2227 2566 2244 2589 ³

1253 2602 1402 2657 ubique
1430 2599 1627 2654 judicari,
1659 2602 1698 2642 δι
1719 2600 1880 2643 diffiniri
1908 2598 2085 2650 debere3
2119 2613 2165 2640 ac
2188 2600 2245 2640 ir-

1255 2660 1404 2709 ritum,
1434 2659 1629 2709 &inane,
1659 2658 1854 2714 quidquid
1881 2657 1998 2711 super
2021 2659 2079 2699 his
2101 2656 2123 2698 a
2140 2670 2245 2712 quo·

1252 2730 1444 2770 cumque,
1457 2717 1596 2772 quavis
1611 2718 1847 2760 auetoritate
1861 2715 2036 2758 scienter
2051 2714 2112 2757 vel
2127 2716 2243 2769 igno-

1254 2784 1390 2817 ranter
1403 2775 1618 2829 contigerit
1634 2776 1817 2819 attentari
1840 2803 1851 2815 .
1886 2777 1978 2816 Non
1996 2772 2239 2815 obstantibus

1253 2832 1462 2877 voluntate
1488 2834 1596 2876 dinae
1621 2834 1834 2877 Ludovicae
1858 2831 2047 2885 Reginae,
2077 2831 2117 2870 δι
2140 2827 2230 2869 aliis

1252 2890 1445 2948 praemissis
1462 2915 1476 2938 2
1507 2905 1552 2931 ac
1573 2891 1810 2944 Apostolicis
1827 2915 1841 2936 ,
1871 2899 1993 2942 atque
2013 2888 2051 2927 in
2069 2888 2238 2928 Provin-

1252 2949 1440 3000 cialibus,
1467 2944 1992 3002 &SynodalibusConciliis
2005 2943 2127 2985 editis
2149 2942 2235 2998 spe·

1251 3008 1418 3051 cialibus
1439 3036 1453 3056 ,
1486 3005 1551 3048 vel
1579 3003 1828 3061 generalibus
1853 3001 2234 3051 constitutionibus,

1253 3066 1317 3108 vel
1345 3063 1663 3108 ordinationibus
1688 3091 1702 3113 ,
1725 3075 1771 3103 ac
1795 3059 2127 3102 Monasteriorum
2149 3087 2164 3110 ,
2192 3061 2233 3100 &

1250 3122 1452 3170 Ordinum
1484 3121 1759 3176 praedictorum
1787 3147 1802 3171 ,
1830 3117 1950 3162 etiam
1976 3116 2230 3173 juramento,

1249 3179 1548 3225 confirmatione
1567 3177 1823 3234 Apostolica,
1855 3176 1918 3218 vel
1943 3176 2082 3231 quavis
2112 3174 2230 3216 firmi.

1248 3250 1334 3283 tate
1356 3239 1429 3282 alia
1453 3237 1648 3280 roboratis
1674 3235 1851 3287 statutis,
1880 3232 2229 3277 &consuetudini-

1244 3300 1345 3353 bus3
1379 3295 1593 3353 privilegiis
1618 3307 1777 3351 quoque
1796 3293 1964 3336 indultis
1980 3321 1994 3344 ,
2023 3289 2223 3334 &litteris

1245 3354 1481 3413 Apostolicis
1506 3381 1521 3403 ,
1562 3367 1781 3408 eorumque
1811 3350 2094 3407 Superioribus
2127 3377 2142 3400 ,
2184 3350 2222 3389 &

1243 3414 1418 3472 personis
1434 3411 1502 3455 sub
1517 3411 1828 3468 quibuscumque
1842 3409 2070 3459 tenoribus,
2084 3409 2123 3449 &
2139 3403 2222 3446 for·

1243 3475 1331 3525 mis,
1347 3476 1384 3515 &
1398 3486 1488 3513 cum
1502 3470 1697 3526 quibusvis
1711 3498 1724 3521 ,
1746 3470 1865 3513 etiam
1879 3465 2219 3522 derogatoriarum

1239 3532 1499 3588 derogatoriis
1515 3559 1529 3582 ,
1560 3529 1720 3586 aliisque
1742 3527 2029 3571 efficacioribus
2043 3549 2058 3571 ,
2085 3519 2220 3586 effica-

1238 3590 1417 3639 ciffimis,
1446 3590 1486 3630 &
1509 3587 1677 3631 insolitis
1695 3585 1876 3629 clausulis
1894 3611 1909 3633 ,
1938 3591 2103 3644 necnon
2123 3591 2218 3620 irrr-

1237 3650 1412 3693 tantibus
1422 3677 1437 3699 ‚
1455 3647 1588 3690 &aliis
1600 3646 1772 3690 decretis
1790 3645 1827 3686 in
1841 3654 1983 3705 genere
1997 3636 2061 3681 vel
2076 3650 2114 3679 m
2129 3635 2215 3691 spe·

1236 3710 1323 3760 cie,
1352 3708 1469 3749 etiam
1482 3715 1593 3747 motu
1609 3704 1797 3760 proprio,
1829 3700 1988 3743 scicntia
2006 3725 2020 3748 2
2049 3696 2210 3750 &pote-

1235 3767 1340 3809 statis
1365 3763 1642 3819 plenitudine,
1672 3761 1883 3808 fimilibus,
1911 3769 1957 3798 ac
1984 3755 2079 3798 alias
2108 3767 2209 3809 quo-

1234 3824 1460 3868 modolibet
1471 3848 1486 3872 2
1515 3822 1636 3865 etiam
1651 3818 1800 3863 iteratis
1818 3816 1991 3871 vicibus,
2003 3811 2208 3861 concessis,

2077 3884 2147 3925 ap-
