2612 4100
937 228 1401 349 Parist'en
1454 263 1582 321 ts.

225 391 327 433 parte
341 384 588 423 confluentibus
601 380 767 430 repletum
779 384 825 419 est
834 407 845 418 .
871 383 1027 431 Eousque
1041 387 1139 422 etiam
1156 387 1280 422 fervor
1289 409 1300 425 ,
1322 387 1356 422 Β(
1368 386 1471 431 pietas
1486 386 1702 435 quarumdam
1715 385 1873 432 proeess'it
1887 408 1898 426 ,
1912 392 1948 420 ut
1963 384 2077 432 rigore
2090 390 2251 427 reforma.

224 434 331 471 tionis
342 447 408 471 non
427 444 606 476 contentae,
625 433 660 469 S.
674 432 848 468 Benediffl
866 432 1017 478 regulam
1031 433 1062 468 in
1081 434 1137 470 sua
1160 433 1268 468 littera
1283 444 1400 477 puram
1417 460 1428 475 ,
1451 438 1486 472 δι
1500 438 1622 473 merito
1638 435 1832 476 austeritatis
1853 444 1954 471 novae
1978 434 2135 472 duntaxat
2149 439 2251 475 adau-

226 483 314 519 &am
324 483 507 519 observare
522 483 554 518 se
571 481 659 518 velle
674 479 905 517 declararent:
930 481 1026 516 caute
1041 489 1148 516 tamen
1165 505 1176 522 ,
1189 482 1225 517 ὅτ
1239 482 1370 517 nonnisi
1385 496 1460 520 cum
1473 484 1616 521 confilio
1630 483 1777 531 Episcopi
1789 482 2003 519 Luconiensi's
2013 506 2023 521 ‚
2037 494 2139 528 quem
2151 486 2250 521 actio.

225 542 308 569 num
329 532 456 569 suarum
476 531 592 576 polum
604 532 668 571 iam
686 527 825 569 fixerat,
851 529 1073 564 incedendum
1098 530 1163 564 effe
1182 529 1348 574 Josephus
1368 533 1516 568 censuit.
1543 534 1696 580 Cumque
1720 533 1867 568 eundem
1888 531 2059 567 fervorem
2080 532 2115 567 in
2141 533 2251 567 omni·

225 580 288 617 bus
302 591 370 617 non
388 581 507 623 vigere
530 577 701 616 nosceret,
726 577 840 612 medio
867 576 1080 623 separationis
1102 576 1280 622 proposito
1295 579 1474 616 consulere
1487 580 1620 618 statuit=
1645 581 1832 627 Eapropter
1850 578 2059 625 prolieentia
2080 578 2252 615 Monaste-

218 628 316 667 >rium
326 652 338 669 ,
363 629 395 664 in
408 640 480 675 quo
490 627 632 664 zelantes
642 624 735 661 Filiae
743 637 820 661 cum
831 626 976 662 Antonia
992 626 1048 661 sub
1061 626 1216 663 arctioris
1229 626 1307 662 vitae
1319 627 1485 671 disciplina
1499 630 1659 666 viverent
1673 654 1683 670 ,
1700 631 1731 665 in
1747 630 1802 666 sua
1819 629 1964 665 Dioecefi
1977 626 2123 664 Antistiti
2141 627 2251 663 Pieta-

221 677 325 712 vienn
337 675 558 722 supplicavit,
584 674 641 722 qui
654 674 690 710 &
703 675 742 708 ea
755 672 1015 714 benevolentia,
1040 687 1106 722 qua
1121 674 1162 710 ad
1188 684 1304 718 preces
1326 676 1476 714 eiusdem
1496 677 1632 722 Josephi
1648 678 1930 715 constructionem
1947 675 2151 713 Conventus
2172 675 2251 711 Fra.

221 732 310 763 trum
327 728 393 769 iam
406 726 630 762 concesserat,
660 722 749 756 suum
766 721 909 766 praebuit
923 723 1121 759 consensum
1133 745 1143 757 .
1171 723 1252 759 Non
1267 723 1404 758 deerant
1420 731 1528 759 tamen
1542 748 1554 765 ,
1578 736 1652 770 quae
1679 727 1917 763 executionem
1933 726 2102 764 tardabant
2117 748 2129 765 ,
2143 724 2254 760 obsta.
2307 749 2310 751 ,

220 772 318 816 cula,
344 785 413 810 non
428 774 563 821 quidem
583 783 626 807 ex
643 779 737 815 parte
749 770 825 806 titus
836 795 847 811 ,
872 782 946 807 cum
960 771 1172 818 Magistratus
1185 772 1272 807 hunc
1286 771 1318 808 in
1334 771 1437 807 Colle
1457 770 1600 808 libenter
1609 775 1820 819 affignaverit
1831 797 1842 815 ,
1864 783 1932 810 tum
1946 773 2124 810 intentioni
2138 775 2252 808 Anto·

222 821 288 859 niae
302 847 312 864 ,
345 831 418 858 tum
446 820 572 859 nomini
601 819 733 856 instituti
758 844 769 860 ,
794 820 888 865 quod
914 820 933 854 a
952 817 1115 856 Calvario
1139 819 1263 856 habere
1288 819 1456 861 debebat,
1475 820 1725 858 accomodatum
1739 845 1750 855 .
1775 823 1921 867 Opus&
1943 822 2037 859 labor
2049 822 2113 857 fuit
2126 831 2250 857 novam

220 871 350 907 Bullam
362 895 372 911 ‚
398 871 431 907 vi
446 871 500 910 eui
505 879 541 904 us
559 868 706 904 Antonia
717 867 883 903 Ordinem
896 869 933 905 &
946 867 1107 904 Habitum
1120 868 1437 905 Fontebraldensem
1456 870 1631 912 deponere
1644 870 1748 913 posset
1765 893 1776 909 ,
1799 871 1975 908 evincendi
1990 896 2002 913 ,
2027 882 2104 907 cum
2117 868 2252 905 duratio

220 920 304 956 novi
319 918 462 955 Ordinis
477 917 620 962 supponi
633 927 700 952 non
714 916 876 959 potuerit,
895 917 919 952 fi
932 917 1193 961 independentia
1207 918 1225 952 'a
1238 916 1447 952 Monasterio
1456 915 1737 952 Fontebraldense
1748 927 1816 952 non
1831 921 2038 962 praecederet
2050 943 2061 953 .
2075 916 2248 955 Tranfitus

218 967 357 1016 quidem
370 967 534 1002 licentiam
548 976 616 1010 pro
632 963 780 1000 Antonia
789 963 956 1010 Josephus
969 965 1009 1001 ab
1025 966 1188 1001 Abbatiffa
1196 966 1263 1007 jam
1275 965 1488 1007 obtinuerat,
1511 965 1566 1000 ubi
1576 973 1688 1000 autem
1700 965 1742 1000 de
1754 965 1871 1000 Domo
1887 968 1905 1001 ὲ
1917 967 2142 1007 iurisdictione
2157 967 2252 1002 Fon·

219 1013 426 1052 tebraldenst
440 1013 580 1048 secanda
597 1011 777 1057 agebatur,
803 1019 872 1050 tam
897 1012 990 1050 facile
1017 1014 1059 1048 de
1073 1023 1197 1050 annutu
1220 1012 1367 1059 praesumi
1386 1025 1454 1049 non
1470 1014 1608 1059 potuit.
1633 1013 1742 1049 Vivax
1752 1013 1888 1059 Josephi
1905 1015 2035 1060 spiritus
2047 1039 2060 1056 ‚
2087 1016 2169 1052 ficut
2184 1013 2251 1053 oboss

218 1062 334 1101 nacula
359 1062 535 1107 praevidit,
561 1061 604 1096 ita
619 1059 670 1096 illa
685 1072 754 1095 non
771 1060 907 1099 horruit
922 1076 933 1105 ς
955 1063 1032 1099 hinc
1045 1062 1104 1098 sub
1129 1063 1184 1108 spe
1204 1064 1240 1100 δί
1254 1062 1378 1098 Bullam
1396 1063 1433 1099 δε
1450 1062 1645 1098 consensum
1659 1062 1857 1103 obtinendi,
1877 1064 1943 1103 iam
1966 1075 2052 1099 anno
2068 1067 2172 1111 ¹⁶14·
2186 1062 2254 1108 pri·

216 1123 302 1148 mam
316 1109 513 1147 Monasterii
525 1118 653 1156 petram
666 1108 778 1153 posuit
790 1132 802 1145 .
818 1111 905 1147 Pace
919 1111 1053 1147 interim
1070 1112 1216 1156 tempori
1228 1122 1292 1156 per
1305 1108 1390 1146 bella
1405 1110 1515 1146 civilia
1526 1111 1663 1147 turbato
1678 1121 1746 1146 non
1763 1110 1833 1146 fine
1845 1111 2007 1156 operario
2019 1112 2034 1147 J
2040 1111 2152 1156 osephi
2167 1122 2252 1147 con-

216 1159 312 1197 cursu
327 1171 415 1196 anno
432 1162 534 1203 1615.
550 1157 696 1195 restituta
709 1181 719 1198 ,
745 1157 935 1196 Romanum
948 1160 1011 1196 iter
1026 1162 1130 1195 1616.
1144 1160 1320 1205 aggressus
1334 1184 1344 1200 ,
1370 1159 1557 1197 &feliciter
1570 1157 1710 1196 absolvit
1723 1183 1734 1199 ,
1751 1158 1806 1196 ubi
1823 1161 1858 1196 δι
1872 1160 2012 1196 Summo
2026 1159 2185 1195 Pontifici
2199 1156 2254 1194 lit-

217 1217 306 1245 teras
321 1207 481 1253 Principis
491 1205 677 1244 Condenfis
699 1208 854 1252 porrexit
865 1233 876 1250 ,
898 1209 987 1245 initae
998 1208 1085 1253 pacis
1104 1207 1267 1245 articulos·
1276 1208 1432 1253 exposuit
1446 1232 1456 1249 ,
1482 1208 1589 1245 &tria
1602 1207 1664 1245 alia
1679 1208 1800 1252 puncta
1818 1233 1830 1249 ,
1844 1219 1921 1255 quoe
1937 1208 2083 1244 animum
2100 1208 2174 1248 eius
2186 1208 2253 1247 iam

216 1257 463 1294 diuobruebant
475 1281 487 1297 ‚
510 1254 772 1294 commendavit:
797 1256 916 1293 Primo
930 1282 941 1297 ‚
958 1266 993 1293 ut
1017 1268 1081 1302 pro
1095 1257 1302 1303 extipatione
1326 1257 1496 1294 haereseos
1521 1259 1552 1294 in
1567 1256 1705 1294 Francia
1718 1255 1894 1293 stabiliatur
1908 1255 2044 1292 Missios
2071 1254 2255 1297 Secundo,

215 1313 254 1341 ut
267 1317 329 1351 pro
338 1305 562 1342 converfione
578 1303 729 1341 Orientis
747 1304 898 1352 erigatur
911 1305 1176 1351 interPrincipes
1186 1306 1394 1343 Christianos
1408 1308 1581 1342 cruciata:
1595 1304 1728 1346 Tertio,
1746 1313 1782 1340 ut
1797 1306 1900 1342 Ordo
1914 1303 2074 1344 calvarii,
2086 1303 2141 1338 seu
2155 1301 2255 1338 Filia·

214 1365 292 1391 rum
308 1351 748 1399 CrucifixionisApostolica
760 1354 1019 1391 confirmatione
1036 1357 1200 1391 muniatur
1216 1379 1226 1390 .
1255 1355 1310 1391 Ad
1323 1366 1397 1401 quae
1414 1354 1574 1391 sanctitas
1591 1354 1657 1390 Sua
1681 1354 1828 1399 gratiose
1839 1352 2027 1394 consensit,
2046 1351 2158 1397 primo
2175 1361 2256 1395 per-

217 1402 384 1438 mittendo
399 1427 409 1444 ,
437 1410 472 1437 ut
485 1401 628 1439 Miffioa
646 1402 817 1437 Fratribus
830 1401 972 1440 Piaavii
997 1402 1244 1444 institueretur,
1262 1405 1298 1440 &
1311 1404 1342 1438 hi
1361 1403 1478 1448 amplis
1494 1402 1689 1450 privilegiis
1703 1402 1911 1448 gauderent=
1937 1400 2091 1437 Secundo
2105 1424 2116 1440 ,
2144 1407 2180 1433 ut
2199 1397 2252 1433 lit-

209 1458 300 1488 >terae
313 1450 498 1488 Pontificiae
512 1450 759 1496 expedirentur
771 1473 783 1491 ,
807 1452 1046 1498 &Imperator
1062 1478 1074 1494 ,
1098 1453 1212 1499 Reges
1224 1452 1341 1489 Galliae
1353 1477 1363 1493 ‚
1383 1452 1549 1497 Hispaniae
1561 1478 1573 1495 ,
1594 1453 1630 1489 δι
1643 1451 1799 1488 Poloniae
1815 1472 1829 1491 ‚
1845 1461 1979 1486 necnon
1996 1448 2170 1494 Principes
2182 1447 2253 1483 Ca-

216 1499 336 1536 tholici
368 1500 410 1536 ad
429 1511 600 1538 armorum
627 1498 788 1535 unionem
827 1500 1076 1537 animarentur:
1113 1501 1229 1538 Tertio
1251 1526 1263 1543 ,
1303 1501 1497 1546 adpromiiit
1519 1500 1652 1539 Bullam
1675 1523 1688 1541 2
1713 1512 1780 1548 qua
1806 1499 1965 1537 Antoniae
1999 1497 2167 1533 Ordinem
2192 1495 2249 1531 Pi-

211 1548 313 1585 &avii
323 1547 491 1595 inceptum
505 1547 720 1593 ingrediendi
732 1570 745 1588 ,
770 1547 991 1596 Habitumque
1006 1548 1327 1587 Fontebraldensem
1352 1551 1524 1592 mutandi,
1548 1562 1611 1587 nec
1624 1561 1692 1586 non
1713 1549 1774 1585 alia
1796 1548 1946 1589 ejusdem
1962 1546 2105 1585 Ordinis
2126 1545 2252 1580 Mona-

214 1596 310 1633 steria
326 1596 504 1643 Anger-iaci
514 1621 525 1637 ,
550 1593 675 1632 Lavalli
690 1598 754 1633 &c-
769 1597 983 1635 construendi
996 1601 1245 1637 concederetur
1268 1597 1403 1635 facultas
1417 1623 1428 1634 .
1456 1599 1589 1635 Durum
1598 1598 1736 1647 quidem
1745 1597 1895 1641 Josepho
1909 1596 2082 1632 videbatur
2095 1594 2252 1634 Romam,

213 1655 313 1690 quam
324 1646 389 1682 suae
401 1645 620 1682 commissioni
632 1645 832 1690 &precibus
845 1655 911 1683 tam
931 1648 1114 1692 propitiam
1131 1648 1258 1693 reperit
1274 1672 1284 1689 ,
1308 1647 1459 1694 linquere
1471 1670 1484 1689 ‚
1508 1648 1614 1685 calcar
1630 1657 1737 1684 tamen
1756 1644 1912 1682 discessus
1924 1644 2044 1686 adjecit
2058 1641 2124 1689 ipsa
2136 1666 2147 1683 ,
2175 1652 2252 1688 quae

215 1704 294 1729 eum
311 1696 424 1739 preffit
439 1718 451 1735 ,
463 1695 703 1731 concessorum
717 1695 877 1731 executio
891 1720 901 1730 .
917 1695 1085 1733 valedixit
1103 1697 1181 1732 inde
1197 1696 1323 1732 Amicis
1341 1707 1396 1733 ιο.
1410 1695 1525 1733 Martii
1549 1701 1655 1744 1617.
1667 1698 1702 1734 &
1723 1704 1902 1741 antequam
1917 1693 2071 1736 attigerat
2084 1688 2253 1745 Galliam,

214 1751 370 1787 poemate
382 1741 503 1780 Latino
521 1767 532 1784 ,
557 1742 655 1789 quod
671 1744 863 1780 rurciadem
884 1745 1067 1790 appellavit
1077 1771 1088 1788 ‚
1111 1746 1285 1791 Principes
1299 1744 1510 1782 Christianos
1523 1747 1564 1781 ad
1579 1758 1671 1782 arma
1682 1743 1838 1782 invitavit
1853 1768 1865 1785 ,
1883 1742 1990 1778 media
2005 1740 2078 1778 citae
2092 1741 2128 1777 δι
2143 1737 2250 1774 ῐεΙῐοιδ

203 1791 631 1873 ’.ἵζ’,ἶῗὶὶῗῗέἱῑέῗὲεὲἱῗῦ
645 1785 2251 1882 masmim?&54:2532¹23¹ff122³5st25¹13i2²222135322231-5222?fsffisssszss‘iif

206 1870 210 1874 .
996 1862 1008 1878 5
1162 1853 1169 1861 '
1825 1861 1838 1877 2
2151 1856 2163 1873 2
2234 1851 2253 1861 ‘

215 1885 340 1922 toniam
352 1895 428 1919 cum
444 1894 502 1929 24·
517 1881 720 1924 MonialibUS
730 1882 869 1924 eduxit,
894 1886 930 1922 &
944 1885 977 1921 in
990 1895 1088 1921 novo
1099 1884 1460 1922 PictaviiMonasterio
1474 1885 1655 1924 collocavit
1669 1908 1682 1926 ,
1702 1884 1828 1920 fabric&¹
1849 1883 1926 1920 licet
1940 1882 1983 1918 ad
1998 1880 2246 1927 perfectionem

212 1941 281 1969 non
300 1931 504 2021 ἀδῗξίὶὲἰε
518 1986 621 2020 captae
634 1977 838 2020 poffeffionis
862 1978 894 2012 in
920 1980 1195 2014 Fontebraldenss
1217 1979 1386 2020 personuit
1407 1980 1618 2014 Monasterio
1633 2005 1645 2020 ‚
1670 1981 1773 2016 faetus
1800 1980 1846 2013 est
1863 1988 1974 2014 motus
1995 1978 2032 2015 81
2049 1976 2249 2023 protestatio

202 2033 326 2061 <contra
339 2033 461 2058 novam
471 2023 624 2057 Domum
639 2045 651 2061 ‚
675 2029 795 2064 utpote
808 2024 1049 2057 authoritatem
1063 2023 1241 2057 Abbatiffae
1257 2023 1454 2061 laedentem,
1474 2024 1510 2058 ὅ(
1521 2025 1596 2062 eius
1610 2027 1687 2065 iura
1699 2026 1925 2059 coarctantem
1937 2046 1951 2055 ·
1973 2024 2100 2067 Eoipso
2114 2049 2126 2065 ‚
2151 2026 2247 2070 quod

201 2073 300 2109 caula
312 2070 409 2107 suerit
421 2069 523 2106 traeta
538 2069 578 2103 ad
595 2068 723 2103 Forum
734 2091 746 2107 ,
762 2069 799 2104 &
812 2069 853 2106 ab
868 2069 940 2113 ipso
951 2070 1049 2115 Rege
1063 2093 1074 2110 ,
1089 2067 1225 2106 Carolo
1241 2070 1284 2103 de
1299 2068 1445 2105 Sourdis
1456 2093 1468 2110 ‚
1487 2071 1752 2117 Archiepiscopo
1766 2069 1994 2117 Burdigalenfi
2006 2073 2133 2108 remiffa
2144 2097 2155 2112 ,
2177 2073 2250 2108 exi-⁸

206 2129 261 2158 tus
275 2123 347 2162 eius
362 2128 426 2154 tam
442 2117 510 2154 cito
523 2115 645 2162 sperari
672 2126 741 2151 non
755 2116 886 2161 potuit.
912 2118 1000 2154 Hinc
1022 2117 1229 2154 institutione
1248 2116 1416 2153 Miffionis
1438 2118 1658 2162 supradietae,
1682 2121 1777 2161 cujus
1798 2118 1981 2156 Praefeetus
1992 2119 2154 2163 Josephus
2177 2130 2249 2157 erat

199 2167 424 2207 constitutus,
451 2165 667 2206 imminente,
693 2163 872 2202 Turonum
897 2166 929 2202 se
942 2167 1085 2204 contulit
1100 2190 1111 2207 ‚
1132 2166 1187 2201 ubi
1203 2166 1395 2212 &inopino
1415 2166 1599 2212 periculum
1623 2169 1763 2210 morbi,
1787 2180 1859 2215 quo
1873 2169 2021 2205 Antonia
2033 2170 2249 2206 conflictaba-

199 2227 263 2254 tur
278 2241 290 2259 ,
309 2228 373 2262 per
385 2212 560 2252 cursorem
572 2212 722 2260 percepit
734 2237 746 2247 .
770 2213 948 2261 Suspendit
966 2215 1060 2253 illico
1075 2240 1086 2256 ,
1098 2227 1175 2262 quae
1189 2214 1233 2251 ibi
1246 2224 1352 2261 coepta
1363 2223 1459 2252 erant
1469 2241 1481 2257 ,
1502 2217 1657 2262 negotia,
1673 2219 1708 2254 δι
1726 2217 1924 2254 accellerato
1938 2218 2045 2264 gradu
2060 2217 2245 2254 Pidavium

198 2265 344 2313 ”repetiit
357 2289 369 2300 .
384 2263 504 2300 Vivam
516 2262 560 2300 ibi
572 2274 640 2300 non
653 2260 793 2307 amplius
807 2265 932 2310 reperit
943 2265 1126 2302 Antoniam
1138 2279 1150 2306 3
1162 2264 1292 2300 audivit
1300 2273 1414 2300 autem
1437 2263 1610 2310 ploratum
1622 2267 1659 2303 δι
1673 2264 1838 2301 ululatum
1851 2276 2006 2309 magnum
2018 2289 2029 2306 ‚
2043 2277 2113 2311 quo
2125 2266 2248 2302 novel.

203 2313 248 2354 lae
260 2314 352 2353 Filia:
365 2313 476 2350 Matre
489 2311 547 2349 sua
559 2311 593 2348 se
611 2310 764 2352 orbatas,
774 2313 974 2360 causamque
988 2313 1053 2350 suae
1063 2312 1270 2349 fundationis
1280 2316 1347 2358 iam
1362 2314 1531 2358 perditam
1543 2316 1841 2361 conquerebantur
1853 2337 1864 2348 .
1884 2314 2013 2359 Spiritu
2026 2316 2250 2357 magnanimo,

198 2364 326 2411 panico
338 2371 431 2399 metu
446 2361 595 2402 deiefias
609 2360 720 2396 erexit
734 2360 766 2396 in
781 2361 870 2406 spem
885 2386 896 2403 ,
918 2363 1150 2408 iafluramque
1164 2361 1285 2398 Matris
1296 2385 1309 2402 ,
1319 2361 1391 2398 aliis
1411 2361 1481 2398 caeli
1497 2361 1596 2397 donis
1609 2363 1885 2407 compensandam
1897 2364 1961 2399 effe
1976 2362 2131 2407 praedixit
2145 2376 2155 2397 ε
2168 2362 2244 2399 vul-

202 2423 269 2450 nus
281 2412 418 2459 quidem
439 2409 519 2448 novi
534 2409 682 2447 Calvarii
693 2409 838 2447 coloniae
850 2423 895 2447 ex
904 2421 1013 2450 morte
1027 2411 1228 2455 Principiffae
1236 2411 1395 2446 Antoniae
1404 2409 1531 2445 illatum
1544 2410 1713 2454 effe,justo
1733 2409 1876 2455 suspirio
1888 2410 1990 2446 fassus
2003 2409 2048 2445 est
2060 2435 2071 2451 ,
2098 2411 2132 2446 in
2151 2410 2245 2447 Divi-

203 2474 256 2498 πει
268 2459 495 2498 Providentiae
505 2459 664 2496 thesauro
684 2466 792 2494 tamen
805 2460 1015 2501 antidotum,
1036 2460 1130 2507 quod
1145 2459 1339 2494 mederetur
1350 2484 1361 2499 ,
1382 2459 1589 2494 reservatum
1599 2461 1664 2494 esse
1677 2483 1689 2499 ,
1710 2457 1879 2504 praesagiit
1893 2482 1904 2492 .
1929 2458 2141 2494 Leniverunt
2154 2471 2241 2498 non-

203 2510 285 2547 nihil
302 2508 461 2545 dolorem
476 2507 634 2543 Filiarum
650 2507 786 2552 Josephi
808 2508 932 2550 verba,
963 2509 1124 2545 libentius
1139 2515 1251 2542 autem
1273 2506 1390 2550 operis
1414 2505 1550 2552 sequela
1573 2506 1729 2542 timorem
1743 2506 1839 2543 suum
1861 2505 2023 2542 sublatum
2036 2507 2212 2550 cupiebant
2226 2531 2239 2544 .

199 2557 309 2594 Dedit
321 2558 386 2594 hoc
404 2557 437 2593 in
451 2567 538 2592 nova
551 2558 671 2592 Domo
685 2556 863 2602 Angariaci
875 2557 1050 2595 fundanda
1064 2570 1075 2599 ;
1099 2554 1318 2602 pullulantem
1331 2555 1440 2591 adhuc
1452 2555 1541 2590 hunc
1555 2565 1682 2591 ramum
1697 2563 1733 2590 ut
1748 2553 1926 2598 impediret
1937 2565 2027 2590 nova
2041 2554 2241 2591 Fontebral-

199 2606 309 2642 denfis
319 2605 502 2645 Abbatiffa‚
530 2605 610 2640 nihil
623 2606 823 2641 intentatum
846 2605 1017 2653 reliquit,
1044 2607 1079 2641 ὅ(
1091 2630 1102 2646 ,
1129 2612 1164 2638 ut
1178 2602 1211 2637 id
1227 2603 1625 2648 sequeretur-potentius,
1649 2603 1749 2649 ipsam
1772 2603 1960 2639 nascentem
1981 2601 2126 2638 Ordinis
2138 2604 2237 2639 arbo-

201 2667 274 2690 rem
287 2655 307 2690 ὲ
319 2655 429 2691 radice
440 2651 597 2689 evellere
617 2652 847 2695 moliebatur,
871 2663 942 2692 tum
956 2654 1145 2692 ordinando
1162 2675 1174 2692 ,
1196 2658 1233 2685 ut
1243 2651 1412 2687 defunctis
1428 2650 1633 2688 Monialibus
1652 2652 1722 2688 aliae
1737 2662 1810 2687 non
1825 2650 2110 2697 subrogarentur,
2135 2658 2239 2689 tum...

202 2703 429 2750 praecipiendo
443 2727 454 2744 ,
490 2711 527 2738 ut
546 2701 668 2747 puellae
681 2702 721 2737 ad
738 2701 975 2739 Monasterium
990 2714 1119 2738 novum
1134 2701 1229 2735 iturae
1245 2700 1262 2733 a
1276 2700 1328 2734 via
1340 2699 1514 2736 violenter
1526 2701 1776 2737 abducerentur
1788 2723 1798 2733 .

298 2750 483 2789 Informata
490 2750 624 2795 Regina
633 2752 674 2785 de
691 2747 853 2786 violentia
868 2775 879 2792 ,
904 2752 972 2797 qua
987 2761 1074 2794 opus
1084 2749 1148 2785 Dei
1165 2749 1200 2785 δι
1214 2745 1362 2784 Ecclefiae
1373 2748 1592 2791 impetebatur
1603 2774 1615 2790 ,
1638 2750 1816 2786 Abbatissae
1827 2760 1890 2794 per
1903 2747 2025 2784 litteras
2041 2746 2108 2783 litis
2122 2747 2157 2783 δι
2169 2758 2236 2793 op-

197 2799 376 2844 positionis
398 2799 499 2835 finem
519 2798 613 2834 suasit
625 2821 636 2831 .
662 2797 794 2833 Vidam
820 2799 891 2835 haec
912 2799 1006 2834 dedit
1022 2809 1153 2834 manum
1173 2795 1273 2839 regio
1289 2796 1438 2836 monito,
1465 2798 1501 2833 &
1519 2797 1714 2834 consensum
1732 2798 1827 2834 suum
1850 2797 1966 2842 scripta
1980 2796 2046 2832 fide
2065 2795 2234 2831 firmavit.

198 2849 335 2884 Sortem
354 2847 459 2887 huius
481 2844 625 2882 eventus
640 2844 842 2891 sequebatur
861 2847 899 2882 &
923 2845 1014 2882 illico
1034 2859 1124 2882 nova
1139 2845 1283 2882 Ordinis
1301 2843 1435 2889 gloria;
1460 2845 1526 2890 ipsa
1548 2846 1638 2881 enim
1653 2846 1782 2892 Regina
1797 2871 1808 2887 ,
1833 2857 1932 2892 quam
1956 2853 2037 2879 tunc
2049 2843 2233 2888 Angariaci

197 2895 346 2933 cunoni
358 2893 514 2940 contigit,
528 2905 599 2928 non
615 2892 721 2930 solum
731 2893 866 2930 titulum
879 2895 905 2930 F
908 2895 1085 2931 undatricis
1100 2897 1131 2930 in
1146 2895 1178 2930 se
1192 2893 1325 2938 sescepit
1335 2917 1345 2933 ,
1369 2894 1423 2928 sed
1439 2895 1474 2930 &
1488 2894 1638 2928 Crucem
1652 2894 1683 2929 in
1698 2895 1776 2930 loco
1787 2893 1918 2929 fabricae
1935 2890 2116 2935 plantavit.
2133 2891 2233 2927 Affe-

198 2945 291 2980 cium
303 2945 440 2987 Regina:
451 2954 545 2980 novo
562 2941 685 2978 Ordini
698 2950 764 2976 tam
776 2944 987 2988 propensum
998 2944 1159 2989 Josephus
1172 2943 1252 2978 dum
1269 2941 1355 2976 vidit
1369 2966 1380 2982 ‚
1398 2952 1462 2985 pro
1471 2939 1534 2976 alia
1543 2941 1577 2980 ei
1582 2952 1619 2975 us
1631 2942 1747 2977 Domo
1759 2942 1791 2977 in
1805 2941 1950 2975 Civitate
1965 2938 2135 2975 Parifienii
2146 2951 2231 2975 con-

197 2994 351 3029 struenda
371 2992 526 3039 rogavit:
552 3002 596 3027 eo
607 2990 661 3025 die
675 2991 712 3026 ὃ(
729 2992 923 3036 propositio
937 2993 993 3027 suit
1014 3000 1180 3037 acceptata
1194 3016 1205 3032 ‚
1217 2990 1378 3026 executio
1399 2987 1578 3034 subscripta
1589 3013 1599 3029 ,
1626 2990 1662 3025 &
1674 2989 1835 3025 Palatium
1849 2987 2147 3033 Luxemburgense
2164 2998 2230 3031 pro

198 3042 263 3077 fitu
277 3041 436 3078 selectum
447 3065 458 3075 .
481 3038 616 3076 Solutas
638 3039 680 3075 ita
696 3036 727 3074 se
741 3040 759 3074 a
776 3039 963 3078 Dominatu
979 3038 1253 3076 Fontebraldenfi
1268 3039 1360 3075 Filiae
1371 3037 1517 3073 Calvarii
1538 3037 1688 3073 videntes
1701 3036 1896 3072 exultaturi:
1913 3037 1947 3072 in
1961 3034 2076 3080 spiritu
2088 3060 2099 3076 ,
2115 3037 2150 3072 &
2163 3047 2226 3071 au-

200 3090 351 3127 sterioris
366 3087 509 3135 Regulae
534 3088 779 3124 observantiam
792 3089 951 3127 ‚solemni
972 3098 1056 3125 voto
1068 3089 1155 3125 inter
1169 3099 1288 3124 manus
1305 3089 1356 3124 Fr-
1365 3085 1496 3131 Josephi
1507 3085 1640 3126 emiffo,
1658 3085 1740 3121 Deo
1752 3084 2031 3130 spoponderunt.
2050 3083 2224 3123 Gaudium

202 3138 387 3184 complevit
398 3136 496 3174 Bulla
509 3135 673 3180 Gregorii
687 3135 760 3170 XV.
774 3148 818 3172 eo
833 3138 904 3182 ipso
919 3146 1075 3183 tempore
1093 3146 1223 3182 accepta
1234 3130 1253 3177 ,'
1270 3138 1305 3173 δι
1319 3136 1376 3172 sub
1391 3145 1446 3170 21.
1460 3133 1571 3170 Martii
1590 3137 1693 3170 1622.
1705 3143 1854 3170 emanata
1866 3158 1879 3175 ,
1903 3145 1968 3180 qua
1982 3132 2224 3171 Monasteria„

200 3187 410 3228 parisiense,
436 3185 709 3232 Angariacense‚
731 3184 938 3222 pictaviense
960 3211 970 3227 ‚
992 3188 1029 3223 &
1052 3186 1112 3222 alia
1125 3196 1269 3232 quaeque
1291 3183 1458 3220 fundanda
1478 3182 1510 3217 in
1538 3181 1851 3228 congregationem
1875 3180 1963 3216 Ord.
1978 3181 2013 3216 S.
2031 3180 2224 3223 Benedicti,

202 3236 262 3272 sub
281 3234 382 3272 titulo
393 3236 432 3271 B.
446 3234 594 3280 Virginis
606 3234 649 3269 de
664 3232 826 3270 Calvario
838 3260 849 3276 ,
876 3237 912 3273 &
928 3236 987 3272 sub
1002 3234 1191 3272 direffione
1212 3234 1312 3281 trium
1326 3230 1547 3277 Superiorum
1562 3230 1593 3265 in
1622 3230 1837 3268 Ecclefiastica
1849 3230 2010 3277 dignitate
2034 3229 2226 3269 constituto-

198 3296 274 3322 rum
301 3285 521 3333 erigebantur
534 3305 547 3319 .
571 3282 728 3318 Necdum
744 3290 853 3319 tamen
891 3285 933 3321 ab
955 3295 1062 3329 opere
1085 3283 1249 3327 Josephus
1272 3281 1419 3328 quievit,
1446 3289 1518 3314 eam
1531 3301 1543 3319 ,
1570 3287 1735 3324 corruptae
1753 3288 1879 3316 naturae
1906 3278 2026 3315 nostrae
2052 3276 2224 3314 conditio.

199 3344 276 3369 nem
292 3334 361 3370 esse
381 3333 522 3369 noscens
537 3357 548 3374 ,
574 3340 611 3367 ut
634 3332 652 3367 a
669 3332 778 3376 primo
789 3331 931 3369 fervore
945 3331 1041 3369 facile
1053 3332 1225 3371 deflectam
1251 3331 1338 3371 hinc,
1349 3337 1384 3364 ut
1397 3328 1544 3373 spiritum
1557 3327 1698 3363 Ordinis
1720 3328 1869 3364 servaret
1893 3327 2052 3364 illibatum
2074 3350 2086 3366 ,
2113 3326 2222 3362 secun·

197 3380 280 3418 dum
291 3383 324 3418 in
333 3382 481 3418 Civitate
495 3379 667 3418 Parissenii
680 3379 921 3416 Monasterium
932 3404 944 3422 ,
967 3381 1001 3417 in
1013 3393 1086 3427 quo
1101 3380 1274 3416 Direarix
1285 3376 1458 3414 Generalis
1472 3387 1550 3412 cum
1567 3375 1770 3413 Monialibus
1785 3375 2009 3421 provectioris
2033 3375 2133 3412 aetatis
2146 3399 2157 3414 ‚
2182 3375 2218 3409 &

200 3439 266 3473 pro
278 3429 376 3467 illaeso
389 3429 508 3476 regule
521 3428 616 3466 cultu
627 3426 808 3464 zelantibus
822 3429 985 3467 relideret
999 3454 1012 3471 ,
1039 3429 1295 3464 construendum
1307 3426 1369 3462 eise
1381 3425 1522 3460 censuit=
1540 3433 1628 3461 voto
1637 3437 1778 3472 quoque
1793 3424 1881 3461 illico
1894 3425 2041 3460 successit
2052 3422 2193 3458 effeetus
2206 3445 2219 3462 ,

199 3474 279 3512 ntus
288 3477 320 3512 in
334 3477 439 3522 platea
451 3481 577 3515 Marais
590 3480 633 3514 du
651 3478 773 3524 temple
784 3478 928 3514 vocitata
942 3503 953 3519 ,
979 3490 1046 3516 aere
1058 3475 1350 3523 congregationis
1366 3473 1533 3509 communi
1546 3483 1679 3519 emptus
1693 3498 1704 3515 ,
1727 3475 1763 3510 &
1782 3473 1904 3509 fabrica
1917 3471 2070 3517 expensis
2083 3469 2189 3515 Regis
2202 3494 2216 3511 ,

198 3523 388 3563 cardinalis
401 3527 444 3562 de
454 3526 646 3567 Richelieu‚
673 3528 708 3562 &
722 3527 880 3563 Dominae
896 3527 940 3562 de
954 3526 1155 3566 Combalet,
1174 3526 1284 3570 postea
1305 3523 1445 3559 Ducissae
1464 3522 1496 3556 d’
1510 3521 1688 3564 Aiguillon
1707 3522 1854 3558 absoluta
1866 3545 1877 3555 .
1909 3520 2027 3556 Voluit
2042 3529 2215 3572 quoque,

196 3571 362 3616 Iosephus
374 3597 386 3613 ‚
411 3583 475 3615 ut,
498 3576 552 3611 ubi
566 3573 705 3612 alterum
717 3574 897 3612 Parifiense
905 3577 947 3613 ad
961 3577 1128 3612 honorem
1139 3575 1174 3610 &
1188 3573 1403 3611 imitationem
1424 3570 1566 3617 mysterii
1579 3571 1826 3616 Compaffionis
1840 3570 1879 3604 B.
1898 3568 2045 3613 Virginis
2058 3567 2122 3621 fuit
2136 3577 2217 3603 ere·

198 3621 288 3657 itum
301 3645 312 3661 ‚
337 3621 403 3656 hoc
412 3621 650 3659 crucifixionis
663 3623 799 3662 nomine
813 3624 854 3660 ab
868 3623 929 3661 illo
941 3624 1198 3660 discerneretur
1210 3634 1221 3664 ;
1251 3620 1327 3656 hinc
1342 3621 1375 3656 δι
1390 3621 1431 3655 ibi
1445 3620 1504 3653 <liu
1518 3619 1692 3665 noc‘iuque
1705 3620 1745 3655 ad
1763 3619 1866 3664 pedes
1877 3616 1995 3652 Crucis
2008 3623 2121 3651 oratio
2133 3625 2216 3663 com

197 3668 350 3706 tinuatur
364 3693 376 3710 2
398 3677 436 3704 ut
446 3669 580 3708 offensae
590 3697 602 3714 ‚
624 3673 868 3719 quibusArbor
881 3673 957 3710 vitae
969 3674 986 3708 a
999 3672 1227 3718 peccatoribus
1243 3669 1417 3711 injuriatur
1429 3693 1440 3708 ‚
1464 3668 1523 3703 hac
1535 3668 1640 3712 specie
1653 3668 1843 3703 devotionis
1856 3672 2063 3709 reparentur.
2077 3663 2214 3698 Texue-

197 3725 246 3753 ¹²⁸
260 3717 568 3763 quidem-ioseph&
576 3721 641 3759 iam
654 3721 743 3766 prius
753 3721 904 3767 quaedam
916 3723 1028 3757 statuta
1037 3745 1048 3762 ‚
1068 3719 1187 3767 quibus
1200 3730 1260 3755 ceu
1275 3719 1349 3762 sepe
1361 3716 1540 3752 custodiam
1556 3715 1680 3761 regulae
1693 3717 1856 3751 cinxeratae
1882 3713 1964 3747 sicut
1976 3721 2085 3748 autem
2097 3723 2208 3758 nego-

196 3766 241 3806 tia
253 3766 360 3803 Status
370 3778 409 3802 ea
422 3766 462 3800 ad
480 3766 719 3811 perfefflonem
731 3771 866 3806 extendi
879 3770 1146 3815 impediverant,
1163 3769 1208 3805 ita
1224 3767 1380 3803 liberiore
1395 3774 1548 3809 tempore
1563 3764 1673 3800 habito
1687 3787 1699 3804 ,
1713 3762 1977 3798 Constitutiones
1993 3760 2159 3801 firmavit,
2175 3759 2210 3797 in

195 3826 264 3862 qua
279 3814 455 3861 prudentia
470 3817 505 3853 δι
519 3814 670 3866 sanctitas
681 3817 740 3855 fibi
749 3818 895 3857 invicem
907 3818 1074 3861 obviant,
1096 3821 1132 3857 δε
1146 3829 1223 3865 quae
1241 3817 1349 3898 ιᾱὴιὲε
1370 3811 1552 3853 hodiedum
1566 3813 1599 3850 in
1616 3810 1898 3858 congregatione
1909 3808 1977 3846 fine
2002 3807 2213 3864 alterationis

256 3897 260 3901 .
294 3866 429 3901 Tam-V·
1371 3873 1390 3909 3
2079 3864 2166 3892 vitio
