2586 4088
350 201 514 287 290

1021 172 1594 285 Provincia

274 321 374 362 coris
398 317 581 376 precibus
614 317 815 363 annuendo
826 308 1150 374 sisprctstriptum
1177 317 1260 358 De·
1320 312 1645 370 Adinstantias
1664 318 1805 384 Regis
1820 316 2182 371 Christianiffimi
2210 324 2310 373 Cu·

274 390 423 421 oretum
453 378 616 435 benigne
643 377 879 435 approbavit
899 403 913 428 ,
939 372 990 421 (5
1016 372 1261 430 confirmavit

281 452 299 481 1
312 437 471 494 hyrdh·
489 439 605 494 1698.

661 557 721 604 C.
745 551 888 602 Card.
906 554 1160 623 Carpineus
1180 589 1194 604 .

338 671 508 728 Exempl.
526 671 697 714 Autben.
709 674 753 714 in
768 671 888 716 Arcb.
907 673 1113 728 Provincif
1124 700 1138 714 .

919 809 1266 830 ———

412 908 746 951 RESCRIPTO
786 906 1143 956 APOSTOLICO

279 1031 356 1078 Fr.
389 1028 454 1075 N.
483 1028 549 1074 N.
586 1027 757 1085 laicus,
782 1026 842 1077 ad
874 1027 1040 1080 statum
1069 1031 1271 1081 Clerica-

351 1099 443 1148 lern
479 1095 665 1147 transire
701 1099 859 1147 volens
897 1100 941 1148 in
967 1097 1044 1150 sua
1069 1103 1271 1151 vocatio-

349 1185 404 1217 ne
421 1185 602 1218 manere
616 1167 804 1234 jubetur
818 1203 834 1219 .

311 1304 607 1364 Eminentffmi
620 1335 635 1361 ,
660 1309 711 1359 {5
725 1309 942 1353 Revera-ndi
983 1309 1036 1352 mi
1052 1290 1214 1353 Dobrini
1227 1341 1238 1353 .

384 1436 512 1478 Rater
542 1440 598 1480 N.
620 1440 673 1481 N.
699 1436 825 1481 laicus
856 1439 1086 1494 Capucinus
1123 1440 1273 1484 Hiber-

402 1507 475 1536 nus
513 1497 678 1549 cupiens
717 1496 870 1542 servire
906 1498 988 1541 illis
1023 1498 1276 1546 Miffionibus

281 1564 374 1593 cum
390 1553 530 1609 majori
547 1553 692 1608 fructu,
708 1554 906 1613 supplicat
923 1559 1108 1601 EE-VV-
1135 1567 1275 1616 quate·

281 1623 356 1651 nus
377 1611 425 1652 ad
446 1614 619 1667 gradum
638 1617 869 1660 Sacerdotii
885 1619 1123 1674 promoveri
1138 1629 1277 1673 queat.

282 1667 435 1709 Instant
451 1684 527 1724 pro
542 1672 681 1716 eadem
696 1689 790 1717 cum
819 1690 872 1718 eo
888 1674 1019 1733 gratiti
1039 1679 1276 1733 Superiores

283 1726 464 1794 Praese-sti
480 1727 553 1771 sua:
569 1731 771 1775 Missionis
785 1760 800 1782 ‚
827 1736 867 1777 &
885 1736 964 1790 ipse
980 1748 1141 1790 quoque
1166 1737 1276 1778 Illu-

282 1783 489 1828 strtsstmus
524 1789 564 1829 &
592 1790 958 1835 Reverendissimus
992 1793 1276 1848 Archiepisco·

283 1858 354 1901 pus
377 1846 627 1888 vizamenfis
646 1850 799 1891 primas
826 1850 1043 1893 Connaciae
1058 1877 1074 1902 ‚
1105 1865 1189 1907 quae
1221 1851 1277 1894 est

283 1905 470 1947 oratoris
492 1905 706 1950 Provincia
723 1921 737 1950 ε
753 1908 1058 1965 testanturque,
1073 1910 1183 1965 quod
1210 1910 1276 1953 hic

284 1965 394 2006 fitex
411 1966 606 2020 progenie
624 1967 789 2017 Nobili,
814 1972 952 2024 Nepos
975 1967 1156 2012 defuncti
1183 1970 1280 2026 Epi-

285 2023 396 2080 scopi
411 2022 704 2068 Clonfortenfis
718 2056 733 2078 ,
747 2029 993 2082 optimorum
1010 2042 1191 2076 morum,
1212 2040 1279 2072 ze-

284 2080 369 2125 li&
384 2082 578 2125 doftrinae
591 2083 821 2127 sufficientis
836 2100 851 2138 3
866 2087 948 2128 ime>
965 2082 1275 2139 superaddunt,

285 2139 494 2195 quodhaec
507 2141 637 2194 gratia
653 2143 793 2185 tendat
806 2143 856 2184 ad
871 2141 1041 2196 speciale
1060 2143 1170 2183 illius
1183 2140 1279 2184 Mis-

286 2197 401 2240 fionis
434 2197 695 2239 commodum
718 2199 887 2240 attentis
915 2197 1171 2250 praesentibus
1203 2199 1280 2243 cir·

289 2254 533 2304 cumstantiis
547 2254 855 2310 persecutionis,
873 2257 949 2312 qua
973 2258 1216 2301 Sacerdotes
1237 2272 1277 2299 a.

285 2314 357 2356 lias
379 2314 632 2365 noti‚&aliis
650 2315 800 2356 vicibus
818 2316 999 2358 tollerati
1017 2316 1129 2358 fuere
1141 2317 1282 2372 expul—

289 2373 315 2416 fi
327 2401 342 2425 ‚
355 2374 539 2428 cumipse
553 2373 737 2415 detectus
753 2375 876 2417 etiam
892 2374 999 2418 foret
1018 2403 1030 2417 .

550 2463 792 2522 Rfirtfitum
804 2469 980 2522 primum
991 2494 1003 2508 .

343 2561 542 2604 Audiatur
557 2564 677 2606 Pater
694 2564 873 2607 vicarius
899 2562 1116 2606 Generalis
1143 2563 1280 2619 Capu-

290 2618 501 2672 emotum,
531 2622 570 2663 &
584 2649 598 2672 ,
625 2632 821 2677 quatenus
851 2622 949 2666 nihil
963 2634 1144 2678 opponat
1159 2650 1172 2676 2
1203 2637 1279 2680 pro

290 2679 419 2733 gratia
433 2709 447 2733 ‚
464 2682 504 2723 &
517 2695 611 2724 cum
628 2682 887 2726 Sanctissimo
900 2711 912 2725 .

315 2777 547 2838 Infirmatio
563 2779 611 2828 ἐᾷ’
634 2780 765 2822 Votum
794 2782 833 2821 P.
860 2779 1004 2823 Vicari‘e‘
1017 2778 1221 2823 Generalis
1240 2805 1254 2819 .

344 2869 461 2912 Idem
493 2873 613 2913 Pater
629 2870 814 2913 Vicatius
843 2870 1099 2925 dissentitur,
1124 2880 1163 2916 δε
1193 2873 1281 2928 sup·

284 2926 410 2981 plicat
422 2957 436 2980 ,
451 2943 502 2971 ne
516 2929 639 2973 detur
654 2932 730 2972 hoc
746 2929 1016 2987 praejudiciale
1050 2933 1280 2988 exemplum

284 2987 324 3027 in
338 2985 402 3030 sua
416 2988 631 3045 Religione
644 2991 723 3031 &c-
753 2988 966 3044 praesertim
997 3005 1089 3033 cum
1105 2993 1143 3033 in
1167 2996 1283 3032 Con-

288 3043 564 3091 stitutionibus
579 3048 804 3091 Clementis
822 3050 983 3092 vnn&
998 3050 1149 3094 Urbani
1163 3051 1282 3093 v111.

288 3114 502 3147 caveatur:
525 3109 612 3165 Qut·
626 3108 682 3150 ad
694 3106 973 3165 Convcrfirum
996 3107 1188 3152 Habitum
1222 3120 1285 3149 re-

285 3168 385 3216 cepti
396 3161 579 3219 fuerint,
592 3166 646 3207 ad
663 3167 889 3209 clericalem
892 3166 1048 3224 statum
1065 3167 1195 3210 redire
1210 3179 1286 3212 aut

283 3221 454 3278 transire
469 3250 483 3271 ‚
498 3227 618 3264 etiam
631 3227 800 3268 durante
812 3235 981 3283 tempore
1004 3225 1250 3284 probationis
1266 3256 1279 3280 ,

285 3291 360 3320 non
374 3280 535 3337 poffl’mt
559 3309 573 3323 .

374 3381 621 3437 Rescriptum
621 3379 838 3436 stcundum
850 3409 864 3433 ‚
891 3381 945 3432 &⁴
958 3352 1162 3441 decist'vutn
1174 3411 1184 3424 .

292 3474 371 3516 Die
395 3471 532 3516 Martii
546 3484 612 3528 ¹9·
625 3484 670 3522 17
683 3476 785 3518 10.in
806 3476 1026 3520 Audientia
1036 3477 1289 3520 Sanctissimi-

347 3549 552 3592 „fannius
568 3554 653 3593 sua
667 3556 871 3599 mandavit
901 3562 1105 3600 Oratorem
1130 3571 1286 3600 manere

284 3608 597 3722 ὶὲνζζαὲεομνία
614 3617 828 3666 vocatione,
845 3620 931 3671 qud
939 3626 1092 3661 vocatus
1093 3616 1188 3677 fult
1199 3645 1209 3661 .
1225 3620 1284 3662 Ex

347 3787 507 3840 Autogr.
522 3791 563 3829 in
582 3787 702 3833 Arch.
718 3793 862 3836 secret.
892 3794 1248 3854 congr-prgdiflae.

1394 387 1586 438 stodiam
1609 387 1655 435 in
1684 387 1977 437 Provinciam
2002 391 2161 459 erigit.

1326 508 1791 560 CLEMENS
1843 508 2071 557 PAPA
2135 509 2325 561 xm..-

1482 626 1549 671 Ad
1553 640 1557 642 ’
1560 634 1795 685 perpetuam
1824 628 1885 669 ree·
1906 624 2130 668 memom'am
2144 654 2158 668 .

1453 733 1656 779 Postolicae
1670 733 1874 777 servitutis
1889 747 2048 782 munus,
2087 745 2141 776 uo
2159 734 2325 780 Cathea-

1482 795 1567 837 licae
1596 792 1784 835 Ecclefiae
1810 807 1881 850 per
1907 746 2135 836 univerzim
2161 793 2314 836 Orbem

1328 850 1473 897 diffusae
1505 851 1690 907 regimini
1731 851 1871 895 divinit*
1897 851 2153 908 dispositione
2186 853 2315 906 praefi-

1329 911 1532 963 demus,in
1547 910 1587 953 id
1602 912 1800 968 praecipue
1815 911 2133 955 sollicitudinem
2148 909 2321 954 nostram

1331 971 1509 1017 intendit
1521 997 1536 1020 ‚
1551 980 1598 1012 ut
1622 969 1928 1028 Religiosorutn
1944 971 2142 1013 Virorum
2159 968 2317 1013 Altissi·

1331 1034 1384 1075 mi
1399 1030 1599 1087 obsequiis
1620 1028 1688 1072 sub
1712 1029 1893 1072 arctioris
1919 1029 2141 1085 disciplinae
2156 1027 2324 1074 Institu-

1332 1102 1376 1134 to
1397 1091 1717 1145 mancipatorum
1735 1116 1750 1139 ‚
1785 1088 1879 1131 &in
1905 1089 2036 1131 Vinea
2054 1087 2248 1137 Domini,
2278 1100 2325 1129 ac

1331 1149 1545 1207 praesertim
1562 1148 1602 1190 in
1631 1147 1834 1189 nonnullis
1851 1147 1949 1189 olim
1971 1143 2168 1201 pietatis,
2194 1147 2231 1189 &
2249 1161 2330 1201 „or-

1331 1208 1520 1252 thodoxae
1544 1207 1658 1250 Fidei
1674 1205 1795 1250 laude
1816 1204 2104 1248 florentissimis
2123 1204 2328 1260 Regioni-

1331 1270 1406 1312 bus
1426 1267 1534 1310 inter
1548 1264 1878 1322 persecutionum
1903 1263 2107 1320 procellas
2122 1288 2137 1311 2
2160 1265 2328 1320 atque.»

1333 1326 1612 1371 calamitatum
1627 1324 1801 1367 tribulos
1829 1321 1991 1368 strenue
2019 1322 2340 1367 laborantium-s
2373 1334 2376 1336 ·

1334 1384 1623 1430 {tamisefelici
1651 1383 1863 1427 direc‘tioni
1885 1381 2098 1429 consulere
2128 1379 2326 1438 peculiari

1334 1443 1432 1489 cura
1454 1443 1707 1494 studeamus,
1735 1441 1835 1486 ficut
1859 1442 1927 1499 pia
1952 1441 2327 1486 orthodoxorum...

1333 1507 1496 1560 Regum
1521 1501 1816 1556 multiplicibus
1842 1501 1882 1544 in
1899 1502 2013 1545 'hanc
2038 1502 2223 1544 Sanctam
2253 1498 2330 1544 Se-

1336 1564 1429 1606 dem
1452 1561 1610 1604 meritis
1641 1559 1883 1616 fulgentium
1900 1569 1996 1603 vota
2023 1557 2225 1615 postulant
2242 1585 2256 1609 ,
2286 1558 2329 1599 δι

1337 1626 1426 1668 Nos
1446 1621 1629 1665 omnibus
1645 1629 1807 1662 matura:
1821 1618 2152 1662 considerationis
2174 1613 2333 1659 trutina

1338 1678 1603 1793 ῗιῗῖἷξῗὲἒῑὲᾱ
1624 1676 2333 1792 ἳῗέῗὲῗὲῖὲῗρὲῗηῗὶἰῖἐῗῗηῗεῖ

1595 1764 1609 1788 ,
2310 1755 2326 1768 .-

1336 1808 1421 1840 tum
1435 1823 1449 1842 ³
1464 1797 1504 1837 ἃ.
1520 1794 1682 1836 felicem
1699 1791 1947 1850 progressum
1971 1792 2167 1852 expedire
2196 1795 2234 1835 in
2249 1793 2336 1833 Do-

1336 1857 1447 1899 mino
1465 1855 1742 1898 arbitramur-2

1458 1916 1564 1956 Cum
1579 1912 1717 1967 itaque
1730 1941 1746 1962 ,
1762 1909 1862 1953 sicut
1876 1911 2038 1954 nomine
2052 1907 2274 1953 charissimi
2293 1908 2338 1953 in'

1342 1972 1506 2017 Christo
1525 1970 1617 2016 Filii
1642 1970 1781 2020 nostri,
1797 1969 2024 2023 Ludovici,
2049 1971 2336 2013 Francorum-a

1343 2032 1472 2086 Regis
1495 2028 1829 2071 Christianissimi
1858 2029 1987 2075 Nobis
2025 2041 2151 2084 nuper
2178 2023 2331 2081 expoli-

1341 2101 1426 2131 tum
1445 2087 1552 2132 fuit,
1580 2085 1772 2127 Custodia
1800 2086 2007 2134 Hibernia
2033 2085 2202 2128 Ordinis
2232 2087 2335 2126 Fra-

1339 2156 1446 2188 trum
1460 2143 1662 2184 Minorum
1679 2146 1721 2185 S.
1741 2141 1944 2185 Francisci
1971 2153 2303 2199 nuncupatorum
2318 2167 2334 2191 2

1339 2201 1571 2260 quindecim
1599 2201 1885 2244 Conventibus
1904 2215 2088 2257 ,nempe
2115 2201 2275 2243 duobus
2289 2200 2340 2259 ,ἱῃ

1344 2261 1507 2311 Gallia,
1522 2272 1569 2300 ac
1586 2259 1751 2317 reliquis
1770 2259 1810 2309 in
1827 2261 1972 2315 Regno
1990 2262 2111 2316 ipsius
2129 2259 2335 2302 Hiberniae

1341 2318 1496 2363 constet
1511 2345 1524 2368 ‚
1538 2316 1665 2359 dietus
1681 2328 1780 2362 vero
1796 2318 2029 2362 Ludovicus
2056 2321 2147 2361 Rex
2163 2317 2334 2373 eandem

1341 2377 1576 2422 Custodiam
1605 2377 1646 2419 in
1676 2390 1822 2420 novam
1844 2377 1939 2419 dieti·
1966 2377 2135 2420 Ordinis
2162 2375 2332 2419 Provin-

1339 2439 1438 2482 ciam
1459 2435 1631 2479 adinstar
1644 2436 1811 2479 aliarum
1838 2435 1933 2479 dieti
1959 2436 2123 2491 Ordinis
2151 2434 2326 2479 Provin-

1339 2499 1494 2542 ciarum
1520 2498 1543 2538 a
1566 2496 1697 2538 Nobis
1723 2493 1827 2550 erigi
1855 2495 2073 2548 plurimum
2099 2493 2358 2537 defideret..

1341 2557 1472 2600 Nobis
1494 2564 1709 2610 propterea
1725 2554 1819 2597 dieti
1846 2553 2048 2597 Ludovici
2066 2554 2188 2608 Regis
2203 2552 2333 2598 nomi-

1341 2631 1391 2661 ne
1408 2613 1619 2658 humiliter
1635 2612 1902 2669 supplicatum
1917 2612 1991 2655 fuit
2009 2641 2023 2664 ‚
2053 2622 2093 2654 ut
2110 2614 2148 2654 in
2161 2611 2334 2668 praemis-

1340 2677 1388 2721 fis
1404 2672 1633 2730 opportune
1659 2671 1875 2729 providere
1889 2698 1903 2718 2
1917 2674 1957 2715 &
1969 2699 1982 2720 ,
1996 2680 2040 2714 ut
2061 2670 2180 2722 infra,
2198 2667 2336 2712 indul-

1345 2748 1441 2790 gere
1455 2733 1507 2775 de
1525 2729 2019 2790 benignitateApostolica
2046 2730 2308 2785 dignaremur
2326 2755 2338 2768 .

1345 2797 1432 2837 Nos
1458 2793 1585 2848 igitur
1609 2792 1682 2845 piis
1700 2789 1814 2847 ipsius
1845 2789 2049 2835 Ludovici
2076 2789 2201 2844 Regis
2230 2787 2340 2830 votis

1344 2849 1632 2896 favorabiliter
1651 2863 1827 2893 annuere
1856 2849 2038 2891 volentes
2061 2876 2075 2899 ,
2110 2843 2339 2904 hujusmodi

1343 2909 1704 2967 supplicationibus
1728 2908 1934 2959 inclinati,
1960 2915 2228 2951 memoratam
2256 2909 2342 2950 Cu-

1346 2970 1514 3017 stodiam
1529 2968 1736 3015 Hiberniae
1751 2970 1789 3012 in
1806 2981 1953 3010 novam
1965 2966 2131 3010 Ordinis
2156 2963 2334 3022 prandisti

1343 3028 1630 3074 Provinciam,
1663 3042 1750 3084 quae
1779 3028 1830 3070 ab
1861 3040 1944 3072 uno
1967 3025 2150 3069 Ministro
2165 3023 2337 3068 Provim

1343 3088 1523 3137 ciali‚ac
1541 3085 1842 3131 Diffinitoribus
1857 3114 1871 3136 ,
1894 3084 2059 3141 aliisque
2083 3082 2335 3127 officialibus

1342 3146 1456 3204 juxta
1471 3146 1797 3191 constitutiones
1823 3143 1999 3198 eiusdem
2016 3142 2181 3185 Ordinis
2199 3142 2341 3182 aueto-

1342 3206 1464 3249 ritate
1477 3201 1707 3260 Apostolica
1730 3202 1973 3259 approbatas
1992 3229 2007 3253 ,
2021 3200 2163 3256 regi&
2183 3197 2337 3253 guber-

1339 3263 1427 3306 nari
1445 3262 1618 3314 debeat,
1648 3262 1704 3307 ita
1730 3273 1772 3306 ut
1791 3261 1871 3317 ipsa
1885 3272 1989 3303 nova
2009 3258 2253 3305 Provincia,
2284 3257 2337 3298 il-

1340 3321 1494 3375 liusque
1509 3321 1688 3364 Minister
1716 3316 1983 3365 Provincialis
2022 3346 2036 3369 ‚
2063 3315 2334 3367 Definitores,

1337 3380 1552 3436 caeterique
1566 3377 1774 3423 Officiales
1788 3393 1835 3422 ac
1852 3379 2013 3420 Fratres
2048 3388 2123 3432 pro
2150 3384 2335 3429 tempore

1348 3439 1564 3482 existentes
1586 3467 1600 3490 ,
1626 3438 1811 3480 omnibus
1836 3438 1876 3478 &
1898 3434 2058 3490 lingulis
2087 3435 2338 3490 privilegiis,

1348 3498 1497 3555 junbus
1512 3527 1526 3549 ‚
1542 3497 1850 3553 praecminentiis
1864 3521 1878 3543 ‚
1895 3495 2170 3551 praerogativis
2185 3522 2197 3543 ,
2219 3495 2342 3536 hono·

1349 3558 1459 3600 ribus
1475 3585 1489 3609 ,
1511 3557 1674 3614 gratiis,
1700 3553 1919 3599 &indultis
1934 3582 1947 3604 ,
1971 3554 2114 3608 quibus
2144 3551 2229 3594 aliae
2244 3551 2341 3595 dieu

1345 3617 1508 3660 Ordinis
1531 3616 1754 3659 Provinciae
1770 3623 1851 3657 tam
1865 3611 2018 3667 dejure
2032 3641 2048 3663 ,
2064 3610 2135 3655 usu
2149 3640 2162 3662 ,
2177 3613 2216 3654 &
2238 3625 2337 3653 con·

1341 3675 1579 3727 suetudine,
1605 3678 1722 3733 quam
1750 3675 1843 3716 alias
1870 3672 2185 3730 quomodolibet
2218 3681 2337 3712 utun·

1342 3747 1435 3786 rur,
1453 3732 1943 3788 fruuntur,&gaudent,
1970 3744 2016 3772 ac
2045 3731 2133 3779 uti,
2163 3726 2276 3777 frui,
2305 3729 2344 3769 &

1339 3795 1515 3852 gaudere
1530 3793 1688 3851 possunt
1716 3795 1754 3834 &
1769 3800 1961 3849 poterunt
1974 3790 2014 3831 in
2032 3788 2234 3887 futurum&
2247 3786 2332 3840 pari

2138 3860 2210 3889 mo
2239 3859 2281 3895 o,
