2592 4094
370 270 556 331 2122
1101 234 1630 349 Provincia

308 391 344 428 ffi
392 388 435 431 ὼ·
449 389 490 427 S.
507 386 615 426 Rocln·
629 383 721 423 dicia
740 377 908 422 Civitatis
921 396 935 417 ,
960 373 1065 430 Petro
1078 370 1218 424 Doiffim
1234 374 1422 424 Capitoneo
1438 399 1449 416 ‚
1477 373 1618 424 Joanne
1631 373 1781 420 Cas-0103
1794 370 1838 415 &¹
1851 372 2029 412 Dominico
2041 375 2195 427 Vaiffiers
2213 379 2331 419 Curia

308 413 625 478 Pr'ocmawrfbm',
652 433 789 482 qoam„
797 423 955 465 Martino
970 419 1098 459 Burtlx
1106 421 1212 460 Pauli
1214 422 1291 471 filio
1307 450 1319 468 ‚
1347 423 1490 474 {joanne
1502 423 1693 467 Chamion,
1717 421 1827 462 Paulo
1850 421 1884 458 la
1907 420 2046 466 Roche,
2069 425 2177 464 Paulo
2197 429 2246 466 Sa
2290 439 2344 474 n,

308 478 440 538 Jacob,
455 485 503 522 du
517 483 635 521 Breilh
648 505 661 520 ‚
688 478 826 527 ‘Joanne
842 469 978 506 Roland
991 493 1005 512 ‚
1028 470 1070 512 ὠ·
1086 469 1211 508 Thomu
1236 472 1392 521 Dupiere
1402 471 1689 514 Mercatoribus,
1711 470 1839 510 cunfiis
1853 473 1892 507 in
1904 469 1993 506 diffia
2009 471 2164 510 Civitate
2177 474 2339 512 babitan-

309 533 403 574 tibus
458 530 670 576 omnthusque
684 548 697 567 ‚
720 523 780 569 qui
791 519 876 557 diiio
892 515 1043 557 Concilio
1059 518 1216 569 affistere,
1241 521 1285 562 ὼ·
1297 523 1337 557 in
1348 533 1385 559 eo
1397 522 1572 558 arbitrari
1576 520 1709 570 solent,
1734 532 1774 558 ac
1785 519 2007 568 praesentibus
2021 518 2068 557 D.
2083 519 2223 570 {scanne
2240 522 2282 559 de
2297 522 2334 559 la

308 583 403 624 Saue
417 558 430 579 ⁹
455 580 561 630 Juris
573 573 748 610 licentiato
762 593 776 613 ,
801 568 844 610 ὠ·
860 567 1041 604 Advocato
1054 591 1067 608 ‚
1092 579 1153 604 nec
1165 580 1232 604 non
1246 567 1387 618 ‘Joanne
1400 570 1516 607 Lobub
1530 569 1760 607 Procuratore
1773 593 1787 613 ,
1814 580 1854 605 ac
1874 569 1915 603 in
1938 565 2029 603 dicia
2042 568 2153 605 Curia
2164 569 2337 608 Civitatis

309 607 459 679 Syndico
474 651 486 671 ,
506 621 657 673 preditis·
670 619 717 655 D.
730 618 779 654 D.
793 614 951 664 Consules
959 623 1021 663 per
1033 626 1198 663 organum
1205 619 1342 665 pariter
1359 618 1442 655 diiii
1458 618 1611 655 Druithe
1633 630 1748 656 eorum
1773 617 1879 666 primi
1891 615 2116 664 exposuerunt
2133 642 2146 659 ,
2170 617 2259 666 quod
2268 627 2339 654 ma-

305 681 396 730 jore,
415 673 581 714 Civitatis
586 669 624 717 se
633 675 695 716 per
710 667 797 702 bona
812 663 978 713 &fiznfia
991 663 1138 713 exempla
1155 689 1166 706 ,
1187 674 1252 714 pro
1265 665 1361 704 cultu
1382 666 1581 715 &servitio
1593 667 1662 704 Dei
1681 668 1719 702 in
1732 665 1814 703 Reli
1838 666 1913 702 ione
1929 663 2108 702 Catholica
2121 689 2134 710 ‚
2159 663 2337 716 ‘Apostoli-

311 740 352 764 Μ
364 752 376 771 ,
403 725 444 767 ῤ’
457 721 610 759 Romana
620 714 807 765 plurimum
809 712 974 764 studiosos
985 712 1220 758 exhibuerim,
1243 714 1286 756 ὼ·
1299 726 1366 751 non
1384 714 1590 764 obstantibus
1604 715 1652 751 mi
1666 715 1749 752 eriis
1763 678 1842 752 belizi
1857 738 1872 759 ,
1895 713 1939 756 ὼ·
1953 711 2205 752 calamitatibus
2219 723 2342 764 tempo-

314 777 366 812 ris
380 797 392 814 ,
417 771 537 819 quibus
553 765 771 802 vexabantur
785 787 796 805 ,
821 762 1012 800 Civitatem
1022 761 1183 811 pluribus
1196 761 1344 812 Ecclqfiis
1357 787 1371 809 ,
1395 764 1438 806 ὡ·
1456 765 1495 799 in
1504 763 1617 812 specie
1653 765 1758 801 uobus
1772 760 2012 802 Conventibus
2024 785 2038 806 ,
2066 773 2133 799 uno
2148 761 2311 800 videlicet
2326 784 2343 812 ‚

310 822 471 860 fratrum
487 810 778 853 Conventualium
793 811 1056 858 Cordigerorum
1073 809 1223 848 Ordinis
1240 813 1280 850 S.
1290 810 1487 860 Francisci,
1515 813 1559 854 &¹
1582 811 1650 849 alio
1674 813 1715 849 B.
1732 809 1892 861 Virginis
1910 809 2179 848 Carmelitarum
2193 809 2335 848 decora-

310 867 460 914 rint,qui
473 863 670 899 ordinarias
680 870 792 909 preces
803 858 964 909 proflatu
975 858 1019 900 ἀγ
1031 859 1285 908 conservatione
1298 861 1483 905 Civitatis,
1496 861 1590 898 haud
1601 860 1703 899 aliter
1712 872 1753 897 ac
1774 862 1813 897 in
1825 859 1913 896 dina
1927 858 2117 908 Collegiata
2132 857 2336 897 &Michae-

308 919 351 954 lis
368 912 504 961 Ecclcsia
517 909 609 950 diflae
623 909 805 953 Civitatis,
811 907 962 957 fundere
966 906 1091 955 solent,
1100 918 1142 946 ex
1152 920 1216 957 quo
1231 909 1274 952 (θ’
1283 909 1488 947 credendum
1497 909 1552 960 est,
1563 910 1653 958 quod
1666 909 1815 947 durante
1828 910 1980 945 arumna
2017 907 2184 952 raeterita,
2197 907 2339 946 Civitas

303 976 368 1015 per
386 963 567 1000 bonitatem
582 959 625 1001 &⁵
637 955 900 1008 misericordhm
909 955 978 993 Dei
990 980 1002 998 ,
1016 966 1179 1006 exparte,
1193 956 1214 995 ἄ
1219 956 1342 1005 furore
1357 957 1400 999 ργ
1413 957 1589 996 violentiis
1601 958 1835 996 hereticorum
1846 957 1963 1005 fuerit
1998 957 2134 994 iberata
2152 978 2165 999 ,
2189 956 2232 998 ὁ·
2250 955 2346 992 inte-

304 1012 368 1062 gre
383 1007 618 1058 conservatum
631 1007 806 1056 depositum
821 1004 914 1042 dieta
925 1002 1117 1053 Religionis
1133 1004 1316 1043 Catholicae
1329 1005 1349 1042 ἃ
1361 1005 1544 1056 majoribus
1560 1006 1711 1045 relifium
1728 1032 1739 1049 ,
1765 1006 1811 1043 ad
1847 1017 1966 1042 uorum
1980 1004 2166 1054 exemplum
2189 1002 2338 1052 quilibet

303 1073 368 1111 pro
383 1059 479 1096 cultu
493 1059 535 1100 ὼ·
546 1057 688 1104 [ἔνὐἕιίο
704 1055 771 1092 Dei
784 1056 822 1091 in
841 1053 904 1090 hac
916 1051 1006 1090 diffla
1019 1053 1177 1092 Civitate
1225 1053 1457 1102 &Religione
1473 1055 1674 1100 Catholica,
1700 1056 1735 1093 A
1760 1054 1819 1105 osto
1834 1057 1888 1090 ica
1903 1053 2074 1095 Romana,
2087 1054 2192 1101 magis
2218 1065 2257 1089 ac
2272 1063 2346 1089 ma-

306 1111 363 1158 gis
377 1099 567 1157 ampliando
592 1103 747 1142 emulare·
759 1103 858 1140 debet
869 1126 880 1143 ‚
904 1110 1051 1151 cumpro
1066 1102 1168 1151 hujus
1178 1077 1351 1150 splendore
1384 1103 1427 1145 ἁ·
1447 1105 1701 1152 conservatione
1723 1065 1849 1140 ‹iivina
1862 1102 2013 1139 ‘Bonitas
2041 1100 2221 1139 ordinarii
2233 1099 2339 1144 Viros

303 1158 449 1208 first-icet
465 1181 478 1200 ,
505 1154 652 1203 quitum
663 1152 746 1191 vita
756 1152 928 1202 probitate
940 1174 951 1193 ‚
975 1149 1147 1200 exemplis,
1163 1152 1207 1194 (ῑγ
1218 1151 1385 1196 ὀοὲἶνίηα,
1405 1153 1540 1200 cursum
1550 1153 1690 1190 malitiae
1705 1151 1857 1195 illorum,
1894 1151 1932 1187 ui
1945 1149 1966 1186 ὰ
1978 1150 2066 1186 dieta
2082 1149 2262 1196 Religione
2284 1147 2344 1186 de·

311 1207 520 1246 clinarunt,
537 1202 684 1251 firmant
700 1229 711 1246 ‚
733 1210 806 1238 tum
825 1199 984 1249 precibus
1001 1199 1079 1246 suis
1105 1211 1145 1236 ac
1168 1200 1323 1237 oratione
1347 1201 1558 1250 r'emiffionem
1575 1210 1789 1250 peccatorum
1814 1212 1856 1236 no
1884 1210 2000 1236 rorum
2015 1197 2117 1235 oneo
2130 1198 2348 1245 impetrant,

315 1258 472 1302 iramque
487 1253 559 1302 ejus
576 1251 675 1301 &fla
699 1249 943 1299 ella-avertunt
955 1270 965 1282 .
995 1248 1090 1285 Inter
1105 1247 1161 1284 hos
1174 1248 1468 1298 impresentiarum
1482 1248 1643 1300 Religiofi
1653 1250 1727 1290 PP.
1744 1249 1915 1298 Caput-ini
1928 1270 1941 1290 ,
1952 1247 2032 1331 fssui
2048 1246 2094 1282 ad
2105 1244 2355 1295 firmiorem),

310 1305 360 1346 (ς’,
372 1301 584 1352 austeriorem
604 1301 642 1338 S.
683 1297 830 1347 rancisci
855 1293 1006 1344 regulam
1018 1296 1197 1346 reformati
1209 1321 1222 1341 ,
1247 1297 1340 1346 quast
1355 1297 1469 1336 Stellae
1482 1298 1523 1340 ὼ·
1546 1298 1678 1336 lumina
1698 1298 1865 1346 pietatis,
1882 1295 1949 1344 san
1982 1296 2081 1331 itatis
2094 1319 2108 1339 ,
2132 1294 2176 1336 (9⁰
2196 1293 2347 1330 virtutis

310 1353 442 1395 micant
461 1375 472 1394 ,
495 1349 671 1385 numerari
685 1347 809 1384 debent
824 1374 831 1383 .
859 1346 911 1383 Ex
924 1356 988 1393 quo
999 1347 1140 1387 motivo,
1145 1347 1233 1395 ficut
1247 1344 1290 1386 ὼ·
1302 1356 1343 1382 ex
1349 1348 1496 1394 probata
1510 1358 1624 1384 eorum
1637 1346 1822 1390 Doctrina,
1831 1344 1947 1394 plures
1961 1343 2135 1382 Civitates
2147 1342 2286 1386 vicina,
2302 1339 2352 1377 iis

311 1401 514 1438 Conventus
526 1395 787 1447 construxerunt
800 1420 811 1435 ,
838 1405 984 1443 quarum
1006 1393 1150 1443 exemplo
1173 1405 1265 1432 motae
1279 1392 1396 1442 plures
1410 1395 1514 1444 hujus
1533 1396 1705 1433 Civitatis
1720 1393 1871 1441 Perfisnae
1882 1418 1894 1437 ,
1905 1392 2004 1430 distis
2016 1391 2092 1430 PP.
2107 1390 2294 1438 Capacinis
2307 1389 2350 1425 in

312 1460 352 1484 ea
364 1449 498 1496 pariter
514 1446 730 1483 Conventum
742 1443 908 1528 {ldificari
920 1444 1066 1491 cupiunt
1080 1467 1092 1488 ,
1118 1453 1288 1492 quatenus
1300 1441 1400 1493 officio
1409 1444 1452 1487 ό·
1465 1443 1561 1482 cultu
1572 1443 1695 1482 divino
1705 1444 1758 1481 ita
1774 1442 1913 1480 adauae
1926 1465 1940 1488 ,
1963 1441 2070 1489 magis
2082 1439 2252 1488 magisque
2265 1439 2342 1488 pie·

314 1506 368 1533 tas
436 1496 570 1532 devotio
586 1494 624 1529 in
637 1505 676 1530 ea
706 1505 747 1530 ru
780 1494 791 1527 i
817 1502 888 1529 cet.
2295 1521 2297 1528 Α

383 1496 578 1591 &Desiderio
602 1493 724 1578 harujrcn
745 1491 876 1578 acgdit
890 1540 934 1583 (δ’
946 1539 1035 1578 illud
1058 1541 1105 1579 D.
1120 1542 1243 1580 ‘Ducis
1257 1539 1278 1579 b
1292 1538 1414 1593 Jojosa
1430 1537 1636 1582 Marecballi
1647 1537 1802 1580 Francia
1827 1567 1841 1588 ,
1866 1539 1910 1585 ὼ·
1923 1537 2215 1580 Locum-tenentis
2233 1536 2346 1577 Gene-

318 1593 404 1632 r‘alis
419 1591 525 1639 Regis
538 1593 576 1627 in
594 1590 656 1626 hac
670 1591 859 1628 Provincia
873 1589 1065 1627 Occitaniae
1074 1614 1086 1635 ,
1111 1593 1172 1638 qui
1184 1591 1224 1627 id
1232 1592 1330 1629 diiiis
1344 1594 1390 1630 D.
1403 1593 1451 1631 D.
1465 1590 1668 1642 Consulibus
1681 1590 1769 1629 vivo
1781 1603 1861 1629 voce
1874 1590 2055 1640 patefltcit.
2081 1588 2139 1626 Ob
2149 1599 2248 1637 quam
2267 1597 2351 1623 cau-

310 1644 385 1692 sam
397 1642 455 1677 hoc
473 1638 663 1677 Concilium
677 1641 912 1675 convoca‘runt
926 1663 938 1682 ,
954 1641 992 1674 in
1005 1650 1069 1686 quo
1081 1639 1120 1675 id
1131 1665 1143 1681 ,
1169 1640 1259 1688 quod
1262 1642 1371 1689 supra
1387 1642 1532 1679 relatum
1544 1640 1588 1691 esi
1597 1665 1610 1685 ‚
1638 1649 1831 1690 proponunt
1843 1664 1856 1684 ,
1880 1651 1940 1676 nec
1962 1649 2029 1674 non
2041 1663 2054 1682 ,
2070 1638 2103 1688 Ji
2118 1647 2263 1686 gratum
2291 1635 2349 1671 bo-

319 1700 466 1735 numque
477 1687 653 1735 judicetur
667 1709 680 1730 ,
704 1697 744 1724 ut
755 1686 846 1724 locus
859 1687 904 1722 ad
917 1687 1000 1723 dieti
1015 1687 1214 1725 Conventus
1224 1690 1477 1738 aedificationem
1488 1690 1675 1727 commodus
1686 1689 1854 1727 Patribus
1867 1687 2052 1735 Capacinis
2069 1685 2291 1729 concedatur,
2304 1683 2350 1725 ὁ·

316 1738 556 1785 consequenter
571 1734 616 1770 ad
626 1734 664 1770 id
675 1759 687 1778 ,
714 1735 803 1783 quod
814 1734 962 1782 insimili
976 1736 1055 1783 casu
1059 1734 1145 1781 fieri
1151 1737 1240 1784 solet
1253 1763 1263 1778 ‚
1287 1741 1327 1773 in
1338 1749 1453 1775 eorum
1462 1737 1597 1775 “Patres
1609 1737 1829 1786 spirituales,
1844 1734 1926 1774 Viri
1947 1735 2083 1772 honoris
2109 1734 2152 1777 ὁ·
2162 1733 2351 1783 probitatis

316 1781 504 1835 neceffariae
520 1783 740 1819 nominentur
759 1807 769 1818 .
797 1785 839 1819 Et
853 1793 894 1818 ex
906 1782 1041 1819 illorum
1064 1784 1214 1820 arbitrio
1228 1786 1270 1825 &⁶
1282 1787 1439 1832 opinione
1454 1795 1645 1822 tenuerunt
1662 1808 1674 1827 ‚
1699 1785 1742 1825 ὁ·
1759 1785 1996 1831 concluserunt
2013 1808 2024 1824 ,
2049 1783 2139 1831 quod
2152 1782 2261 1819 diHus
2273 1780 2351 1819 PP-

319 1832 578 1880 Capucinorum
589 1829 791 1867 Conventus
812 1832 851 1865 in
873 1828 936 1865 hac
954 1838 1024 1875 prae
1039 1829 1112 1865 enti
1129 1830 1287 1867 Civitate
1320 1830 1604 1879 Castronaudarii
1621 1831 1799 1879 fundari,
1824 1831 1960 1879 institui
1986 1831 2028 1872 &⁶
2078 1829 2198 1866 abiliri
2212 1853 2225 1873 ,
2250 1826 2353 1871 &aa

316 1882 407 1918 hunc
427 1877 570 1930 effitiunt
588 1876 726 1925 Capella
742 1878 785 1919 ὠ·
799 1877 927 1913 Domus
940 1877 999 1914 Ho
1012 1876 1131 1925 pitolis
1145 1879 1185 1915 S.
1196 1877 1309 1915 Rochi
1320 1879 1465 1928 ejusdem
1484 1879 1655 1917 Civitatis
1665 1891 1741 1916 cum
1752 1879 1848 1915 horto
1864 1901 1879 1923 ,
1889 1878 2026 1924 omnibu
2042 1889 2105 1925 que
2119 1879 2158 1913 in
2171 1876 2274 1927 huJ'us
2287 1876 2362 1913 cir-

313 1931 412 1967 cuitu
428 1953 440 1971 ,
468 1928 510 1968 (9⁶
521 1926 680 1974 clausura
694 1925 910 1975 existentibus
923 1925 1004 1962 dari
1016 1925 1138 1963 debeat
1150 1949 1162 1968 ,
1185 1936 1356 1975 quatenus
1371 1929 1412 1965 in
1422 1936 1623 1977 perpetuum
1635 1926 1740 1977 officia
1759 1926 1885 1964 divina
1898 1927 2001 1975 Juxta
2016 1925 2153 1964 illorum
2168 1924 2293 1974 regulae
2304 1933 2361 1962 te·

312 1991 427 2015 norem
442 1978 492 2012 ibi
505 1976 678 2013 celebrare
689 1984 829 2023 queant.
843 1974 886 2015 ὁ·
896 1983 958 2022 pro
974 1974 1076 2023 hujus
1088 1974 1343 2023 confirmatione
1362 2001 1373 2019 ‚
1398 1978 1439 2012 in
1458 1977 1625 2025 quantum
1638 1975 1700 2012 illa
1714 1987 1756 2013 ex
1765 1985 1866 2024 parte
1879 1977 1906 2013 S
1908 1974 2077 2024 anfiiiffimi
2093 1974 2246 2012 Domini
2256 1971 2361 2024 nostri

316 2028 418 2075 Papae
432 2023 612 2075 neceffaria
627 2023 671 2072 est
686 2049 698 2065 ,
723 2021 898 2072 neceffarii
910 2023 1163 2060 Procuratores
1183 2026 1316 2061 nomine
1331 2025 1506 2061 Civitatis
1513 2024 1679 2071 praediffiae
1695 2023 1854 2071 constitui
1866 2024 2011 2059 debeant
2021 2048 2032 2059 .
2060 2024 2096 2058 In
2109 2023 2233 2061 Patres
2247 2031 2363 2060 autem

308 2073 516 2124 spirituales
531 2073 612 2109 diiii
629 2074 828 2109 Conventus
845 2072 1071 2106 nominarunt
1083 2071 1131 2106 D·
1142 2071 1190 2106 D.
1203 2070 1365 2107 Carolum
1377 2069 1607 2115 Fongarnaud
1618 2091 1631 2112 ,
1648 2069 1742 2105 ditia
1755 2069 1900 2117 Ecclesia
1912 2069 2107 2115 Collegiatae
2117 2071 2161 2111 ά·
2171 2069 2360 2107 Parochia-

313 2124 355 2158 lis
374 2119 661 2167 Castronaudarii
676 2119 905 2159 Canonicum,
919 2115 1129 2151 wintonium
1147 2115 1168 2150 ἃ
1185 2116 1381 2153 S.Sernino
1389 2115 1484 2163 juris
1498 2115 1673 2152 Dofiorem
1684 2137 1697 2159 ,
1722 2126 1762 2150 ac
1775 2115 1869 2152 ditia
1887 2116 2004 2154 Curia
2018 2116 2240 2153 Advocatum
2259 2139 2273 2161 ,
2297 2128 2359 2155 nec

316 2181 385 2207 non
403 2168 544 2206 Petrum
560 2163 699 2203 Gerard
710 2163 804 2199 ditia
817 2163 989 2200 Civitatis
1002 2162 1124 2199 Civem
1141 2187 1152 2198 .
1168 2163 1215 2200 D.
1233 2162 1268 2198 d'
1283 2162 1388 2200 Oriol
1401 2163 1589 2203 Decanus,
1605 2163 1757 2210 opinioni
1778 2163 1824 2200 D.
1839 2164 1884 2201 D.
1905 2163 2087 2213 Consulum
2101 2165 2228 2215 aeceffit
2240 2190 2254 2210 ‚
2270 2165 2360 2215 ficut

313 2221 358 2260 ὡ·
376 2217 542 2254 Dominus
559 2212 755 2251 Canonicus
771 2210 998 2259 Fongernaud
1015 2234 1028 2252 ‚
1053 2213 1192 2260 excepta
1201 2209 1277 2259 sold
1291 2228 1305 2255 5
1329 2223 1402 2260 qua
1415 2221 1491 2248 eum
1503 2210 1727 2250 concernebat
1745 2235 1756 2253 ,
1783 2213 2013 2250 nominatione
2026 2238 2038 2255 ,
2062 2213 2155 2250 circa
2190 2225 2292 2258 uam,
2314 2222 2357 2250 ut

315 2267 363 2304 D.
381 2266 424 2302 D.
440 2262 601 2312 Consules
616 2272 690 2298 eum
708 2259 849 2310 desuper
862 2259 1018 2308 excusent
1030 2282 1044 2302 ,
1074 2261 1237 2307 rogavit:
1262 2259 1417 2308 prediffi
1430 2259 1572 2296 Domini
1584 2260 1626 2297 de
1637 2259 1671 2295 la
1687 2260 1781 2298 Salle
1793 2284 1806 2304 ,
1831 2261 1935 2303 Bois,
1961 2261 2113 2298 Druitbe
2125 2285 2139 2304 ,
2195 2263 2329 2300 intona
2344 2286 2359 2304 ,

315 2314 474 2353 ‹Americ
485 2337 494 2351 ‚
522 2309 645 2348 Dalias
656 2332 670 2354 ,
686 2309 805 2346 Bories
820 2332 832 2350 ‚
843 2307 939 2358 juris
950 2308 1107 2345 Dofiores
1132 2308 1177 2349 ὼ·
1191 2308 1371 2346 Advocati
1377 2308 1528 2356 fuerunt
1551 2308 1595 2350 ὁ·
1613 2308 1757 2358 ejusdem
1779 2321 1854 2346 cum
1869 2310 1913 2347 D.
1927 2311 1971 2350 D.
1993 2309 2195 2358 Consulibus
2209 2309 2331 2359 sennis
2344 2322 2361 2351 3
2376 2338 2378 2344 ψ

310 2365 399 2412 ficut
413 2363 455 2404 &⁴
472 2362 517 2397 D.
529 2361 576 2396 D.
589 2358 741 2406 Bonjour
759 2381 772 2400 ‚
796 2356 939 2394 ‘Brunel
952 2381 962 2399 ,
987 2355 1150 2399 Roland,
1176 2357 1219 2407 φ·
1230 2355 1375 2404 Bifi·ard
1393 2357 1497 2394 Cives
1510 2380 1524 2400 ,
1548 2366 1682 2404 excepto
1694 2357 1780 2394 dieto
1795 2358 1937 2406 Biscard
1953 2358 2048 2394 circa
2069 2359 2106 2394 id
2118 2383 2131 2403 ,
2156 2359 2245 2406 quod
2265 2357 2365 2396 illius

317 2412 584 2447 nominationem
596 2407 736 2453 tangit,
762 2406 856 2441 circa
867 2415 968 2451 quam
1003 2406 1114 2441 ariter
1129 2405 1188 2440 D.
1201 2404 1260 2440 Ἶ).
1276 2403 1436 2452 Consules
1448 2429 1462 2450 ,
1486 2414 1528 2442 ut
1543 2416 1620 2442 eum
1645 2406 1744 2442 emtis
1757 2407 1818 2456 sui
1830 2406 1988 2454 excusent
1998 2430 2009 2449 ,
2035 2407 2177 2455 rogavit
2190 2429 2202 2441 .
2228 2406 2359 2445 Memo-

322 2459 396 2495 rati
410 2453 539 2506 Boiffon
551 2479 563 2498 ,
588 2453 699 2490 Fabre
713 2478 723 2493 .
750 2451 934 2496 valacia,
971 2484 974 2487 Α
997 2463 1063 2489 oux
1075 2476 1088 2495 ,
1115 2449 1275 2504 L⁰ff⁰3n2
1299 2452 1451 2490 Deleura
1463 2478 1474 2494 ‚
1501 2454 1544 2495 ὼ·
1557 2454 1619 2490 Ma
1634 2453 1762 2504 buiffon
1778 2454 1822 2491 D.
1837 2455 1882 2492 D.
1897 2453 2081 2505 Consulum
2093 2456 2245 2504 opinioni
2257 2455 2356 2503 pari-

320 2516 374 2544 ter
393 2504 605 2552 adhaeserunt
625 2514 635 2538 :
661 2501 716 2538 uti
741 2502 783 2544 ὼ·
807 2500 915 2538 dicius
930 2500 1105 2549 Biflramby
1117 2524 1130 2544 ,
1151 2500 1304 2548 pradicii
1316 2501 1509 2551 Hospitalis
1521 2501 1689 2540 AEdituus
1706 2527 1718 2543 ,
1744 2505 1795 2541 ita
1818 2513 1932 2540 tamen
1945 2528 1959 2548 ,
1983 2513 2024 2541 ut
2039 2513 2100 2553 per
2116 2504 2151 2541 D
2173 2505 2219 2542 D.
2237 2504 2364 2554 Consu-

319 2555 364 2592 les
381 2555 519 2593 Civitas
532 2550 674 2599 expensis
686 2551 916 2587 communibus
930 2549 971 2585 de
981 2547 1049 2585 olio
1065 2548 1134 2586 loco
1145 2549 1188 2591 ὠ·
1201 2549 1322 2594 Domo,
1336 2558 1398 2597 pro
1416 2550 1592 2599 Hospitali
1605 2560 1750 2600 tempore
1759 2551 1857 2638 pgslis
1873 2576 1885 2594 ,
1907 2561 1972 2601 pro
1987 2564 2051 2600 quo
2066 2552 2155 2589 ditia
2170 2553 2312 2591 ⁴Domus
2325 2553 2370 2595 ὁ·

325 2600 506 2650 Hospitale
521 2602 546 2636 S
564 2598 674 2635 Rochi
690 2599 859 2648 hucusque
870 2597 1056 2644 serviebat,
1062 2598 1275 2648 provideret.
1288 2598 1389 2643 ‘Diffi
1401 2597 1539 2652 ‘Borffon
1549 2623 1562 2642 ,
1580 2600 1732 2639 ‘Charles
1742 2626 1753 2642 ‚
1810 2597 1912 2651 effurs
1923 2599 2064 2639 Martia
2077 2627 2087 2643 ,
2113 2600 2279 2638 Chamion
2288 2626 2302 2647 ,
2329 2600 2366 2640 la

326 2651 441 2689 Roche
457 2674 469 2692 ,
494 2648 611 2699 Saffon
626 2671 640 2691 ,
664 2648 705 2685 de
719 2648 853 2684 ‘Breills
864 2674 876 2691 ,
905 2646 1062 2696 Joannes
1086 2646 1226 2684 Roland
1237 2672 1246 2687 ‚
1272 2647 1315 2689 (θ’
1328 2649 1481 2696 Dupiere
1493 2648 1655 2699 abjerunt
1669 2651 1709 2686 in
1722 2650 1781 2686 ‘D.
1795 2650 1839 2687 D.
1856 2649 2038 2698 Consulum
2043 2649 2253 2698 sententiam
2273 2676 2284 2687 .
2311 2650 2364 2688 Ex

327 2712 392 2750 quo
409 2700 484 2747 fuit
498 2699 670 2735 decretum
681 2722 695 2741 ,
718 2697 807 2745 quod
817 2696 982 2746 fundatio
996 2696 1077 2732 dieii
1090 2696 1291 2733 Conventus
1307 2697 1378 2734 FP.
1395 2696 1648 2746 Capacinorum
1650 2698 1696 2748 sit
1699 2697 1865 2747 facienda
1874 2722 1888 2742 ,
1912 2699 1955 2741 ἀπ’
1966 2698 2006 2735 de
2012 2698 2102 2747 saffo
2118 2696 2369 2748 instituendaae

330 2753 369 2785 in
383 2749 486 2786 Domo
508 2745 593 2782 dieti·
610 2742 807 2794 Hospitalis
820 2747 861 2782 S.
874 2743 1004 2786 Rothi,
1031 2745 1074 2786 &¹
1091 2745 1136 2780 ad
1147 2743 1238 2782 hunc
1245 2741 1393 2795 effefiium
1416 2755 1491 2783 tum
1509 2746 1598 2783 dii’la
1612 2746 1741 2784 Domus
1754 2771 1766 2789 ,
1791 2756 1863 2784 tum
1880 2746 1998 2785 hortus
2011 2759 2087 2784 cum
2101 2745 2260 2795 clausura
2284 2771 2310 2790 ,v
2322 2747 2367 2789 (δ’

329 2798 484 2835 circuitu
497 2795 605 2831 muris
619 2793 741 2843 clauso,
760 2793 857 2830 difiis
873 2793 901 2830 P
909 2793 947 2833 P.
961 2794 1148 2841 Capucinis
1162 2794 1244 2834 dari
1252 2795 1409 2835 debeant,
1427 2805 1596 2843 quatenus
1607 2796 1646 2831 in
1656 2796 1701 2832 iis
1717 2794 1889 2844 Ecclesiam
1901 2795 1944 2837 ὁ·
1959 2795 2174 2833 Conventum
2185 2794 2366 2843 aedificent,

325 2858 365 2883 ac
386 2846 499 2896 officiis
517 2843 649 2879 divinis
662 2868 674 2886 ‚
701 2843 743 2884 ὠ·
756 2843 910 2891 regulari
926 2843 1147 2891 observantia
1162 2842 1208 2878 ad
1217 2844 1286 2880 Dei
1300 2866 1313 2886 ,
1339 2843 1512 2892 ‘Deiparae
1524 2871 1532 2884 ,
1558 2854 1599 2880 ac
1613 2853 1728 2881 eorum
1741 2844 1796 2880 ⁶2⁹.
1808 2845 1846 2881 S.
1861 2841 2035 2892 Francisin'
2056 2844 2212 2880 honorem
2232 2846 2363 2880 incum-

331 2896 439 2934 bant;
466 2893 509 2934 (θ’
519 2900 694 2940 eapropter
712 2892 750 2927 in
765 2891 887 2929 realem
901 2916 913 2934 ,
938 2890 1099 2928 actualem
1112 2915 1124 2933 ‚
1150 2891 1194 2933 (⁷9⁹
1210 2890 1414 2940 corporalem
1423 2890 1636 2944 poffeffionem
1649 2916 1659 2932 .
1685 2893 1778 2930 modo
1793 2893 1830 2927 in
1844 2890 2033 2942 hujusmodi
2047 2892 2171 2941 casibus
2185 2893 2362 2941 requisito,

327 2945 370 2986 &¹
387 2941 541 2989 consueto
558 2941 774 2978 inducantur
788 2966 797 2981 ‚
811 2941 855 2982 ὠ·
868 2941 913 2977 D.
925 2939 971 2977 D.
984 2939 1187 2988 Consulibus
1196 2938 1297 2988 plena
1307 2940 1460 2988 facultas
1469 2941 1554 2979 data
1565 2940 1608 2991 est
1615 2950 1680 2990 per
1693 2938 1890 2992 necessarias
1912 2942 2171 2990 procurationes
2185 2939 2363 2988 confirma-

332 2993 457 3029 tionem
472 2989 492 3025 ἃ
506 2989 632 3027 δαηὲἶα
651 2989 740 3027 Sede
756 2989 932 3026 obtinendi
956 3013 965 3023 .
994 2988 1132 3039 Insuper
1143 2988 1298 3035 praedieii
1318 2987 1550 3037 Fongarnaud
1564 2991 1759 3028 Canonicus
1771 3017 1781 3032 ,
1806 2990 1846 3027 S.
1859 2990 1991 3027 Sernin
2003 3014 2015 3032 ‚
2036 2989 2130 3039 juris
2144 2989 2300 3034 Doffor,
2324 2989 2367 3030 ὁ·

325 3039 482 3087 Bisa-ard,
497 3040 534 3073 in
553 3037 848 3087 PP.Spirituales
874 3036 1038 3073 ditiorum
1063 3035 1222 3074 ‘Patrum
1248 3038 1501 3085 Capucinorum
1519 3048 1583 3087 pro
1604 3038 1812 3081 Conventa,
1838 3037 1935 3086 cujus
1950 3038 2115 3086 fundatio
2135 3037 2372 3086 inpraesentia·

328 3089 404 3124 rum
418 3087 640 3124 committitur
656 3110 670 3131 ,
691 3086 870 3135 eliguntur
881 3111 895 3130 ,
919 3094 1084 3123 creantur
1098 3107 1110 3129 ,
1127 3097 1167 3121 ac
1182 3085 1412 3134 instituuntur
1422 3110 1436 3130 ‚
1462 3097 1635 3135 quatenus
1639 3087 1744 3136 Juxta
1755 3087 1815 3126 hoc
1828 3087 1983 3138 officium,
1987 3086 2180 3136 funfiiones
2198 3087 2238 3122 in
2251 3083 2373 3135 huJ‘us-

328 3135 417 3174 modi
437 3134 513 3181 casu
529 3135 704 3183 requifitas
716 3160 729 3180 ‚
753 3144 934 3173 exerceant
954 3134 1026 3175 &c-

424 3182 503 3219 Hoc
522 3183 643 3231 orresto
658 3192 720 3231 per
736 3184 838 3221 difies
855 3180 1200 3232 Syndicosintelletlo
1216 3208 1229 3226 ,
1255 3183 1298 3225 (ξ’
1322 3184 1442 3221 audito
1463 3208 1476 3228 ,
1503 3183 1593 3233 quod
1615 3184 1711 3223 illius
1726 3194 1825 3222 tenor
1840 3183 1913 3270 ,st
1925 3195 1978 3222 res
1991 3183 2052 3233 pia
2065 3209 2077 3226 ‚
2095 3182 2215 3232 sanila
2232 3207 2245 3228 ‚
2270 3182 2377 3220 devo·

338 3234 432 3270 tione
449 3230 549 3278 plena
561 3253 574 3272 ,
600 3230 643 3272 ὁ
658 3232 703 3266 ad
718 3233 910 3282 Religionis
924 3231 1107 3271 Catholicae
1123 3255 1136 3275 ,
1160 3231 1353 3282 Aposlolicae
1364 3256 1379 3277 ,
1405 3244 1445 3270 ac
1453 3232 1614 3271 Romana
1634 3235 1782 3271 decorem
1797 3243 1856 3270 ten
1881 3244 1940 3270 ens
1955 3258 1967 3274 ,
1988 3231 2181 3280 pradiiium
2204 3230 2369 3291 Judicem

334 3290 398 3330 pro
422 3278 676 3316 authorizanda
700 3281 789 3316 diiia
808 3281 1053 3319 deliberatione
1071 3304 1083 3325 ‚
1111 3281 1154 3323 ὠ·
1169 3280 1301 3318 decreto
1318 3280 1510 3330 judiciali,
1531 3282 1654 3331 arresto
1671 3281 1845 3331 jungendo
1871 3281 2151 3327 requisiverunt:
2173 3279 2293 3319 Datus
2311 3281 2371 3318 D.

337 3328 498 3376 Sarrafin
515 3352 528 3371 ,
553 3326 776 3366 ‘Procurator
789 3328 897 3378 Regis
909 3354 921 3374 ,
945 3331 984 3366 in
997 3339 1133 3367 tantum
1141 3338 1204 3379 per
1220 3331 1436 3368 enuntiatam
1446 3329 1725 3368 deliberationem
1742 3328 1869 3367 Domus
1884 3329 2058 3366 memorati
2073 3329 2268 3379 Hospitalis
2282 3330 2310 3368 S
2312 3342 2375 3367 an-

336 3378 380 3414 eii
395 3375 503 3412 Rochi
523 3375 774 3424 adsaniiiorem
782 3378 876 3425 usum
886 3378 1101 3428 transfertur
1116 3401 1128 3423 ,
1152 3379 1196 3420 ὼ·
1214 3379 1412 3416 Conventus
1424 3378 1658 3426 predictorum
1673 3376 1745 3416 PP.
1762 3377 2016 3425 Capucinorum
2029 3400 2042 3420 ‚
2067 3388 2142 3414 cum
2154 3379 2225 3428 fine
2244 3387 2374 3428 paupe.

331 3439 389 3465 res
410 3425 604 3463 voluntarii
621 3450 633 3472 ‚
651 3426 696 3473 fit
709 3427 799 3476 aqui
812 3440 851 3465 ac
866 3426 1143 3470 Xenodochium,
1168 3426 1278 3477 asjrlus
1298 3427 1342 3469 &¹
1361 3426 1533 3476 refugium
1547 3434 1733 3476 paupertim
1746 3448 1758 3468 ,
1787 3425 2001 3474 requisitioni
2020 3425 2186 3465 difflorum
2202 3428 2369 3475 Syndico-

333 3488 412 3514 rum
427 3475 601 3513 adhaertns
628 3475 842 3521 declaravit,
868 3477 959 3526 quod
975 3489 1043 3514 non
1058 3476 1167 3525 solum
1180 3488 1246 3512 non
1259 3475 1422 3524 impedire
1435 3476 1595 3513 intendat
1610 3498 1623 3517 ‚
1637 3474 1702 3522 sed
1715 3498 1728 3517 ‚
1753 3483 1931 3522 quantum
1946 3483 2025 3523 opus
2038 3472 2115 3525 effet
2135 3501 2149 3521 ‚
2175 3477 2377 3516 authoriza-

340 3527 436 3563 zioni
446 3523 613 3574 pradifiiae
627 3525 884 3563 deliberationis
898 3526 1103 3575 consentiat.
1130 3525 1352 3576 Qapropter
1364 3524 1411 3561 D.
1423 3522 1545 3573 ‘j‘udex
1553 3523 1673 3560 dietam
1682 3518 2135 3576 deliberationem-Concim,
2153 3537 2321 3574 quatenus
2332 3529 2372 3563 in

332 3575 497 3622 futurum
507 3573 719 3623 juxtasuom
736 3575 807 3611 vim
817 3575 860 3616 ὁ·
874 3587 1023 3614 tenorem
1034 3583 1317 3612 manuteneretur
1331 3596 1345 3616 ,
1372 3573 1416 3615 ὠ·
1434 3573 1672 3621 observaretur
1683 3594 1696 3614 ,
1723 3571 1942 3609 authorizari
1949 3571 2043 3621 Juffit
2059 3598 2070 3614 ,
2096 3573 2229 3613 decreto
2241 3577 2306 3624 suo
2316 3575 2376 3626 1⁸¹¹·

337 3623 460 3659 diciali
483 3623 621 3673 appostto
649 3646 660 3658 .
686 3621 903 3672 ‘Postmodum
917 3625 1184 3674 superveniente
1203 3623 1260 3660 die
1282 3620 1446 3662 Martis
1459 3643 1473 3666 ,
1488 3621 1584 3671 fixto
1598 3619 1773 3670 {Januarii
1796 3620 1878 3665 die,
1900 3621 1944 3663 ὰ
1958 3620 2041 3671 festo
2063 3623 2129 3661 SS.
2146 3624 2279 3674 Regum
2289 3623 2375 3660 anni

338 3682 353 3705 1
362 3674 441 3716 598.
457 3672 676 3721 congregatis
687 3673 726 3708 in
738 3672 878 3721 Ecclefia
894 3675 1087 3722 collegiata
1099 3675 1139 3712 S.
1154 3670 1340 3712 Michaelis
1355 3668 1638 3720 Castronaudarii
1651 3669 1699 3706 D.
1710 3669 1757 3707 D.
1769 3669 1906 3706 Decano
1918 3689 1930 3713 ,
1955 3670 1999 3715 ὼ·
2011 3670 2196 3712 Canonicis
2204 3673 2298 3712 diiiae
2310 3673 2374 3709 Ec·

328 3717 423 3765 clefiae
442 3745 451 3760 ,
477 3734 518 3756 ac
539 3721 620 3757 aliis
638 3719 856 3770 Beneficiatis
872 3723 922 3759 ibi
939 3722 1179 3760 babitantibus
1198 3721 1267 3771 posi
1280 3716 1437 3769 Mt'ffams
1461 3717 1481 3755 ἃ
1500 3719 1542 3757 P·
1563 3718 1626 3756 Ma
1650 3716 1728 3769 istro
1754 3718 1870 3755 Petro
1893 3718 2210 3763 Solammemoratae
2227 3719 2371 3773 Ecclesiae

334 3767 581 3812 Fraesentotore
596 3793 607 3813 ‚
623 3781 662 3805 ac
676 3769 786 3820 Regio
800 3772 838 3807 in
855 3772 967 3809 Curia
982 3771 1123 3809 Domini
1136 3768 1349 3819 Senejcalchi
1365 3767 1408 3809 ἀπ’
1420 3766 1521 3806 Sedis
1532 3731 1743 3818 'Praesgdialis
1762 3767 1930 3804 Lauracii
1943 3770 1980 3805 A
2006 3769 2040 3805 ri
2065 3771 2262 3821 consiliario
2288 3773 2371 3811 cete-

331 3814 468 3861 bratam
483 3838 497 3860 ,
524 3817 728 3856 concionem
739 3819 761 3870 a
773 3818 822 3859 R.
839 3816 882 3860 P.
895 3818 1070 3870 ,Stephano
1082 3817 1260 3870 adquenst,
1272 3815 1424 3855 Ordinis
1441 3815 1692 3865 capuanorum
1710 3815 1976 3869 Contionatore-
1998 3818 2127 3868 obitam
2138 3847 2150 3866 ‚
2165 3821 2374 3872 crucemque

2283 3873 2328 3906 ad
