2638 4088
392 211 556 296 300

308 329 482 383 personae
497 329 536 372 in
557 327 833 373 Ecclefiastica
847 320 1047 377 dignitate
1073 318 1302 365 constitutae

1007 171 1692 264 Monumenta

1359 323 1426 362 &u
1441 347 1456 371 ‚
1477 320 1516 361 &
1530 328 1746 360 commune
1763 315 1936 373 ipsarum
1961 318 2264 363 Provinciamm
2282 317 2359 362 bos·

311 389 497 439 munitis,
512 389 652 431 eadem
670 383 826 443 prorsus
841 380 938 423 fides
952 380 1097 435 ubique
1112 380 1299 424 locorum
1357 393 1456 422 num
1492 376 1762 435 promovendi
1786 375 1920 418 studio
1941 375 2082 418 duetus
2106 379 2236 420 Nobis
2258 377 2357 434 sup-

315 450 445 491 tamin
461 448 638 504 judicio,
667 445 785 499 quim
815 442 931 482 extra
949 438 1053 481 illud
1080 440 1306 493 habeatur,

311 521 397 563 quae
424 507 642 549 haberetur
669 500 755 554 ipfis
778 497 1038 554 praesentibus
1063 525 1078 550 ,
1109 497 1136 540 fi
1169 499 1305 543 forent

313 567 500 608 exhibitae
519 591 532 614 ‚
547 561 610 602 vel
624 557 809 602 ostensae.

430 627 577 665 Datum
607 620 744 660 Romae
762 614 871 671 apud
899 615 1082 658 Sanctam
1096 616 1301 662 Mariam..

316 682 512 738 Maiorem
543 675 612 720 sub
647 675 813 719 Annulo
839 673 1051 718 Piscatoris
1081 674 1149 719 die
1181 690 1207 719 x
1228 691 1244 720 1
1268 691 1300 719 t.

315 737 561 805 Septembris
595 748 848 779 mncxcttt.
889 732 1146 779 Pontificatt‘is
1177 735 1298 779 nostri

317 813 420 842 anno
443 806 594 839 tertio.

320 928 352 971 ως
379 913 625 968 Autograph.
653 912 695 954 in
725 909 897 955 Archivo
914 913 1056 954 secret.
1074 915 1304 958 Brem'umu

434 971 689 1027 Apostolicor.
708 968 863 1028 Regesto
886 970 1005 1028 menſs
1027 971 1075 1019 i&
1100 986 1191 1017 ann.
1195 982 1305 1030 prae·

432 1028 632 1088 diH.fol.1
647 1043 660 1071 ι
670 1044 711 1085 3.
979 1030 982 1033 '

316 1167 1306 1187 n——O—fl—n-——v-——n

321 1273 424 1320 Nec
456 1283 547 1317 non
576 1265 634 1316 ad
665 1265 918 1316 cataloniae
936 1301 952 1324 ,
979 1268 1201 1318 Valentiae
1216 1304 1233 1328 ‚
1259 1265 1308 1319 &

378 1338 639 1408 Aragoniae
655 1337 917 1387 Provincias
937 1334 1028 1388 &c-

317 1475 924 1535 INNOCENTIUS
960 1480 1148 1530 PAPA
1181 1483 1309 1532 XII.

1364 439 1509 496 plicari
1538 434 1693 479 fecerat
1718 446 1734 487 3
1758 448 1802 479 ac
1828 433 2002 491 proinde
2021 436 2248 489 opportune
2268 437 2352 480 in...

1364 495 1566 554 praemiffis
1587 495 1609 538 a
1628 494 1757 538 Nobis
1771 492 1980 550 provideri
1997 520 2011 543 ,
2032 506 2106 535 nec
2121 507 2197 537 non
2210 506 2353 550 praete-

1362 556 1570 611 rea2quod
1602 555 1643 596 in
1667 554 1893 597 Provinciis
1921 550 2116 609 praedi-stis
2131 553 2356 609 Capitula..

1360 614 1636 659 Provincialia
1650 612 1702 655 de
1723 609 1960 668 sesquianno
1982 612 2023 652 in
2053 609 2358 668 sesquiannum...

1360 674 1562 719 celebrari
1579 673 1776 716 deberent
1791 699 1806 724 ‚
1819 669 2160 728 quemadmodum
2179 669 2249 715 fel.
2266 685 2355 715 rec.

1359 737 1554 777 Clemens
1583 735 1689 787 Papa
1715 730 1768 775 Χ.
1792 726 2050 786 praedeceffor
2078 728 2210 774 noster
2237 759 2252 783 ‚
2283 744 2360 787 pro

1361 793 1550 836 omnibus
1576 789 1755 848 ejusdem
1778 788 1944 831 Ordinis
1984 788 2212 832 Provinciis
2240 817 2256 842 ,
2287 802 2362 845 per

1361 851 1551 909 quasdam
1585 850 1667 894 suas
1698 847 1843 891 itidem
1874 847 1914 890 in
1934 846 2064 890 forma
2085 848 2223 891 Brevis
2253 860 2361 890 anno

1371 912 1492 964 1676.
1506 908 1677 966 desuper
1693 907 1900 964 expeditas
1923 906 2079 950 litteras
2106 903 2363 962 praescripfis-

1365 970 1404 1014 se
1417 971 1632 1013 dicebatur
1648 996 1661 1020 ,
1676 966 1837 1010 decerni
1859 967 1900 1007 &
1928 965 2126 1008 ordinari·
2139 965 2360 1022 plurimum

1364 1030 1643 1083 defiderabatp,
1672 1027 1756 1070 Nos
1784 1025 1978 1081 porrectis
2006 1024 2135 1069 Nobis
2166 1025 2296 1069 bacin
2315 1037 2361 1065 re

1366 1103 1442 1146 pro
1454 1086 1629 1145 ejusdem
1647 1084 1792 1132 Caroli
1808 1084 1930 1138 Regis
1949 1093 2064 1139 parte
2080 1083 2268 1140 precibus
2291 1084 2360 1126 be·-

1364 1148 1487 1204 nigne
1499 1154 1719 1189 annuentes
1733 1171 1747 1192 ‚
1760 1143 1904 1187 eadem
1924 1142 2160 1185 auctoritate
2175 1141 2365 1183 deelara-

1366 1207 1492 1249 vimus
1504 1204 1774 1248 remotionem
1787 1230 1802 1253 ‚
1816 1204 1856 1244 δι
1871 1201 2136 1244 abolitionem
2153 1198 2367 1242 Discreto-

1366 1280 1454 1311 rum
1470 1262 1826 1309 Conventualium
1849 1262 1889 1303 in
1909 1259 2135 1304 Provinciis
2157 1257 2362 1316 utriusque

1369 1322 1554 1367 Castellae
1579 1325 1771 1366 fratrum
1799 1319 1896 1362 dieti
1933 1318 2103 1362 Ordinis
2128 1318 2363 1375 Capucino-

1371 1398 1459 1428 rum
1474 1381 1621 1433 factas,
1644 1392 1688 1424 ut
1710 1377 1951 1437 praefertur,
1978 1376 2263 1434 expeditasque
2289 1376 2365 1420 de-

1371 1444 1491 1499 super
1512 1442 1668 1484 litteras
1685 1440 1836 1484 nostras
1849 1436 2052 1494 praediftas
2071 1435 2361 1494 intelligendas

1369 1502 1446 1546 effe
1457 1528 1472 1550 ,
1487 1515 1566 1543 non
1582 1498 1709 1543 solum
1723 1498 1900 1554 respectu
1915 1496 2138 1541 Provincia
2151 1496 2363 1551 utriusque

1277 1594 1280 1599 -
1368 1560 1550 1604 Castellae
1565 1585 1580 1609 a
1597 1558 1748 1602 veteris
1775 1556 1929 1601 scilicet
1949 1556 1991 1598 δι
2008 1568 2119 1598 novat
2134 1583 2150 1607 ‚
2181 1555 2362 1598 verum-a

492 1603 562 1647 Ad
566 1601 761 1660 futuram
782 1607 842 1648 rei
866 1619 1091 1651 memoriam
1111 1637 1125 1651 .

449 1731 541 1776 LiAs
556 1745 633 1786 pro
645 1738 762 1785 parte
777 1734 1004 1777 Chariffimi
1019 1736 1057 1776 in
1075 1736 1237 1779 Christo
1250 1737 1313 1778 Fi-

475 1791 520 1833 lii
548 1788 686 1837 nostri,
699 1792 857 1842 Caroli,
880 1794 1159 1848 Hispaniarum
1189 1796 1314 1850 Regis

321 1847 531 1893 Catholici
547 1848 675 1892 Nobis
689 1850 868 1906 expolito
892 1878 909 1904 ,
930 1852 1038 1907 quod
1063 1862 1145 1895 tam
1165 1853 1316 1895 Praedi·

325 1919 534 1960 catorum,
560 1911 598 1950 δι
626 1909 832 1952 Minorum
859 1911 995 1954 Sanc'ti
1015 1911 1208 1955 francisci
1223 1911 1315 1958 dea

320 1966 586 2011 Observantia
601 1980 922 2024 nuncupatorum
938 1998 951 2021 ‚
975 1973 1090 2026 quam
1106 1971 1316 2015 aliorum.»

321 2024 573 2078 diversorum
588 2026 789 2071 ordinum
803 2031 968 2072 Fratres
990 2031 1030 2071 in
1047 2032 1195 2084 Regno
1209 2033 1317 2073 utri-

320 2090 441 2143 usque
456 2085 641 2129 Castellae
664 2086 873 2129 existentes
886 2113 902 2134 ,
919 2086 983 2126 sua
1009 2088 1198 2142 Capitula
1214 2089 1319 2128 Pro-

323 2141 509 2187 vincialia
523 2170 534 2182 .
552 2140 737 2195 Reliqua,
750 2141 970 2196 utistaepra.

445 2203 531 2242 Nos
563 2198 922 2253 supplicationibus
963 2198 1141 2258 ejusdem
1172 2199 1316 2243 Caroli

323 2257 454 2314 Regis
481 2256 642 2298 nomine
667 2257 796 2299 Nobis
837 2259 954 2313 super
997 2260 1075 2300 hoc
1109 2259 1318 2300 humiliter

324 2317 515 2374 porrectis
543 2315 757 2362 inclinati,
786 2316 989 2357 Discretos
1015 2317 1221 2368 praedit‘tos
1242 2316 1314 2358 itt-2

322 2374 546 2419 Provinciis
561 2371 766 2427 utriusque
782 2373 967 2415 Castellae
995 2375 1186 2417 Fratrum
1217 2374 1312 2416 dieti

323 2433 489 2477 Ordinis
507 2431 836 2486 Capucinorum,
864 2431 934 2473 sub
960 2432 1083 2474 certis
1099 2432 1246 2485 modo,
1277 2436 1317 2476 δε

324 2491 454 2535 forma
470 2501 566 2532 tunc
581 2488 766 2545 expreffis
780 2520 796 2541 ‚
824 2492 1064 2535 auctoritate
1081 2495 1112 2535 A
1119 2493 1317 2550 postolica

323 2551 547 2595 sustulimus
563 2575 575 2596 2
590 2550 629 2590 δι
645 2551 888 2594 removimus
901 2577 914 2599 2
930 2551 971 2592 &
983 2551 1081 2596 alias
1095 2578 1109 2602 2
1138 2562 1258 2609 prout
1274 2552 1315 2596 in

323 2610 460 2654 nostris
483 2610 520 2650 in
551 2606 664 2650 fimili
689 2606 818 2651 forma
846 2610 984 2653 Brevis
1007 2611 1075 2654 die
1091 2625 1160 2668 29.
1176 2612 1316 2654 Martii

326 2671 445 2724 1693.
463 2664 635 2722 desuper
649 2668 846 2723 expeditis
870 2668 1021 2713 litteris
1035 2671 1196 2727 plenius
1212 2685 1316 2714 con-

322 2729 504 2778 tinetur3
522 2725 685 2768 subinde
702 2728 800 2769 vero
813 2742 887 2783 pro
899 2739 1015 2784 parte
1042 2730 1217 2788 eiusdem
1233 2733 1315 2774 Ca·

321 2786 400 2831 roli
422 2786 547 2840 Regis
564 2785 689 2827 Nobis
717 2786 868 2829 iterum
887 2789 1067 2845 expolito
1085 2820 1101 2842 ‚
1132 2789 1241 2846 quod
1275 2789 1315 2832 in

321 2843 492 2904 praefatis
507 2842 644 2886 nostris
661 2844 808 2887 litteris
833 2848 956 2890 trium
975 2850 1315 2892 provinciarum..

320 2909 558 2960 Regnorum
587 2902 792 2961 utriusque
817 2906 1004 2948 Castellae
1031 2908 1128 2958 dieti
1153 2909 1320 2951 Ordinis

323 2964 651 3017 Capucinorum,
676 2977 822 3018 nempe
847 2965 1033 3008 Castellae
1065 2968 1247 3017 veteris,
1277 2967 1318 3007 &

320 3035 431 3064 novae
452 3031 714 3074 nuncupatae,
741 3037 815 3065 nec
850 3037 927 3066 non
952 3025 1128 3076 Baeticae,
1158 3027 1196 3066 &
1229 3028 1318 3067 Na-

320 3092 443 3123 varrae
475 3080 783 3124 Provinciarum
810 3080 1017 3131 distincta,
1044 3085 1086 3124 &
1108 3083 1317 3138 expressa„

321 3136 474 3180 mentio
489 3135 588 3176 fasta
609 3152 689 3181 non
706 3139 840 3183 fuerat
855 3171 871 3191 ,
896 3141 1085 3198 quinimo
1103 3157 1177 3184 nec
1194 3142 1231 3184 in
1248 3141 1318 3184 eis-

320 3197 414 3239 dem
432 3195 556 3237 literis
570 3198 770 3249 provisum
786 3198 933 3251 fuerat,
949 3200 1057 3256 quod
1071 3201 1166 3245 loco
1178 3200 1319 3256 supra-

320 3255 524 3320 diaorum
541 3253 819 3302 Discretorum
840 3260 1199 3311 Conventualium,
1221 3261 1319 3303 ficut

320 3322 597 3379 praemittitur,
613 3312 858 3360 sublatorum
872 3349 888 3371 ,
914 3321 954 3362 δε
971 3330 1218 3363 remotorum
1246 3333 1321 3374 pro

321 3384 508 3438 tempore
524 3372 739 3417 existentes
757 3378 990 3421 earumdem
1010 3379 1317 3423 provinciarum

323 3434 591 3498 DefinitoreS‚
606 3433 646 3473 &
659 3435 873 3487 Custodes,
889 3452 967 3480 nec
981 3452 1062 3480 non
1076 3438 1146 3480 ille
1161 3436 1316 3487 saltem,

323 3504 391 3547 qut
421 3489 630 3533 novissime
658 3492 697 3534 in
725 3494 806 3535 illis
830 3494 1151 3540 Provincialatfis
1182 3495 1318 3538 officio

325 3548 544 3616 respective
558 3549 711 3593 funstus
726 3550 850 3598 fuerat
867 3586 882 3607 ,
909 3556 949 3598 in
966 3564 1100 3599 earum
1114 3553 1316 3599 Diffinito-

325 3609 393 3649 riis
410 3610 476 3659 ,δι
493 3611 698 3666 Capitulis
725 3612 1042 3659 provincialibus
1064 3625 1207 3658 votum
1220 3641 1235 3664 s
1250 3612 1314 3657 seu

328 3666 554 3722 suffragium
570 3671 791 3725 respective
802 3674 949 3718 habere
960 3675 1316 3730 deberent,quem-

327 3722 543 3787 admodum
570 3729 650 3784 ipse
678 3733 855 3777 Carolus
886 3737 974 3777 Rex
997 3764 1009 3785 ‚
1026 3748 1099 3788 pro
1121 3733 1314 3791 peculiari

325 3782 453 3823 suom
485 3787 680 3832 Ordinem
706 3793 934 3847 pradictum
956 3794 1187 3837 devotionis
1217 3791 1312 3836 affe-

1371 1623 1492 1667 etiam
1507 1617 1685 1674 respeRu
1701 1615 2008 1661 provinciarum
2026 1614 2178 1656 Baeticae
2192 1642 2206 1666 ‚
2232 1612 2359 1669 vulgo

1372 1677 1595 1734 Andalustae
1609 1705 1623 1729 ,
1650 1688 1818 1720 necnon
1845 1677 2067 1721 Navarrae‚
2081 1675 2146 1724 &,
2163 1682 2366 1729 quatenus

1372 1752 1472 1794 opus
1496 1734 1595 1778 esset
1610 1762 1624 1785 ‚
1654 1734 1952 1783 remotionem,
1975 1732 2244 1775 abolitionem
2270 1759 2286 1783 ,
2316 1743 2364 1772 ae

1375 1797 1524 1839 nostras
1541 1795 1698 1836 litteras
1710 1790 1937 1847 hujusmodi
1947 1792 1997 1833 ad
2013 1789 2370 1844 supradiaasPro-

1377 1854 1530 1900 vincias
1556 1851 1743 1895 Baeticam
1759 1878 1775 1902 ‚
1802 1851 1841 1891 &
1856 1852 2082 1892 Navarram
2107 1847 2215 1892 dieta
2237 1850 2375 1891 aueto-

1375 1917 1501 1959 ritate
1517 1910 1794 1962 extendimus,
1808 1909 1849 1951 δι
1861 1907 2158 1964 ampliavimus·
2172 1909 2370 1951 Praeterea

1375 1975 1519 2018 eadem
1543 1971 1783 2014 austeritate
1803 1968 2057 2011 decrevimus
2071 1995 2086 2019 ‚
2113 1968 2224 2024 quod
2245 1967 2342 2010 *vice
2355 1989 2371 2012 2

1377 2038 1419 2076 δι
1441 2034 1535 2074 loco
1561 2028 1840 2083 praedietorum
1869 2024 2150 2068 Discretorum
2178 2027 2217 2068 in
2245 2025 2372 2067 tribus

1378 2085 1607 2133 Provinciis
1624 2081 1869 2140 hujusmodi,
1888 2083 1984 2124 ficut
2002 2083 2374 2138 praemittitur,sub-

1378 2148 1554 2190 latorum
1569 2142 1610 2183 &
1628 2142 1895 2191 abolitorum,
1915 2139 2163 2183 Definitores
2176 2168 2191 2190 ,
2209 2151 2372 2197 atqup

1379 2200 1575 2248 Cudodes
1589 2228 1603 2250 a
1617 2203 1656 2243 δι
1672 2199 1926 2243 immediatus
1944 2201 2021 2241 Ex·
2030 2200 2297 2243 provincialis
2309 2213 2375 2242 ea·

1378 2260 1565 2305 rumdern
1581 2259 1885 2302 Provinciarum
1899 2257 1938 2299 in
1955 2257 2123 2312 ipsarum
2152 2257 2372 2312 respetstivk

1377 2317 1631 2363 Diffinitoriis
1646 2344 1659 2367 ,
1679 2318 1720 2358 δι
1742 2315 1947 2370 Capitulis
1976 2303 2115 2357 vobum
2147 2317 2374 2367 haberent,

1375 2380 1658 2432 distarumque
1687 2375 1995 2419 provinciarum
2021 2375 2212 2430 Capitula
2227 2377 2280 2419 de
2295 2372 2368 2416 sefi-

1375 2439 1555 2495 quianno
1583 2437 1623 2478 in
1651 2435 1927 2489 sesquiannum
1955 2433 2146 2490 deinceps
2164 2432 2370 2477 celebrari

1375 2498 1591 2546 deberent,
1603 2494 1770 2546 &alias,
1785 2504 1907 2548 prout
1923 2493 1962 2535 in
1979 2493 2066 2537 aliis
2090 2493 2231 2537 nostris
2245 2494 2286 2536 in
2305 2505 2380 2535 ea-

1375 2559 1469 2601 dem
1482 2553 1612 2598 forma
1627 2555 1765 2597 Brevis
1781 2552 1847 2592 die
1881 2565 1940 2594 12.
1955 2552 2209 2607 Septembris
2230 2552 2370 2608 proxi-

1378 2616 1441 2659 me
1457 2615 1651 2671 praeteriti
1666 2612 1836 2667 desuper
1849 2611 2048 2654 emanatis
2078 2610 2228 2654 litteris
2243 2639 2257 2662 ‚
2270 2624 2374 2666 qua-

1376 2689 1495 2727 rum,
1522 2676 1560 2716 δε
1589 2670 1868 2729 praedic'tarum
1889 2672 2110 2714 nostrarum
2137 2668 2375 2712 litterarum

1375 2747 1540 2778 tenores
1557 2762 1571 2785 ‚
1586 2729 1847 2787 praesentibus
1867 2743 1943 2786 pro
1963 2726 2081 2788 plene
2109 2728 2149 2769 &
2171 2727 2373 2770 sufficien-

1375 2805 1439 2838 ter
1465 2788 1888 2850 expteffis,&iusertis
1912 2787 2045 2833 haberi
2062 2788 2265 2838 volumus,
2279 2787 2379 2830 ube.-

1380 2854 1460 2898 rius
1479 2853 1715 2895 continetur
1731 2879 1743 2892 .

1493 2913 1598 2954 Cum
1616 2921 1749 2954 autem
1763 2937 1779 2960 ‚
1807 2906 1908 2950 ficut
1933 2905 2066 2949 dictus
2077 2906 2252 2950 Carolus
2274 2907 2364 2949 Rex

1379 2972 1511 3014 Nobis
1524 2984 1653 3027 nuper
1667 2968 1805 3012 denuo
1829 2965 1977 3022 exponi
2007 2963 2132 3016 fecit,
2156 2963 2237 3023 ipse
2262 2965 2374 3008 binas

1378 3031 1536 3074 litteras
1556 3029 1706 3074 nostras
1721 3027 1940 3083 ptaedictas‚
1953 3025 2002 3066 ad
2021 3025 2257 3070 Provincias
2270 3025 2376 3068 Ara—

1379 3091 1536 3143 goniae,
1561 3087 1789 3138 valentiae,
1816 3083 2120 3135 Cathalauniae,
2151 3081 2373 3135 Sardiniae,

1378 3150 1417 3189 &
1436 3148 1637 3201 Majoricae
1659 3146 1752 3188 dicti
1779 3143 1947 3187 Ordinis
1974 3144 2161 3185 Fratrum
2189 3141 2372 3196 Capuci-

1380 3220 1525 3249 norum
1551 3220 1624 3262 per
1646 3209 1733 3248 Nos
1765 3202 1932 3246 extendi
1966 3201 2186 3255 plurimum
2210 3197 2371 3242 defide-

1379 3275 1441 3308 ret
1457 3294 1468 3305 .
1499 3268 1586 3307 Nos
1617 3264 1693 3320 piis
1717 3261 1892 3317 ejusdem
1908 3257 2052 3302 Caroli
2079 3257 2208 3313 Regis
2237 3259 2375 3312 votis,

1378 3324 1456 3365 hac
1485 3323 1523 3364 in
1542 3337 1584 3365 re
1598 3349 1612 3371 ,
1631 3320 1824 3377 quantum
1837 3331 1932 3361 cum
1953 3317 2130 3359 Domino
2147 3315 2344 3373 possumus
2361 3340 2376 3367 ⁵

1377 3379 1661 3425 favorabiliter
1679 3390 1856 3421 annuere
1883 3375 2100 3428 volentes,
2114 3376 2377 3433 supplicatio·

1376 3441 1492 3483 nibus
1512 3438 1688 3496 ejusdem
1726 3435 1872 3488 Caroli
1899 3436 2024 3490 Regis
2049 3437 2212 3478 nomine
2241 3435 2372 3478 Nobis

1377 3498 1493 3556 super
1510 3500 1588 3541 hoc
1607 3495 1813 3539 humiliter
1840 3493 2037 3551 porrectis
2053 3494 2267 3546 inclinati,
2285 3493 2375 3539 de.)

1374 3555 1721 3614 Congregationis
1752 3553 2042 3598 nonnullorum
2070 3569 2120 3597 ex
2145 3554 2370 3597 venerabi·

1375 3618 1480 3661 libus
1498 3616 1703 3660 Fratribus
1722 3614 1863 3657 nostris
1887 3616 1926 3656 S.
1944 3615 1997 3656 R.
2015 3615 2064 3655 E.
2079 3611 2367 3656 cardinalibus

1375 3678 1395 3719 a
1425 3675 1554 3727 Nobis
1591 3674 1896 3731 particulariter
1926 3672 2130 3729 deputatae
2167 3669 2337 3715 confilio
2351 3698 2366 3722 ,

1375 3737 1484 3778 binas
1515 3734 1668 3779 nostras
1691 3734 1847 3778 litteras
1861 3730 2104 3788 supradictas
2119 3759 2134 3783 ‚
2155 3730 2368 3783 omniaque

1372 3795 1410 3837 in
1427 3796 1507 3839 illis
1524 3792 1708 3853 disposita
1723 3822 1738 3846 ,
1771 3791 1906 3850 quoad
1925 3790 2160 3837 Provincias
2175 3791 2368 3888 Fratrum

2263 3861 2307 3889 g.
