2592 4094
914 224 1513 342 Insulensis,
1992 267 2150 345 241

202 378 266 415 que
293 366 501 421 qont'entirs
527 367 566 403 S.
592 366 789 402 Audomari-
807 364 1042 403 Guardianum
1069 379 1150 403 runc
1174 378 1327 412 agentem
1346 394 1356 409 ,
1385 380 1420 404 ut
1442 370 1556 407 anima>
1581 371 1645 408 suar
1667 370 1885 409 diret-'tionem
1911 373 1945 407 in
1969 375 2001 410 se
2024 377 2218 425 susciperet’

200 422 364 458 rogav1t3
390 425 516 450 morem
533 438 546 457 ,
571 426 642 460 quo
669 417 753 451 alias
778 414 834 451 ille
857 415 1048 462 hujusmodi
1076 426 1171 452 curas
1199 416 1337 461 rejecit,
1362 419 1497 453 interno
1522 419 1683 458 instinetu
1709 422 1881 465 mutavit,
1906 421 1940 457 8(
1966 423 2141 462 Franciscae
2169 429 2220 462 οῖ’

199 456 314 497 ficium
339 462 446 508 petitae
470 462 669 500 direaionis
693 464 828 499 addixit
851 487 862 499 .
889 464 977 498 Loeta
1002 463 1043 498 de
1071 474 1198 498 annutu
1229 463 1322 499 illico
1354 475 1437 500 voto
1466 467 1602 504 consilia
1639 469 1714 516 ejus
1749 471 1835 506 caca
1862 470 2060 506 obedientia
2097 473 2221 519 semper

199 511 390 556 exequendi
414 511 446 546 se
470 510 651 546 obstrinxit
670 533 684 553 ,
712 513 855 556 Deoquc
879 512 926 545 ob
955 510 1102 550 Virum,
1128 511 1188 555 qui
1213 511 1396 548 secundirm
1422 525 1480 548 cor
1504 515 1580 562 ejus
1604 516 1682 552 esset
1698 542 1711 561 ‚
1739 527 1908 565 repertum
1932 527 2043 563 grates
2066 519 2160 562 egit.

297 558 385 594 Non
411 560 487 595 leve
513 570 626 596 tamen
650 558 831 605 spititualis
854 556 1121 593 conversationis
1146 558 1425 604 impedimentum
1457 561 1588 607 ingeffit
1615 565 1772 602 locorum
1805 590 1818 608 ‚
1842 567 1876 602 in
1902 567 2027 614 quibus
2052 566 2221 604 francisca

197 605 232 640 8(
260 607 473 652 Augustinus
499 606 751 649 morabantur,
773 605 932 642 distantia
951 617 965 645 ;
985 604 1158 640 consuluit
1191 615 1304 642 autem
1331 608 1365 644 8(
1395 609 1473 646 huic
1495 613 1616 648 ctelum
1641 614 1719 649 casu
1737 640 1747 655 ‚
1774 626 1846 661 quo
1872 615 2045 652 Moniales
2070 615 2222 650 Burbur-

197 654 235 699 gi
260 656 317 692 Fr.
334 654 564 699 Augustinum
587 653 683 690 suum
707 653 888 690 decrevere
914 652 1205 690 concionatorem
1227 679 1235 688 .
1257 655 1339 690 Inde
1366 655 1446 693 sicut
1474 659 1508 693 in
1537 661 1685 696 AEdibus
1701 663 1879 700 Franciscte
1899 663 2110 700 domicilium
2138 663 2219 707 sige·

199 713 234 738 re
259 714 339 742 eum
367 714 412 739 ex
442 714 534 739 more
559 702 744 749 oportuit,
770 701 818 737 ita
843 712 911 737 non
936 700 1048 737 solitm
1072 713 1117 739 ex
1142 702 1365 738 contubernio
1393 705 1468 750 ejus
1492 717 1550 752 per
1575 715 1641 744 tres
1668 710 1850 756 subsequos
1869 722 1999 753 annos,
2019 712 2165 747 Maritus
2193 711 2223 745 se

196 750 397 786 immutavit
416 751 452 786 in
477 751 579 787 alium
598 750 719 787 Virum
736 774 749 795 ,
767 753 801 786 &
820 749 962 787 excluso
986 749 1280 788 conversationum
1301 750 1479 797 dispendio
1501 753 1621 793 ,saluti
1646 757 1763 793 animat
1788 760 1948 795 attentius
1973 760 2145 800 incubuit,
2169 757 2226 794 sed

196 799 442 842 &Francisea,
468 799 590 836 secreta
617 799 694 834 vitre
716 798 895 846 spiritalis,
912 797 1134 835 abundatiore
1161 797 1280 832 solatio
1305 799 1348 834 ab
1373 801 1570 844 Augustino
1597 805 1731 850 excepit
1756 829 1767 840 .
1793 807 1934 849 Semel,
1957 810 2037 844 dum
2063 808 2141 843 huic
2166 807 2226 842 de-

197 845 354 884 siderium
380 846 548 892 religiosae
571 846 672 889 vitre,
697 847 732 882 &
759 857 880 882 votum
905 846 1045 892 desuper
1068 844 1218 881 emissum
1244 846 1434 891 patefecit,
1463 849 1559 883 illam
1575 873 1586 891 ,
1601 861 1639 884 ut
1656 852 1689 885 in
1714 864 1757 887 eo
1782 854 1970 899 persever-ez
2023 856 2056 891 8<
2071 856 2104 890 in
2126 855 2224 902 quie-

199 906 231 932 te
259 895 369 933 divini
393 894 523 933 consilii
545 893 706 931 effectum
731 894 895 939 expeaet
915 915 928 934 ,
953 894 1006 929 hic
1031 892 1208 929 admonuit
1234 918 1244 926 .
1273 895 1355 930 Alia
1384 895 1459 930 vice
1482 896 1563 932 dum
1591 899 1816 944 Gravelingae
1845 914 1921 937 cum
1949 881 2078 939 M’arito
2099 903 2228 950 nuptiis

199 944 322 980 adesset
340 969 350 985 ,
374 955 447 979 eam
470 941 644 987 inquietus
671 941 866 976 solitudinis
892 940 929 975 &
954 941 1121 978 orationis
1138 952 1231 977 amor
1245 943 1314 985 ,ad
1338 942 1519 978 Ecclesiam
1551 945 1765 982 Clariffarnm
1794 950 1963 990 abduxit3
1987 964 2130 998 cumque
2153 963 2228 986 ora-

200 993 252 1029 tio
278 994 386 1028 lenem
413 987 599 1025 induxisset
629 990 806 1030 somnum,
834 987 979 1025 excitata
1006 992 1040 1024 in
1067 990 1135 1026 haec
1161 990 1264 1024 verba
1300 991 1479 1036 prorupit:
1503 992 1521 1027 ὃ
1547 992 1676 1035 Deus,
1702 994 1719 1030 ὃ
1744 997 1790 1031 ηπ·
1813 997 1926 1045 ‘Jefu‚
1951 1000 2011 1034 abi
2034 1008 2148 1046 potero
2173 1011 2227 1035 re-

195 1041 311 1090 perire
336 1039 422 1074 hanc
435 1034 586 1083 stmffam
609 1043 846 1083 paupertatem
862 1058 875 1078 ‚
899 1047 1000 1082 quam
1020 1037 1134 1072 anima
1162 1047 1232 1072 mea
1255 1038 1464 1085 concupiscit
1487 1042 1501 1073 r
1527 1040 1562 1076 8(
1588 1041 1752 1078 internam
1780 1057 1900 1081 vocem
1924 1048 2056 1082 audivit
2089 1048 2227 1091 respon-

200 1090 360 1127 dentem,
383 1084 444 1120 ubr‘
468 1081 587 1119 melius
603 1107 616 1126 ‚
641 1081 741 1131 qudm
766 1084 804 1118 in
837 1084 878 1120 S.
905 1082 1080 1134 Franciscr‘
1109 1083 1272 1121 Ordine?
1301 1088 1394 1122 Dum
1421 1087 1528 1122 somni
1555 1088 1656 1134 hujus
1683 1093 1875 1139 mysterium
1894 1117 1906 1135 ,
1931 1095 1964 1130 8<
1990 1097 2066 1130 vitae
2091 1095 2230 1139 refigio-

199 1134 240 1173 sae
264 1132 431 1170 anhelitus
461 1131 637 1169 Direelori
662 1132 780 1168 retulit
801 1154 813 1174 ,
840 1143 930 1178 opus
955 1132 1027 1168 caeli
1051 1132 1088 1169 id
1114 1132 1179 1169 esse
1210 1132 1357 1177 intulit,
1382 1136 1480 1170 nullo
1500 1138 1649 1182 amplius
1673 1142 1770 1177 obice
1795 1142 2046 1186 impediendum
2062 1167 2073 1179 .
2101 1144 2228 1190 Eapro-

200 1193 276 1231 pter
314 1182 348 1216 &
386 1179 454 1229 jam
482 1179 608 1227 praevie
636 1179 681 1216 de
713 1179 928 1216 Monasterio
952 1202 965 1222 ,
993 1180 1028 1216 in
1052 1193 1123 1228 quo
1153 1194 1227 1217 eam
1255 1184 1441 1219 collocaret
1472 1207 1485 1226 ‚
1509 1185 1714 1223 deliberavit
1740 1200 1749 1223 t
1775 1201 1918 1237 cumque
1944 1192 1979 1227 in
2008 1191 2132 1235 Belgio
2157 1191 2228 1226 Ca-

201 1230 342 1279 put-,inas
373 1241 441 1265 non
465 1229 627 1275 reperiri,
652 1229 688 1267 8(
713 1229 734 1265 ὰ
763 1227 1000 1265 Parisiensrbus
1025 1240 1203 1265 extraneas
1230 1241 1296 1266 non
1319 1232 1453 1267 admitti
1479 1232 1663 1269 reflecteret
1679 1259 1689 1277 ,
1718 1238 1887 1283 propriam
1906 1241 2056 1274 Domum
2081 1262 2092 1281 ‚
2119 1238 2228 1273 secutri-

201 1281 301 1316 semel
328 1277 443 1314 Mariti
468 1288 604 1323 morte,
629 1277 662 1312 in
694 1276 937 1312 Monasterium
965 1278 1227 1314 convertendam
1253 1279 1318 1315 esse
1331 1303 1345 1322 ,
1371 1280 1550 1317 Franciscae
1574 1284 1947 1331 proposuit„adjectis
1959 1287 2233 1328 conditionibus,

203 1328 314 1376 prime
339 1325 501 1373 quidem3
530 1335 566 1360 ut
591 1325 657 1362 hoc
683 1325 838 1361 redditus
865 1325 1049 1369 retineret,
1073 1338 1151 1363 curn
1177 1336 1367 1373 temporum
1400 1328 1486 1364 ratio
1508 1329 1712 1367 Monialium
1725 1333 1961 1375 Coenobium,
1988 1333 2053 1368 fine
2077 1334 2128 1368 his
2150 1345 2235 1368 con-

203 1378 282 1413 strui
310 1385 380 1410 non
409 1374 651 1420 permitteret,
675 1373 744 1409 alia
764 1373 852 1409 vero
879 1397 892 1417 ‚
918 1386 956 1410 ut
978 1375 1206 1423 jurisdiclioni
1241 1377 1400 1423 Episcopi
1427 1378 1623 1414 subderetur
1649 1403 1662 1424 ,
1683 1392 1761 1416 cum
1785 1381 1960 1426 Capucini
1995 1382 2037 1415 ad
2062 1390 2174 1415 curam
2198 1380 2233 1414 in

203 1426 234 1461 se
261 1422 505 1467 suscipiendam
533 1422 648 1458 induci
674 1432 740 1457 non
768 1421 919 1468 possent.
950 1424 1080 1460 Placuit
1092 1422 1267 1460 Franciscae
1289 1425 1498 1472 propositio,
1523 1426 1590 1469 im,
1617 1439 1654 1463 ut
1674 1429 1745 1476 jam
1769 1429 1811 1465 de
1833 1428 2041 1465 officinarum
2068 1427 2232 1463 divisione

203 1471 396 1516 cogitaret:
418 1469 543 1524 afflixit
568 1481 680 1525 autem
704 1471 821 1516 operis
847 1471 969 1507 dilatio
987 1497 997 1512 ‚
1023 1484 1100 1507 cum
1131 1484 1257 1519 corpus
1277 1475 1481 1516 extenuari,
1507 1474 1661 1522 viresque
1687 1477 1829 1513 deficere
1848 1478 2070 1513 adverteret.
2096 1475 2235 1519 Agitata

198 1521 246 1557 ita
276 1528 394 1554 contra
421 1520 510 1564 lpem
538 1519 570 1552 in
595 1521 687 1564 Spem
714 1520 747 1553 in
771 1519 914 1555 Ecclesia
942 1520 1133 1556 Parochiali
1160 1521 1365 1557 concionem
1398 1522 1543 1559 Pastoris
1576 1525 1616 1559 de
1649 1526 1752 1561 Cock
1778 1526 1819 1561 de
1846 1524 1971 1562 divinae
2011 1524 2237 1560 Providentiae

201 1568 332 1605 arcanis
356 1567 465 1602 audiit
488 1590 500 1609 ,
525 1567 559 1602 8(
585 1579 657 1602 eam
686 1567 746 1602 sibi
774 1568 931 1604 consulto
959 1568 1105 1605 habitam
1134 1580 1205 1605 rata
1221 1593 1234 1613 ‚
1262 1582 1402 1616 pronam
1429 1570 1472 1606 ad
1493 1583 1729 1620 quemcunque
1756 1585 1916 1610 eventum
1951 1575 2164 1609 voluntatem
2185 1584 2237 1608 re-

203 1616 377 1653 novavit.
413 1615 576 1651 Tetendit
603 1626 714 1651 tamen
732 1639 743 1657 ,
768 1616 828 1662 qui
854 1617 889 1652 in
923 1615 980 1652 sua
1007 1616 1228 1664 dispositione
1255 1630 1326 1655 non
1353 1618 1478 1654 fallitur
1497 1646 1507 1662 ,
1525 1621 1623 1657 Deus
1649 1633 1784 1657 manum
1807 1623 1898 1659 suam
1916 1646 1925 1664 ,
1948 1623 1982 1658 8(
2011 1621 2138 1655 fortiter
2164 1621 2238 1662 egit

202 1675 319 1702 contra
347 1663 534 1706 Maritum,
560 1673 598 1699 ut
619 1663 767 1700 suaviter
794 1664 964 1701 Francisca
991 1666 1178 1710 attingeret
1204 1666 1280 1702 voti
1311 1667 1360 1702 sui
1387 1668 1516 1703 finem:
1536 1672 1659 1705 morbo
1686 1671 1840 1716 percussit
1860 1671 2119 1709 Alexandrum,
2135 1678 2236 1713 quem

200 1714 272 1758 ipsa
295 1711 395 1755 origo
419 1711 586 1749 indicavit
615 1712 748 1748 fatalem
774 1737 785 1748 .
828 1712 1039 1759 Negteftum
1063 1714 1147 1750 nihil
1173 1716 1222 1751 est
1245 1739 1256 1757 ,
1293 1717 1388 1761 quod
1424 1716 1623 1752 restitutioni
1660 1719 1776 1754 salutis
1811 1718 1960 1764 prodesse
1996 1717 2197 1753 credebatur
2226 1725 2237 1748 ἐ

203 1761 377 1798 francisca
401 1760 491 1796 fudit
517 1772 659 1807 preces,
683 1761 718 1796 8(
739 1761 835 1797 fundi
856 1762 948 1808 justit
963 1787 976 1806 ‚
1005 1762 1185 1808 partesque
1203 1763 1338 1800 Uxoris
1359 1764 1541 1809 implevit.
1567 1766 1618 1799 Ex
1638 1767 1852 1801 Medicorum
1880 1769 2022 1801 oraculo
2051 1765 2092 1799 de
2122 1761 2256 1808 seque-¹

205 1812 236 1846 la
262 1809 380 1846 mortis
407 1820 499 1845 certa
519 1809 665 1851 ‚sexum
690 1809 866 1853 superavit
884 1834 897 1852 ,
921 1810 956 1845 8(
981 1809 1080 1846 fortis
1107 1810 1244 1845 funeslae
1271 1810 1467 1846 neceffitatis
1498 1814 1655 1846 nuncium
1671 1814 1798 1847 Marito
1823 1815 1918 1849 dedit
1945 1838 1953 1848 .
1994 1813 2167 1849 Turbatus
2188 1810 2238 1845 est

205 1858 240 1893 iu
266 1858 420 1894 sermone
454 1857 650 1892 Alexander
667 1879 681 1899 ,
705 1856 871 1892 animatus
899 1866 1011 1892 autem
1040 1857 1221 1893 franciscae
1254 1857 1372 1903 spiritu
1388 1881 1400 1900 ,
1426 1858 1569 1894 viriliter
1593 1860 1750 1894 adoravit
1780 1863 1961 1897 Decretum
1988 1862 2059 1896 carli
2085 1882 2097 1900 ,
2121 1859 2155 1893 &
2179 1859 2232 1904 pia

206 1908 502 1945 sacramentorum
529 1903 723 1948 receptione
738 1927 749 1946 ‚
761 1904 804 1938 ad
825 1905 951 1939 lusiam
977 1904 1106 1940 ulumae
1121 1907 1214 1942 horae
1229 1905 1259 1939 se
1287 1906 1507 1951 praeparavit,
1524 1917 1633 1941 rerum
1651 1909 1889 1955 temporalium
1904 1909 2119 1956 dispositione
2137 1908 2237 1942 Fran-

207 1955 300 1991 ciscoe
326 1951 426 1996 plene
451 1952 568 1988 relicta
584 1977 595 1992 ,
611 1956 644 1987 &
669 1963 747 1988 cura
771 1951 929 1988 filiarum
944 1975 957 1996 ,
985 1952 1165 1999 praesertim
1192 1964 1275 1989 natu
1298 1954 1467 1997 minoris,
1492 1966 1592 2000 quam
1617 1957 1636 1990 a
1663 1957 1771 1992 Matre
1784 1958 1826 1991 ad
1841 1967 1973 2004 tempus
1986 1957 2237 2002 relinquendam

211 2013 307 2039 vates
333 2002 481 2043 dixerat,
493 2001 739 2036 commendata.
757 2001 875 2046 thue
902 2000 1012 2037 fidelis
1039 2000 1147 2039 Uxor
1170 2002 1203 2036 in
1231 2001 1325 2037 lustu
1349 2003 1397 2037 sui
1421 2003 1544 2039 amoris
1566 2004 1701 2040 haberet
1724 2005 1871 2052 pignus,
1891 2008 1910 2040 a
1933 2007 1964 2043 se
1989 2015 2106 2039 votum
2118 2006 2253 2039 Sacer-v

206 2051 294 2087 dorii
321 2050 356 2085 in
382 2049 457 2083 casu
483 2048 641 2082 restituta:
666 2047 813 2082 sanitatis
839 2047 1023 2093 recipiendi
1048 2049 1198 2083 emissum
1227 2048 1318 2088 effe,
1342 2050 1566 2092 enuntiavit,
1591 2062 1759 2096 quatenus
1784 2052 1853 2098 ipsa
1880 2053 2046 2097 religiosae
2069 2052 2145 2086 vitae
2161 2051 2239 2096 pos-

209 2099 256 2135 set
285 2095 445 2142 amplesti
470 2094 587 2129 solatia
606 2118 616 2128 .
635 2093 729 2128 Vota
752 2115 764 2135 ,
790 2093 908 2137 spem,
928 2094 967 2128 8(
993 2093 1161 2129 discursus
1187 2095 1326 2139 abrupit
1343 2097 1485 2130 tandem
1509 2108 1586 2130 cum
1615 2097 1677 2131 filo
1704 2100 1780 2135 vitae
1813 2111 1904 2135 mors
1930 2102 1973 2135 ad
2007 2109 2063 2144 25.
2087 2098 2240 2146 Ianuarii

207 2145 284 2182 anni
320 2144 418 2186 1614.
448 2141 610 2188 prefinita
633 2164 647 2183 ,
672 2139 946 2184 Franciscamque
975 2151 1037 2186 per
1071 2151 1123 2186 17.
1155 2151 1322 2178 annorum
1348 2141 1490 2186 spatium
1518 2143 1712 2180 conthorali
1745 2145 1902 2181 societate
1933 2147 2137 2182 Alexandro
2166 2145 2241 2180 uni·

208 2204 304 2235 tam,
331 2191 425 2227 socio
454 2188 621 2224 sauciavit
645 2188 737 2225 iau.
765 2189 853 2224 Non
878 2198 1015 2234 poterat
1043 2200 1110 2224 non
1139 2199 1266 2224 amaras
1301 2189 1489 2237 lachrymas
1514 2191 1599 2226 ciere
1636 2203 1680 2227 ex
1708 2202 1825 2229 tenero
1852 2195 2032 2230 Franciscae
2062 2194 2162 2229 corde
2186 2193 2241 2239 ja-

207 2241 303 2279 &ura
328 2249 392 2275 tam
420 2237 565 2283 gravis3
589 2249 650 2274 nec
673 2236 756 2284 quid
783 2247 882 2278 erat,
907 2249 982 2284 quo
1006 2237 1140 2274 doloris
1170 2236 1298 2273 sensum
1327 2239 1515 2283 exprimere
1538 2250 1696 2285 poterat,
1721 2241 1755 2278 8(
1778 2253 1849 2277 non
1876 2242 1999 2279 fecerat
2022 2243 2241 2279 abundanter.

209 2289 352 2328 Lenivit
388 2287 546 2323 acerbum
570 2287 698 2322 vulnus
714 2308 727 2328 2
754 2295 825 2321 tum
850 2286 1012 2322 memoria
1040 2284 1179 2320 divinae-
1198 2287 1385 2322 voluntatis
1409 2287 1446 2320 in
1473 2287 1674 2323 Alexandro
1705 2289 1767 2325 suo
1791 2290 2050 2333 consummatae,
2077 2301 2148 2326 tum
2170 2290 2240 2324 vir-

213 2351 267 2376 tus
291 2335 414 2373 amoris
442 2333 553 2370 divini
577 2356 588 2376 ,
612 2334 671 2380 qui
698 2334 808 2369 subito
830 2344 890 2367 cor
918 2332 1104 2368 Franciscae
1128 2333 1261 2377 integro
1282 2334 1360 2380 jure
1386 2334 1592 2378 occupavit,
1618 2336 1653 2370 &
1679 2348 1723 2372 ex
1751 2339 1871 2373 Mariti
1895 2339 2065 2374 cineribus
2091 2363 2104 2381 ‚
2129 2349 2242 2375 cum-0

219 2386 347 2436 quibus
373 2380 484 2420 omnis
509 2383 626 2418 mundi
652 2381 792 2417 affeflus
817 2380 925 2417 fuerat
949 2380 1095 2427 sepultus
1119 2403 1132 2423 ,
1158 2379 1315 2416 beatioris
1341 2380 1421 2415 vitre
1450 2380 1596 2417 flammas
1625 2384 1773 2420 accendit
1789 2407 1807 2427 ,
1835 2386 2032 2431 sacrumque
2069 2387 2245 2420 mundana,

216 2432 373 2471 vanitatis
398 2430 518 2467 odium
544 2429 651 2473 magis
675 2432 776 2475 quam
815 2440 963 2476 unquam
995 2428 1161 2464 excitavit
1181 2453 1193 2471 ,
1221 2429 1265 2464 ita
1290 2428 1427 2475 quidem
1453 2451 1466 2470 ,
1505 2439 1542 2463 ut
1576 2431 1703 2473 majore
1735 2431 1878 2465 vellium
1906 2434 1991 2466 luxu
2016 2433 2086 2475 igni
2113 2431 2239 2476 injetsto

219 2480 350 2520 nonnisi
377 2480 411 2515 in
437 2478 762 2525 neglet'ftowilique
784 2477 901 2513 habitu
924 2477 958 2512 in
984 2476 1139 2523 exequiis
1163 2485 1391 2522 compareret.
1418 2475 1483 2511 His
1506 2477 1642 2511 tandem
1664 2489 1706 2511 eo
1730 2479 1866 2520 lugubri
1887 2490 2052 2524 apparatu
2061 2503 2073 2522 ,
2100 2490 2236 2524 quem..

219 2531 298 2566 Viri
318 2528 475 2565 conditio
501 2527 717 2572 requirebat,
743 2525 928 2571 persolutis
955 2550 968 2570 ‚
993 2525 1163 2571 animique
1190 2525 1342 2560 libertate
1368 2524 1397 2558 ei
1421 2524 1568 2559 restituta
1591 2547 1604 2566 ‚
1631 2524 1811 2561 ‘Dominus
1837 2549 1849 2568 ,
1871 2526 1968 2573 juxta
1994 2527 2081 2564 sacra
2106 2527 2239 2564 verba.»

222 2581 303 2626 Sap.
331 2589 386 2626 3-5.
408 2601 419 2619 ,
444 2578 483 2611 in
509 2574 741 2611 multitudinae
765 2573 950 2622 disciplina
966 2574 1149 2622 separavit
1169 2584 1241 2608 eam
1258 2595 1270 2615 ,
1297 2573 1338 2613 ὠ·
1362 2572 1560 2608 immutavit
1587 2573 1666 2607 vias
1689 2573 1760 2621 ejus
1783 2585 1793 2607 t
1829 2585 1903 2608 nam
1928 2573 2008 2609 sicut
2030 2585 2136 2621 nupta
2159 2597 2172 2617 ‚
2196 2583 2236 2608 ut

221 2627 314 2662 Viro
341 2628 512 2670 placeret,
537 2623 687 2671 quaefivit
705 2647 717 2668 ,
743 2623 787 2658 ita
806 2623 876 2669 jam
909 2623 1041 2664 libera,
1068 2622 1099 2657 se
1132 2621 1271 2656 hostiam
1295 2623 1374 2655 Deo
1401 2621 1586 2666 placentem
1624 2632 1682 2666 per
1703 2622 1789 2657 sacra
1816 2632 1896 2657 vota
1921 2622 2078 2657 exhibere
2101 2623 2237 2658 statuit.

222 2674 376 2711 Vocavit
401 2674 435 2708 in
463 2682 591 2719 partem
617 2672 714 2708 sortis
735 2671 852 2707 Filiam
876 2682 981 2709 natu·
998 2669 1179 2716 majorem,
1207 2669 1226 2703 ὲ
1248 2680 1313 2714 qua
1337 2667 1537 2703 desiderium
1563 2667 1643 2704 vitae
1671 2669 1831 2714 religiose
1856 2672 1875 2705 ὲ
1901 2681 2054 2716 tempore
2070 2693 2081 2712 ,
2106 2681 2178 2715 quo
2202 2669 2237 2704 in

222 2721 389 2760 Duacenfi
419 2721 628 2757 Monasterio
659 2719 871 2756 Monialibus
887 2718 1118 2756 Benediflinis
1141 2715 1347 2752 convivebat
1361 2716 1575 2758 ,constanter
1595 2718 1703 2753 foveri
1726 2728 1869 2754 noverat
1885 2743 1898 2762 ,
1923 2730 1960 2754 ac
1986 2718 2237 2764 perfeetiorv,

221 2774 326 2818 quam
347 2771 430 2806 alias
455 2778 573 2805 natura
603 2767 784 2815 praescribit
798 2792 811 2812 ‚
834 2769 964 2802 unione
992 2767 1078 2802 inter
1103 2765 1133 2800 se
1156 2764 1280 2811 junaae
1293 2789 1306 2809 ,
1335 2767 1485 2800 Domum
1501 2765 1535 2799 in
1552 2766 1794 2802 Monasterium
1809 2777 2008 2803 convertere
2027 2766 2235 2810 cogitarunt·

223 2824 376 2856 Domum
401 2843 412 2857 ‚
435 2818 571 2864 inquam
604 2838 616 2858 ,
644 2816 686 2851 de
708 2827 774 2860 qun
801 2814 973 2852 Francisca
999 2823 1152 2859 tempore
1178 2837 1189 2853 ,
1215 2824 1286 2859 quo
1311 2812 1460 2849 Maritus
1484 2821 1563 2849 ante
1585 2813 1701 2850 decem
1726 2827 1833 2850 annos
1854 2827 1926 2850 eam
1954 2825 2063 2850 emere
2090 2813 2205 2849 voluit
2227 2835 2238 2852 ,

222 2866 369 2913 praesaga
399 2865 494 2900 suasrt
525 2863 734 2909 emptionem
760 2875 836 2898 cum
861 2862 1000 2898 verbis:
1027 2873 1095 2896 eme
1117 2858 1232 2902 illam,
1259 2873 1360 2902 nam,
1387 2860 1475 2907 quod
1499 2869 1643 2908 tempore
1664 2861 1726 2910 suo
1750 2862 1834 2898 mihi
1854 2872 1916 2911 pro
1943 2861 2144 2910 Monastem'o
2161 2861 2237 2909 ser·-

223 2916 301 2951 vr‘re
329 2922 430 2959 queat
449 2938 460 2954 ,
485 2910 681 2959 praevideo.
711 2911 859 2947 Primum
883 2911 917 2946 in
944 2914 1002 2946 bac
1030 2912 1174 2953 Domo,
1197 2910 1291 2957 quod
1319 2909 1489 2944 reformari
1515 2910 1549 2945 8(
1577 2911 1683 2955 aptari
1709 2911 1826 2946 debuit
1849 2934 1861 2954 ,
1885 2911 1947 2945 fuit
1972 2912 2170 2945 Oratorlum
2202 2908 2234 2942 in

224 2965 304 3000 loco
330 2961 484 2995 solitario
507 2958 735 2995 construaum
756 2983 768 3002 ,
795 2961 829 2994 in
855 2971 925 3006 quo
951 2958 1036 3003 ignis
1059 2957 1173 3001 sacer,
1196 2958 1352 2994 oratione
1377 2958 1410 2992 8(
1436 2959 1726 3003 contemplatione
1750 2958 1859 3001 fotus,
1879 2958 2145 2993 continuoluxit
2164 2982 2174 2997 ,
2200 2956 2235 2994 8:

182 3053 187 3059 A
225 3012 333 3046 odore
359 3007 538 3044 suavitatis
561 3009 677 3042 caelum
707 3008 865 3052 implevit
878 3032 890 3045 .,
915 3006 1041 3043 Samae
1067 3015 1177 3042 tamen
1206 3016 1242 3041 ut
1265 3007 1489 3048 incederent,
1515 3008 1711 3042 ordinarunt
1734 3006 1902 3042 charitatis
1927 3005 2110 3052 &pietatis
2129 3004 2236 3046 astus,

225 3059 352 3104 bosque
392 3057 480 3093 inter
504 3055 704 3092 oratorium
733 3057 767 3092 &
797 3055 972 3092 Ecclesiam
999 3055 1250 3097 parochialem,
1277 3066 1378 3102 quam
1402 3053 1579 3098 sociatim,
1602 3058 1634 3089 &
1655 3054 1808 3100 quotidie
1829 3053 1920 3089 adire
1947 3054 2122 3096 solebant,
2148 3052 2236 3088 divi·

225 3109 363 3143 seruntz
394 3118 456 3142 nec
479 3105 570 3140 aliud
598 3114 732 3150 ternpus
758 3115 812 3139 eas
839 3105 881 3139 ab
903 3102 1049 3139 invicem
1075 3102 1293 3147 segregavit,
1318 3105 1419 3149 quam
1447 3113 1516 3138 nox
1534 3128 1544 3144 ‚
1571 3113 1627 3136 aut
1651 3113 1781 3146 tempus
1795 3100 1938 3147 quietis,
1960 3102 1994 3136 in
2018 3101 2093 3137 rudi
2120 3101 2236 3141 lesio,

225 3156 259 3191 8(
286 3154 390 3190 cubili
412 3179 423 3194 ,
450 3154 484 3188 in
509 3164 581 3199 quo
608 3151 737 3187 nonnisi
762 3151 972 3199 paupertatis
998 3151 1033 3187 8(
1057 3150 1332 3188 mortificationis
1359 3150 1514 3196 supellex
1539 3151 1759 3190 cernebatur,
1785 3152 1881 3196 parce
1904 3161 2031 3195 captae-

324 3202 490 3246 lnterim,
517 3212 554 3237 ut
573 3199 756 3248 &juniori
783 3200 1017 3237 consuleretur
1040 3199 1131 3235 Pilia:
1155 3222 1167 3240 ,
1192 3198 1310 3235 blande
1334 3210 1407 3235 eam
1435 3199 1479 3234 ad
1507 3198 1584 3232 vitae
1609 3197 1670 3232 suae
1698 3207 1794 3232 novae
1816 3197 2021 3234 consortium
2047 3198 2204 3236 invitavit
2224 3210 2238 3237 ς

228 3263 305 3287 cum
331 3262 439 3287 tamen
462 3260 598 3296 tempus
627 3250 660 3285 8(
685 3249 795 3294 gratia
819 3249 962 3286 necdum
987 3246 1175 3283 advenisset
1202 3273 1212 3288 ,
1248 3247 1404 3293 assignata
1429 3245 1630 3281 haereditatis
1653 3244 1716 3280 sure
1740 3245 1898 3291 portione
1922 3270 1935 3290 ‚
1967 3247 1999 3283 ei
2026 3247 2111 3282 inter
2135 3248 2238 3284 socias

227 3299 346 3334 vivere
371 3300 511 3335 liberum
536 3298 677 3345 reliquit
698 3322 710 3341 ,
755 3297 818 3333 suae
857 3297 1051 3334 vocationis
1079 3295 1252 3339 negotium
1271 3293 1411 3340 Spiritui
1437 3292 1564 3330 saneto
1586 3294 1836 3329 commendavit
1862 3318 1874 3338 ,
1896 3295 1938 3332 ἃ·
1953 3296 2100 3331 animata
2124 3306 2240 3332 exem.

228 3347 287 3392 plo
314 3347 554 3384 Matronnrum
579 3346 755 3394 utriusque
784 3347 874 3390 legis
899 3370 910 3386 ,
941 3357 1016 3391 quae
1045 3355 1196 3390 tempore
1221 3343 1397 3378 viduitatis
1422 3343 1484 3378 suae
1522 3350 1642 3384 magna
1666 3340 1802 3387 operari
1828 3343 2025 3390 plerumque
2051 3345 2237 3380 consueve-

226 3405 328 3437 rant,
354 3395 389 3430 8(
412 3395 502 3430 inter
527 3407 611 3442 quas
622 3395 741 3442 Judith
758 3395 925 3437 ,Debora
954 3394 1044 3435 &c.,
1070 3391 1151 3428 ficut
1180 3393 1214 3427 8(
1242 3392 1370 3431 Paula,
1398 3389 1582 3430 Marcella,
1611 3389 1758 3425 Melania
1781 3389 1848 3425 ἃς.
1874 3392 1974 3438 digne
2001 3393 2154 3427 recenseri
2183 3393 2238 3425 dc-

233 3443 312 3477 bent
328 3465 341 3484 ,
363 3443 487 3486 grande
515 3443 648 3478 Domus
673 3445 736 3479 suae
759 3444 794 3478 in
826 3443 1071 3479 Monasterium
1098 3441 1330 3476 convertendae
1361 3449 1449 3484 opus
1474 3461 1484 3480 ,
1522 3438 1660 3481 expleto
1686 3437 1759 3483 post
1781 3449 1924 3475 mortem
1953 3440 2071 3475 Mariti
2101 3440 2236 3474 trium-u

232 3489 393 3525 mensium
421 3491 601 3526 intervallo
627 3513 641 3533 ‚
666 3490 815 3536 aggressa
844 3493 891 3526 est
918 3518 928 3528 .
958 3490 1090 3526 Manita
1117 3488 1194 3525 dein
1225 3487 1343 3523 litteris
1369 3483 1679 3525 commendatitiis«,
1705 3486 1739 3521 8(
1764 3486 1975 3523 sacerdotali
2003 3487 2159 3522 societate
2185 3486 2236 3519 lli-

228 3546 332 3585 pata‚
363 3540 596 3574 Audomarum
616 3538 658 3574 ad
673 3539 878 3584 Episcopum
900 3539 1051 3585 perrexit
1073 3560 1086 3579 ,
1111 3536 1210 3581 eique
1242 3536 1335 3570 suum
1360 3535 1392 3569 8<
1423 3534 1515 3569 Piliae
1542 3531 1749 3578 propositum
1779 3535 1858 3570 vitae
1882 3537 1925 3570 ad
1951 3546 2097 3571 normam
2119 3535 2237 3578 Capu-

231 3590 383 3622 cinorum
412 3585 624 3621 instituendae
649 3608 661 3628 ,
686 3585 917 3630 adgeniculata
948 3585 1077 3621 detexit
1100 3609 1109 3619 .
1137 3583 1303 3629 Spiritum
1339 3583 1516 3619 Franciscae
1540 3592 1575 3614 ut
1605 3583 1750 3623 penitius
1776 3584 1971 3628 exploraret
1996 3583 2028 3617 8(
2056 3582 2239 3627 probaret,

232 3635 344 3670 varias
368 3634 527 3670 discursui
549 3634 728 3670 immiscuit
753 3634 979 3679 quaestiones;
1007 3644 1150 3678 cumque
1181 3631 1335 3677 responsa
1359 3631 1400 3666 ad
1431 3642 1488 3665 eas
1513 3630 1682 3673 adaequata
1697 3653 1708 3671 ‚
1733 3631 1767 3666 8(
1791 3641 1861 3665 tum
1887 3630 2106 3670 discretione,
2131 3638 2239 3664 tum.-

234 3684 364 3718 ratione
391 3684 502 3718 limata
526 3681 690 3724 audiret,
713 3681 777 3716 suae
799 3682 1023 3727 protectionis
1049 3680 1187 3724 gratiam
1215 3681 1245 3714 ei
1273 3677 1490 3723 adpromisir,
1517 3681 1574 3716 Sc,
1601 3688 1636 3709 ut
1663 3678 1954 3717 Constitutiones,
1981 3689 2066 3720 quas
2087 3679 2120 3713 in
2145 3687 2240 3713 novo

232 3733 402 3768 Coenobio
426 3729 600 3766 observari
622 3730 727 3765 vellet
745 3754 756 3770 ‚
782 3729 1014 3765 conscriberet
1036 3751 1046 3770 ‚
1071 3727 1228 3762 monuit.
1257 3727 1322 3762 lvit
1343 3751 1352 3767 ‚
1377 3724 1591 3768 conscripsit,
1616 3724 1648 3758 8(
1676 3726 1826 3770 portavit
1844 3749 1854 3763 ,
1879 3736 1961 3768 quas
1986 3726 2019 3759 &
2052 3725 2239 3771 Episcopus

231 3779 375 3862 benigsse
401 3779 534 3863 echepit
555 3800 568 3822 ,
597 3788 635 3813 ac
652 3801 665 3822 ,
689 3787 727 3813 ut
745 3775 836 3813 sensa
857 3776 930 3823 ejus
952 3776 1098 3823 desuper
1125 3775 1232 3811 redux
1259 3775 1386 3810 audiret
1407 3795 1420 3815 ,
1440 3774 1532 3856 ¹diiekm
1555 3772 1677 3810 indixit
1698 3797 1707 3808 .
1736 3774 1814 3808 Hoc
1837 3772 2051 3809 illucescente
2075 3774 2155 3810 dum
2179 3772 2246 3808 libi-

362 3839 421 3863 om.
463 3851 473 3861 .
2101 3833 2194 3868 grata
