2592 4094
625 1082 2228 1272 LSATIAE4

675 1441 693 1460 ⁴
724 1473 763 1480 ,
844 1425 943 1476 solo
963 1429 1161 1494 plantata
1188 1431 1426 1480 Provincia
1441 1464 1458 1487 ,
1471 1432 1588 1478 inter
1603 1430 1703 1479 illas
1721 1429 1865 1496 Regni
1883 1427 2046 1476 Galliae
2064 1426 2281 1474 ultimum

698 1562 703 1565 Δ
740 1515 758 1545 ;
846 1510 997 1546 teneat
1027 1499 1213 1557 locum,
1248 1517 1354 1550 cum
1377 1498 1549 1548 nonnifi
1573 1515 1688 1548 anno
1717 1495 1961 1547 millefimo
1988 1493 2282 1563 septingente-

719 1563 785 1623 -;„{
826 1565 961 1615 'fimo
994 1566 1216 1636 vigefimo
1247 1570 1412 1620 octavo
1445 1604 1461 1627 ,
1505 1566 1657 1619 valida
1687 1564 2060 1618 Excellentiffimi
2090 1562 2280 1614 Domini

566 1672 570 1681 f
609 1685 611 1690 ,
847 1640 909 1686 D.
929 1638 1122 1686 Leonori
1140 1641 1302 1689 Mariae
1322 1641 1603 1698 Du-Maine,
1637 1639 1836 1688 Comitis
1852 1636 1914 1685 du
1940 1639 2116 1702 Bourg,
2143 1637 2282 1682 Fran-

534 1755 545 1764 ,
561 1743 575 1754 2
595 1722 608 1737 ²
675 1713 694 1756 2³⁴
710 1720 768 1764 {2:²³1
845 1707 920 1755 ciae
936 1708 1203 1757 Marechalli
1218 1745 1235 1767 ,
1263 1709 1452 1760 Ordinis
1473 1713 1520 1759 S.
1539 1707 1731 1777 Spiritfis
1763 1707 1940 1775 Equitis
1954 1739 1970 1762 ,
1986 1706 2276 1752 Gubernato-

697 1826 700 1842 Ι
729 1823 733 1837 ᾖ,
849 1776 907 1822 ris
931 1774 1175 1841 &mopera
1203 1779 1354 1837 adjuta
1370 1812 1386 1834 ,
1413 1779 1499 1826 hoc
1524 1780 1660 1826 titulo
1686 1812 1703 1834 ,
1730 1775 1778 1826 &
1803 1773 2103 1842 praerogativa
2140 1769 2278 1819 fuerit

699 1861 702 1864 ⁴
725 1845 737 1856 “’
761 1868 773 1894 ;
850 1840 1054 1909 infignita
1071 1877 1087 1900 ,
1119 1846 1258 1892 nihilo
1283 1844 1421 1894 secius
1438 1880 1454 1903 ,
1486 1843 1519 1893 fi
1551 1846 1671 1894 illius
1696 1863 1798 1892 cum
1814 1844 2052 1893 Provincia
2071 1842 2280 1901 Helvetig

841 1929 895 1960 ca
925 1914 1136 1960 unionem
1166 1914 1490 1981 perpendamus
1513 1949 1530 1972 ‚
1556 1919 1648 1977 ejus
1688 1912 1957 1963 incunabula
1986 1928 2102 1959 anno
2132 1911 2276 1958 mille-

259 1973 375 2025 fimo
401 1976 718 2028 sexcentesimo
749 1981 882 2028 tert10
906 1998 985 2046 per
1014 1982 1189 2030 Domfis
1218 1983 1555 2033 Enfishemianae
1586 1982 1895 2032 fundationem
1930 1979 2018 2030 fixa
2050 1977 2176 2030 fuisse
2212 1996 2280 2028 re-

255 2047 484 2112 perimus,
515 2044 777 2110 Fratresque
797 2051 892 2106 jam
917 2051 1066 2111 primo
1084 2050 1215 2096 mane
1243 2053 1288 2097 in
1306 2055 1486 2098 vineam
1512 2054 1700 2099 Domini
1728 2052 1877 2101 missos
1894 2050 2014 2100 τεὲὶὲ
2027 2049 2277 2099 inferimus,

258 2111 418 2164 Divisa
444 2113 505 2162 est
530 2114 575 2161 in
607 2113 717 2162 duas
736 2111 980 2162 Custodias
997 2149 1013 2171 ,
1032 2115 1405 2185 Argentinensem
1432 2117 1481 2167 δι
1497 2117 1885 2174 Colmariensem,
1914 2135 2104 2183 quarum
2130 2119 2280 2183 prima

260 2187 529 2233 Conventus
559 2180 782 2231 inferioris
815 2181 1002 2233 Alsatiae
1020 2219 1036 2242 ,
1067 2187 1207 2234 altera
1226 2186 1339 2235 vero
1365 2184 1604 2252 superioris
1631 2187 1948 2254 complectitur
1967 2222 1980 2234 .
2009 2190 2135 2235 Inter
2157 2189 2279 2235 Con·-

255 2267 419 2302 ventus
462 2254 612 2320 plures
649 2251 753 2302 sunt
786 2286 800 2310 ,
828 2255 907 2320 qui
934 2252 981 2304 δε
1008 2253 1220 2314 historia,
1254 2254 1303 2306 &
1331 2257 1436 2305 nota*
1461 2256 1598 2324 digna
1634 2259 1865 2305 continent
1884 2292 1897 2306 .
1935 2254 2278 2325 Argentinenfis

257 2339 311 2372 ex
339 2320 440 2389 ipsis
471 2321 694 2389 lapidibus
713 2356 728 2378 ‚
756 2322 917 2387 quibus
943 2341 998 2372 ex
1014 2322 1290 2373 Monasterio
1306 2360 1322 2380 ‚
1348 2323 1396 2375 <St
1424 2325 1621 2374 Ecclefia
1654 2331 1762 2374 RR.
1779 2330 1867 2376 PP.
1887 2326 2276 2375 Conventualium

256 2391 419 2441 avulsis
434 2426 450 2449 ,
477 2391 718 2440 Lutherani
733 2393 898 2441 turrim
913 2427 929 2450 ,
958 2391 1006 2443 &
1030 2390 1299 2442 fortalitium
1330 2395 1443 2442 olim
1459 2408 1716 2450 erexerant,
1741 2395 1897 2442 ordine
1923 2397 2050 2461 regio
2077 2394 2274 2443 constru-

257 2462 356 2511 &us
374 2459 569 2511 traditur
595 2495 610 2519 ,
640 2474 692 2510 ut
721 2495 736 2518 ,
770 2461 892 2527 quod
926 2462 1083 2512 odium
1110 2463 1239 2512 Fidei
1262 2464 1308 2511 in
1339 2461 1567 2511 dictorum
1596 2466 1778 2511 Patrum
1805 2460 1947 2509 fundo
1973 2461 2274 2512 distractum..

253 2532 611 2600 prophanaverat
625 2565 641 2589 ,
668 2532 712 2579 in
735 2529 986 2597 psalmodia
1009 2534 1344 2599 Capucinorum
1375 2529 1774 2580 resanffificaretur
1793 2565 1804 2579 .
1839 2529 2169 2580 Blozhemenfis
2193 2531 2270 2580 ad-

253 2599 476 2651 ministrat
502 2618 660 2668 parum
689 2599 883 2651 diffitam
917 2604 1157 2669 Capellam
1187 2637 1203 2659 ‚
1231 2620 1328 2668 quae
1354 2603 1595 2670 imaginem
1615 2605 1667 2649 B.
1688 2605 1749 2649 V.
1770 2602 1930 2649 Mariae
1950 2600 2008 2648 ad
2023 2600 2271 2670 Qucum..

255 2671 424 2720 dietam
453 2671 691 2720 conservat
707 2706 722 2727 ,
752 2671 972 2739 prodigiis
988 2707 1003 2729 ,
1033 2670 1082 2721 ὃς
1113 2673 1378 2738 antiquitate
1397 2707 1412 2729 ‚
1438 2689 1518 2719 nec
1535 2688 1625 2719 non
1649 2668 1933 2736 frequentato
1949 2670 2059 2718 olim
2082 2673 2272 2718 Patrurn

257 2742 458 2790 Concilii
492 2738 744 2790 Bafileenfis
774 2739 972 2799 accessu,
1002 2746 1096 2804 jam
1130 2740 1239 2792 vero
1270 2743 1485 2791 continuo
1513 2743 1735 2811 peregrini
1765 2741 1920 2812 populi
1953 2737 2170 2788 confluxu
2202 2756 2272 2797 ce7¹

258 2808 430 2859 lebrem
447 2845 459 2857 .

394 2877 702 2947 Hagenoenfis
726 2882 928 2950 elogium
957 2894 1119 2930 texunt
1151 2895 1248 2930 tum
1286 2885 1391 2931 RR.
1424 2886 1531 2932 DD.
1552 2881 1773 2931 Canonici
1799 2876 2266 2936 Praemonstratenses3

257 2947 368 2997 dum
397 2965 554 2997 eorum
583 2951 627 2997 in
654 2950 862 2999 Civitate
892 2949 1018 2999 fitam
1046 2956 1092 3001 S.
1111 2954 1292 3002 Nicolai
1323 2953 1583 3002 Parochiam
1600 2987 1616 3009 ,
1644 2953 1669 2999 a
1693 2953 1903 3018 contagio
1928 2946 2140 2998 haereseos
2162 2952 2266 2997 Fra·

258 3020 339 3067 tris
372 3019 538 3067 Albani
572 3017 891 3069 Enfishemiani
918 3024 1069 3078 Zelo,
1093 3039 1226 3088 quem
1256 3021 1372 3071 infra
1397 3021 1886 3076 commemorabimuS,
1913 3016 2264 3085 praeservatam...

255 3083 380 3138 fuisse
399 3123 415 3145 ,
441 3106 593 3137 annuae
627 3093 855 3139 memoriae
888 3090 1020 3158 penso
1051 3088 1273 3148 fatentur,
1296 3107 1396 3142 tum
1426 3090 1696 3141 Monasteria
1726 3090 1998 3136 Monialium
2026 3100 2151 3136 extra
2184 3089 2263 3136 Ci-

252 3159 447 3208 vitatem
475 3158 734 3218 existentia3
767 3161 880 3209 illud
906 3160 1113 3209 videlicet
1144 3164 1184 3209 in
1207 3162 1494 3219 Biblisheim,
1526 3159 1712 3208 Ordinis
1740 3158 2057 3214 S.Benedisti,
2074 3155 2259 3207 &aliud

254 3228 363 3278 Pons
394 3228 553 3296 Regius
579 3231 855 3287 vocitatum,
886 3231 1074 3279 Ordinis
1097 3229 1428 3288 Cistercienfis,
1459 3246 1650 3296 quorum
1683 3229 1909 3294 primum,
1938 3226 2025 3276 suae
2053 3224 2260 3275 Ecclefiae

254 3298 432 3348 cultum
454 3333 468 3354 ,
495 3302 701 3348 Fratrum
734 3299 990 3349 nostrorum
1019 3298 1126 3348 cura
1145 3298 1395 3357 servatum,
1419 3314 1600 3366 gratum
1626 3295 1767 3345 noscit
1783 3332 1797 3353 ,
1815 3295 1864 3346 &
1890 3299 2081 3346 alterum
2105 3313 2260 3344 muros

254 3363 356 3415 suos
376 3369 402 3414 a
424 3366 637 3417 saevientis
655 3370 786 3419 Sueci
813 3372 968 3419 militis
999 3369 1196 3418 flammis
1214 3406 1229 3427 ,
1260 3370 1520 3418 eorumdem
1549 3371 1760 3415 Fratrum
1784 3363 1927 3432 sagaci
1949 3366 2085 3434 operai
2110 3382 2256 3413 exem-

253 3450 357 3502 ptos
382 3434 507 3485 fuisse
526 3473 540 3494 ,
562 3438 752 3504 repofito
778 3442 820 3488 in
851 3441 1059 3490 Archivo
1081 3439 1369 3505 gratitudinis
1398 3442 1683 3487 Documento
1712 3437 1999 3485 commendat
2025 3471 2037 3484 .
2067 3439 2253 3483 Enarrat

255 3503 672 3556 Oberenhemianus
699 3506 883 3558 scelestae
900 3526 1057 3558 manus
1081 3508 1249 3557 facinus
1280 3542 1296 3565 ,
1326 3526 1417 3575 quo
1439 3511 1482 3555 in
1503 3509 1652 3555 Altari
1675 3508 1966 3572 Argentorati
1994 3504 2253 3562 elaborato,

254 3573 528 3624 maleficium
557 3576 613 3624 ad
632 3573 824 3626 formam
856 3577 1068 3646 serpentis
1094 3581 1137 3624 in
1157 3580 1368 3627 columna
1381 3577 1437 3625 ad
1458 3594 1597 3624 cornu
1616 3578 1845 3643 Evangelii
1861 3573 1947 3624 fuit
1963 3575 2255 3631 collocatum,

254 3659 355 3694 turn
381 3645 654 3701 Saeculares,
684 3660 782 3694 tum
801 3651 974 3696 Fratres
1000 3647 1128 3695 dietae
1151 3648 1369 3698 columnae
1394 3647 1701 3711 appropiantes
1726 3645 1859 3692 variis
1889 3642 2056 3690 morbis
2076 3678 2092 3698 ,
2122 3641 2170 3693 ὅ(
2188 3661 2257 3692 ca·

254 3713 374 3765 fibus
393 3716 555 3762 mortis
570 3749 587 3772 ,
615 3713 753 3781 usque
781 3715 891 3764 dum
908 3717 1134 3764 detectum
1167 3715 1311 3766 fuerat
1326 3751 1341 3773 ,
1360 3713 1562 3764 infestans
1582 3750 1594 3762 .
1612 3713 1812 3780 Infignes
1831 3714 2006 3760 exhibet
2025 3712 2254 3778 Relic'quias

253 3782 555 3843 Thannenfis,
588 3784 800 3834 videlicet
828 3789 979 3853 Caput
992 3787 1240 3836 S.AEmi1iae
1267 3789 1401 3855 Virg.
1421 3783 1467 3834 ὃ(
1489 3787 1627 3833 Mart.
1646 3819 1661 3841 ,
1696 3788 1848 3848 Caput
1876 3786 1922 3831 S.
1939 3783 2096 3831 Mariae
2117 3785 2251 3852 Virg.

373 3856 475 3897 Tom.
488 3856 525 3896 V.
1435 3855 1463 3895 1³
1480 3851 1502 3893 f
1538 3867 1558 3895 2
1998 3851 2035 3891 &
2049 3850 2111 3891 Ma
2120 3860 2166 3893 rt.
2183 3878 2197 3900 ,
