2638 4088
392 219 558 327 380

332 358 544 420 disciplina
562 365 763 419 sit‚fuiius
784 370 875 413 Tibi
897 363 1157 411 Venerabilis
1181 366 1326 408 Frater

331 426 670 482 Archiepis'copus
691 428 947 475 Rhodiensis,
967 425 1100 467 noster
1116 451 1129 474 ‚
1144 434 1323 480 atque-s

334 482 455 539 hujus
477 490 626 529 sanetae
653 487 767 531 Sedis
797 485 902 540 apud
933 484 1181 541 Majestatem
1202 487 1331 525 Tuam

335 545 518 586 Nuntius
533 545 750 600 explicabit
775 574 785 584 .
806 543 912 585 Illud
935 543 1121 600 profesto
1135 542 1329 599 majorem

335 603 465 644 Nobis
480 604 667 644 dolorem
683 602 861 653 incussit,
876 605 984 659 quod
1003 604 1107 645 laicae
1122 602 1330 657 potestatis

333 657 506 703 subsidio
531 662 658 703 omnis
679 663 761 703 haec
793 664 989 718 regularis
1007 661 1225 717 dis'ciplinae
1238 675 1329 717 per-

336 722 513 764 turbatio
539 719 747 763 invaluiffe
766 724 1034 776 perhibeatur
1051 753 1062 762 .
1087 722 1261 776 inquieti
1286 720 1331 763 st·

333 782 498 835 quidem
516 780 697 821 homines
727 795 819 823 cum
839 783 940 838 regii
966 780 1118 823 consilii
1136 782 1214 824 Tui
1233 794 1331 835 prae-

335 839 844 884 sidiumSacrisCanonibus
861 840 1180 896 impendendum
1202 840 1328 894 perti-

334 899 511 944 mescere
526 896 781 950 debuissent,
810 900 904 945 inde
933 902 1065 955 potius
1084 897 1327 943 inobedien-

335 961 397 1001 tiae
438 959 511 999 suae
543 985 557 1008 ,
597 958 632 997 &
670 960 822 1001 erroris
860 974 982 1016 opem
1026 959 1287 1002 adsciverunt
1317 987 1329 1000 .

335 1017 461 1074 Quod
495 1015 689 1072 quidem,
726 1018 844 1073 qutim
871 1020 983 1062 triste
1011 1019 1138 1063 Nobis
1167 1017 1330 1061 accide-

336 1089 390 1120 rit
418 1105 433 1128 ‚
475 1077 514 1117 δε
541 1075 660 1132 quam
699 1073 967 1131 periculosum
1009 1078 1054 1121 sit
1083 1105 1097 1126 ‚
1143 1077 1327 1130 Maiestas

337 1139 425 1178 Tua
439 1131 529 1176 satis
560 1135 752 1192 intelligit
779 1165 791 1177 .
834 1138 915 1180 Ubi
960 1139 1070 1181 enim
1098 1137 1324 1180 diffidenti·

336 1196 411 1236 bus
437 1194 492 1235 ita
528 1194 760 1238 hominibus
789 1197 838 1240 ad
869 1195 1084 1238 licentiam
1106 1225 1118 1247 ‚
1148 1198 1187 1239 &
1214 1210 1330 1239 erro·

336 1267 423 1296 rem
452 1254 484 1295 is
511 1254 643 1296 aditus
672 1264 813 1310 patet,
838 1255 934 1297 nihil
953 1255 1136 1298 Ecciefiae
1163 1258 1330 1303 tutum,

334 1311 675 1368 nihildisciplinae
703 1315 1000 1370 tranquillum,
1032 1314 1132 1357 nihil
1152 1315 1327 1366 denique

337 1370 539 1428 majestati
568 1375 662 1415 Tuae
692 1373 732 1416 in
762 1374 983 1419 reddendis
1010 1373 1173 1418 Christo
1195 1373 1326 1432 Judici

336 1432 562 1475 rationibus
594 1430 778 1475 securum
804 1434 909 1477 erit:
937 1445 1194 1489 quaecumque
1221 1433 1328 1476 enim

333 1489 668 1534 Christifidelium
710 1491 812 1535 mala
841 1522 857 1544 ,
892 1494 931 1535 &
959 1491 1226 1538 Ecclefiastici
1261 1507 1329 1534 re-

335 1550 495 1605 giminis
522 1548 798 1602 detrimenta,
825 1565 910 1608 quae
933 1550 1097 1595 forsitan
1125 1564 1197 1607 per
1222 1565 1328 1594 non·

335 1609 469 1650 nullos
501 1608 632 1662 Regio
670 1611 860 1660 nomine,
895 1613 931 1653 &
957 1611 1199 1655 austoritate
1225 1611 1324 1652 abu-

334 1678 467 1708 tentes
483 1665 598 1706 illata
620 1667 786 1720 fuerint,
800 1668 850 1712 de
867 1684 987 1713 manu
1006 1673 1091 1713 Tua
1110 1671 1329 1726 requiren-

334 1723 487 1774 tur2nisi
504 1724 660 1767 eximiae
677 1726 860 1780 pietatis,
876 1730 1176 1785 &integritatis
1197 1730 1327 1785 impe-

332 1784 415 1832 rio,
424 1782 586 1826 eosdem
601 1784 707 1827 intra
726 1785 825 1829 fines
840 1789 998 1831 traditae
1013 1789 1219 1842 potestatis
1231 1802 1327 1830 con-

332 1845 482 1886 tineas.
509 1841 648 1884 Animi
671 1845 787 1886 certe
807 1848 882 1887 Tui
909 1845 1112 1902 perspecta
1136 1846 1327 1899 Religio,

332 1913 456 1959 atque
473 1901 658 1954 exempla
674 1904 905 1946 Christianae
936 1905 1098 1948 virtutis
1116 1907 1210 1947 Tuae
1226 1901 1330 1946 latis·

332 1963 427 2005 sim‘e
448 1971 665 2016 pervagata
677 1990 691 2013 ,
705 1963 814 2005 bono
828 1964 962 2006 animo
976 1967 1060 2007 Nos
1073 1963 1148 2007 esse
1164 1964 1322 2019 jubent,

329 2024 370 2064 &
384 2019 648 2063 sollicitudini
666 2021 808 2066 nostrae
825 2035 1099 2080 opportunum
1129 2022 1326 2067 solatium

328 2081 599 2138 pollicentur·
623 2081 707 2125 Sed
739 2082 921 2140 imposita
939 2084 1068 2128 Nobis
1085 2082 1327 2140 Apostolicae

326 2141 547 2196 vigilantiae
565 2139 773 2185 necessitas
790 2171 805 2194 a
819 2144 857 2185 δι
874 2153 1066 2199 paternus
1083 2157 1226 2192 amor,
1242 2155 1332 2197 quo.

329 2200 502 2255 gloriam
516 2198 692 2241 nominis
711 2202 815 2250 Tui,
827 2203 1047 2255 animaeque
1064 2201 1327 2242 utilitatem..-

330 2257 610 2311 prosequimur
623 2281 637 2303 ‚
652 2266 770 2308 urget
788 2259 877 2297 Nos
892 2283 906 2305 ‚
923 2266 967 2297 ut
986 2254 1175 2297 Ecclesiae
1192 2250 1327 2295 neces-

329 2313 464 2355 sitates
479 2341 494 2360 ‚
507 2312 543 2350 δι’,
556 2310 783 2353 anxietates
797 2340 810 2361 ‚
825 2311 1033 2368 ludusque
1049 2312 1204 2354 nostros
1220 2311 1326 2365 apud

330 2370 578 2426 Maiestatem
597 2369 728 2410 Tuam
744 2368 934 2413 fidentius
966 2369 1192 2423 aperiamus
1204 2397 1219 2411 .,
1247 2371 1326 2411 Pa-

328 2431 454 2473 ternis
469 2427 596 2481 igitur
612 2425 801 2482 lacrymis
817 2425 1210 2484 MaiestatemTuam
1226 2425 1323 2469 hor-

329 2500 462 2531 tamur
490 2486 531 2527 &
555 2481 840 2534 obsecramus,
869 2497 913 2528 ut
936 2486 1182 2529 austoritate
1199 2487 1320 2530 Tua„-

323 2543 640 2592 obsecundante,
657 2546 836 2592 Baeticah
852 2559 972 2602 quam
992 2545 1322 2594 memoravimus,

324 2603 633 2661 Capucinorum
661 2603 846 2655 familiae,
871 2602 1173 2647 dissensionibus
1196 2632 1209 2656 ,
1239 2604 1322 2648 dis-·

325 2662 549 2718 cordiisque
577 2661 730 2719 jaEtatae
760 2663 931 2719 pristina,
953 2663 1235 2719 tranquillitas
1252 2678 1322 2706 re-

327 2724 512 2766 stituatur
528 2751 543 2774 ,
559 2720 790 2777 Religiosos
806 2722 881 2766 suae
903 2721 1156 2778 profeffionis
1171 2723 1325 2765 oblitos.

325 2782 375 2827 ad
391 2781 613 2837 parendum
630 2784 876 2837 Praepofitis‚
892 2783 934 2824 &
948 2783 1098 2837 regulis
1117 2781 1193 2825 suis
1207 2796 1322 2824 com-

324 2841 454 2900 pellas
469 2868 483 2890 ,
509 2842 548 2882 δε
566 2837 761 2884 Ministris
776 2843 874 2884 Tuis
888 2870 902 2894 ‚
930 2856 980 2884 ne
997 2842 1241 2899 inposterum
1253 2841 1322 2886 de-

323 2901 585 2944 trectantibus
600 2901 878 2955 Regularibus
892 2900 1081 2957 perfugio
1104 2900 1193 2950 sint,
1211 2900 1323 2943 sedu-

325 2962 368 3004 Ιὸ
395 2961 606 3011 inhibea33
634 2973 716 3001 non
744 2959 827 3002 alio
858 2961 966 3002 enim
1001 2961 1132 3004 studio
1158 2960 1322 3004 adducti

326 3019 551 3076 hujusmodi
565 3018 791 3073 Regulares
805 3049 821 3071 ,
837 3018 962 3062 laicos
976 3020 1231 3074 Magistratus
1248 3020 1322 3061 ob-

326 3081 491 3121 turbant
515 3080 555 3120 &
569 3079 762 3120 invocant
776 3105 791 3126 .
804 3079 940 3135 quam,
955 3087 1000 3129 ut
1016 3078 1088 3121 suae
1107 3088 1322 3121 contuma-

323 3139 394 3181 ciae
407 3137 595 3180 adversus
612 3139 843 3192 Praepositos
860 3137 949 3182 suos
975 3137 1199 3195 praesidium
1220 3151 1322 3180 nan·

326 3197 659 3240 ciscantur-Hoc
673 3197 846 3252 proinde
864 3198 885 3239 εὶ
912 3200 971 3240 Te
995 3197 1113 3252 regiae
1146 3196 1321 3252 potesta-

327 3256 380 3298 tis
400 3254 578 3298 officium
599 3256 777 3298 omnium
797 3256 1060 3313 Regularium
1077 3255 1320 3299 Ordinum

327 3313 538 3366 disciplina
551 3313 747 3369 deposcit,
763 3330 812 3358 ne
828 3346 842 3368 ,
856 3330 1030 3373 quorum
1047 3329 1188 3371 preces
1212 3314 1318 3370 apud

328 3372 533 3414 coelestem
562 3376 720 3427 Regem
743 3374 927 3419 felicitati
956 3389 1090 3418 rerum
1111 3385 1312 3417 tuarum-a

326 3430 532 3485 suffragari
560 3432 739 3483 debent,
770 3449 910 3478 eorum
933 3435 1184 3478 conculcatae
1208 3434 1321 3489 leges

325 3489 507 3532 divinam
541 3491 673 3546 potius
705 3491 966 3537 offensionem
1006 3494 1046 3535 in
1077 3495 1316 3548 Regnorum

324 3549 471 3591 damna
499 3563 805 3594 commeream.
837 3556 926 3596 Hoc
947 3553 1122 3608 denique
1149 3552 1169 3593 ὲ
1186 3551 1315 3606 Maje·

327 3609 425 3650 state
443 3610 531 3652 Tua
545 3609 830 3664 optatissimum
846 3612 977 3655 filialis
993 3610 1236 3655 obedientiae
1251 3622 1313 3653 te·

324 3667 549 3713 stimonium
568 3671 848 3724 expectamus:
876 3686 922 3714 ac
942 3672 1031 3713 Tibi
1045 3668 1312 3725 ‚charissime

328 3726 367 3767 in
383 3726 546 3768 Christo
563 3728 640 3770 Fili
657 3729 789 3771 noster
806 3757 819 3778 ‚
843 3733 874 3772 A
884 3729 1113 3785 postolicam
1138 3730 1313 3773 Benedi-

326 3785 497 3827 &ionem
510 3786 776 3831 amantissime
802 3789 1083 3843 impertimur.

444 3846 595 3887 Datum
612 3848 752 3890 Romae
768 3850 873 3904 apud
898 3850 1084 3892 Sanflum
1111 3851 1317 3894 Petrum..

1085 219 1648 299 Provincia

1388 362 1459 404 sub
1475 361 1642 404 Annulo
1657 359 1873 404 Piscatoris
1892 361 1958 403 die
1976 376 1990 403 1
2005 374 2037 404 ι.
2063 367 2198 407 Martii
2228 382 2377 412 mocc-

1388 430 1482 466 x'xv.
1500 418 1764 464 Pontificatfis
1782 420 1904 491 nostri
1918 435 2026 462 anno
2048 425 2183 478 primo
2196 454 2208 465 .

1738 538 2083 594 Archiepiscopus
2107 540 2328 585 Emissenus

1859 601 1883 645 ὲ
1895 601 2095 643 Secretis.

1450 717 1701 774 Autograpb.
1717 719 1760 758 e'n
1788 716 1959 760 Archivo
1985 721 2132 760 sccret.
2158 722 2389 764 Bra-vium...

1506 775 1556 817 ad
1577 777 1784 831 Principes
1801 776 1958 834 Regesto
1969 776 2169 836 menfi52&
2180 779 2275 823 anni
2284 788 2388 835 prc—

1505 835 1644 879 differ.
1651 836 1791 895 sol.45
1796 849 1839 893 9.

1687 980 2033 996 ——-.——-—

1391 1071 1544 1125 Poscit
1568 1091 1704 1143 opem
1734 1073 1926 1125 eandem
1951 1113 1967 1135 ,
2008 1076 2056 1129 ὅ(
2094 1080 2172 1127 Fr.
2205 1075 2387 1125 Franci-

1460 1143 1590 1266 gcutn
1623 1143 1936 1199 Giennensem
1975 1146 2126 1198 audiri
2155 1163 2390 1198 commen-

1495 1231 1571 1268 at.

1392 1300 1619 1414 Chciissiffimo
1644 1357 1687 1396 in
1704 1357 1858 1415 Christo
1876 1359 1978 1401 Filio
1991 1355 2119 1401 nollro
2131 1385 2145 1408 ‚
2177 1355 2357 1414 Philippo
2373 1384 2392 1409 2

1565 1412 1855 1471 Hssoaniarum
1873 1416 1970 1473 Regi
1985 1415 2184 1459 catholico
2198 1441 2212 1457 .

1389 1537 1925 1592 BENEDICTUS
1966 1538 2157 1589 PAPA
2195 1537 2390 1587 XIII..

1431 1663 1660 1723 Charrfflme
1675 1668 1719 1706 in
1737 1664 1889 1722 christo
1905 1664 1991 1710 mi
2005 1663 2147 1721 noster,
2147 1664 2345 1724 filatim,

1534 1725 1588 1778 ὠ*
1615 1725 1877 1784 Apostolicam
1901 1723 2228 1769 Benedielroncm.

1504 1843 1624 1886 Xitus
1641 1856 1837 1898 aquarum
1851 1841 2112 1884 deduxerunt
2126 1840 2237 1886 oculi
2253 1835 2397 1888 nostri2

1523 1901 1619 1943 dum
1636 1901 1892 1943 dissensiones
1905 1901 2162 1951 audivimus,
2179 1913 2262 1957 quae
2295 1899 2390 1942 Fra.-

1391 1970 1474 2001 tres
1501 1963 1737 2015 Capucinos
1777 1960 2003 2003 Provinciae
2033 1960 2185 2003 Baeticae
2224 1966 2394 2015 pertur-

1387 2019 1487 2062 bant
1503 2021 1540 2062 &
1556 2019 1711 2074 agitant
1725 2049 1738 2072 ,
1753 2029 1877 2076 atque
1901 2019 2057 2075 ingenti
2088 2032 2183 2062 cum
2212 2014 2389 2071 discipli-

1390 2078 1510 2135 plinae
1526 2078 1729 2136 regularis
1748 2079 1901 2136 jactura
1916 2107 1930 2130 ‚
1945 2080 2072 2122 etiam
2100 2078 2188 2135 post
2201 2075 2391 2120 adhibita,

1389 2152 1462 2193 per
1486 2140 1591 2180 hanc
1619 2139 1805 2180 Sanctam
1829 2138 1979 2181 Sedem
2009 2148 2240 2193 opportuna
2259 2147 2392 2177 reme-

1386 2193 1453 2233 dia
1468 2194 1592 2246 magis
1616 2195 1656 2234 in
1672 2195 1760 2235 dies
1776 2195 2062 2249 ingravestunt
2075 2223 2090 2237 .⁴
2106 2197 2167 2238 Εὸ
2186 2190 2392 2238 enimdis-

1388 2249 1605 2293 fidentium
1622 2248 1761 2294 fervor
1781 2251 2011 2308 progressus
2028 2252 2116 2306 esb,v
2144 2264 2188 2296 ut
2214 2266 2296 2296 non
2323 2250 2388 2295 so,-

1390 2307 1474 2350 lum
1491 2308 1840 2350 Constitutionum
1859 2311 2019 2351 suarum
2047 2310 2391 2365 praescriptiones²

1389 2366 1430 2407 ὃ(
1453 2364 1755 2415 Commiffarii,
1785 2381 1834 2409 ac
1866 2368 2154 2410 Procuratoris
2170 2367 2395 2410 Generalis.

1385 2424 1672 2468 auctoritatem
1697 2424 2047 2481 parvipenderet,
2083 2425 2152 2469 sed
2182 2425 2390 2482 Apostoli-

1386 2483 1442 2525 cis
1456 2484 1580 2526 etiam.
1597 2483 1746 2526 litteris
1764 2513 1778 2536 ‚
1802 2487 1841 2528 &
1869 2485 2072 2528 mandatis
2091 2485 2236 2530 nostris,
2253 2482 2385 2530 refra-

1384 2550 1574 2598 garetur,
1596 2542 1718 2599 iisque
1740 2546 1993 2601 contemptis
2013 2543 2256 2602 Capitulum
2283 2547 2385 2588 Pro-

1386 2601 1562 2644 vinciale
1580 2602 1744 2647 nullum
1755 2605 1918 2659 prorsus
1936 2632 1950 2655 ‚
1976 2606 2016 2648 δε
2045 2606 2210 2650 irritum
2232 2603 2381 2655 semei,

1382 2662 1421 2703 δι
1438 2660 1583 2704 iterum
1599 2661 1851 2707 celebrarem,
1869 2666 1915 2705 In
1939 2673 2051 2707 tanta.
2066 2674 2205 2708 autem
2217 2663 2388 2719 ingemi-

1385 2721 1535 2765 scentis.
1560 2747 1575 2769 ‚
1612 2722 1863 2780 turbataeque
1915 2723 2140 2768 Provinciae
2182 2721 2390 2767 calamita-

1383 2789 1425 2822 te
1440 2807 1455 2831 ,
1468 2780 1578 2835 quod
1595 2794 1723 2824 unum.
1747 2780 1950 2840 suppetit,
1965 2791 2141 2838 paternae
2152 2782 2291 2826 nostrae
2307 2781 2398 2825 sol-.

1384 2838 1590 2882 licitudini
1617 2840 1843 2892 consilium,
1860 2842 2013 2896 regiam
2031 2842 2227 2898 pietatem
2257 2842 2390 2886 Tuam

1389 2897 1652 2955 imploramus
1664 2930 1680 2951 „
1691 2900 2029 2945 &obedientium
2056 2899 2356 2959 Religiosorum
2372 2925 2391 2950 2,

1383 2970 1563 3013 quorum
1583 2958 1712 3014 major
1739 2960 1795 3003 est
1810 2974 2004 3005 numerus
2021 2987 2036 3011 2
2065 2960 2114 3003 ad
2133 2959 2390 3016 Maiestatem.

1383 3019 1512 3060 Tuam
1539 3016 1700 3072 luctus,
1730 3019 2008 3076 lacrymasque
2046 3018 2268 3063 deferimus
2285 3048 2296 3060 .
2318 3016 2388 3061 Ad

1382 3076 1672 3120 Teillimanus
1692 3080 1866 3124 tendunt
1881 3089 2074 3131 orantes,
2097 3090 2141 3122 ut
2172 3078 2240 3122 sibi
2262 3078 2387 3123 liceat.

1382 3136 1574 3190 legitimis
1591 3139 1879 3193 Superioribus
1897 3139 2186 3196 obtemperare
2199 3168 2213 3190 ‚
2229 3137 2387 3182 Institu-

1382 3198 1411 3238 ti
1430 3196 1483 3236 sui
1510 3197 1672 3251 regulas
1699 3209 1869 3250 tenere,
1897 3199 1936 3239 δι
1961 3197 2213 3242 conscientiae
2236 3195 2385 3240 securi-

1382 3265 1509 3296 tatem
1524 3267 1954 3315 recuperare‚propter
1969 3271 2086 3313 quam
2101 3258 2299 3300 abdicatis
2317 3252 2383 3296 sae·

1382 3313 1591 3357 culicuris
1607 3315 1647 3356 in
1661 3324 1754 3358 'earn
1784 3317 1874 3359 vitae
1895 3316 2172 3359 austeritatem
2195 3313 2232 3355 se
2250 3313 2288 3358 se
2315 3315 2389 3355 ab·

1380 3371 1589 3416 diderunt.
1605 3374 1733 3430 Quod
1751 3376 1919 3430 quidem
1936 3374 2015 3418 fine
2042 3384 2118 3415 tuae
2132 3374 2384 3415 auetoritatis

1379 3446 1458 3486 ope
1475 3432 1663 3478 obtinere
1681 3448 1762 3476 non
1782 3432 1939 3489 possunt
1954 3461 1967 3484 ³
1991 3433 2060 3475 nisi
2090 3434 2243 3476 scilicet
2263 3432 2383 3475 Mini-

1378 3491 1467 3534 stris
1491 3491 1571 3533 tuis
1589 3493 1793 3547 praecipias
1808 3521 1820 3542 ,
1834 3503 1877 3535 ut
1894 3492 2171 3549 inquietorum
2193 3495 2383 3537 Fratrum

1378 3550 1734 3604 interpellationes
1752 3550 1961 3603 rejiciant,
1982 3551 2132 3606 eosque
2149 3550 2199 3593 ad
2221 3551 2380 3593 suarum

1375 3610 1723 3654 constitutionum
1739 3638 1754 3661 ,
1779 3613 1816 3652 ὅ(
1838 3611 2127 3654 mandatorum
2156 3610 2381 3652 nostrorum

1376 3670 1654 3714 obedientiam
1668 3700 1683 3722 ,
1701 3672 1770 3712 (uo
1785 3673 1904 3714 etiam
1922 3670 2094 3714 subsidio
2106 3668 2352 3725 compellant
2367 3697 2379 3709 .

1378 3729 1592 3786 Postquam
1609 3730 1714 3772 enim
1733 3730 1795 3773 hic
1817 3734 1954 3775 Romae
1974 3729 2109 3784 saepius
2140 3729 2269 3774 auditi
2293 3727 2382 3770 sunt

1378 3800 1460 3830 tam
1478 3788 1581 3846 apud
1597 3791 1839 3845 Superiores
1855 3789 1957 3842 suoS,
1975 3801 2101 3845 atque
2119 3788 2222 3844 apud
2245 3790 2380 3830 Vene-

1376 3847 1542 3892 rabilem
1565 3851 1750 3892 Fratrem
1765 3850 1959 3901 nostrum,
1980 3849 2265 3945 franciscum}
2284 3846 2381 3901 Epi*

2208 3930 2211 3932 -
2233 3928 2237 3930 -
2259 3917 2324 3945 co-
