2612 4100
925 215 1520 310 Britannice.

1996 256 2167 321 111:

200 350 339 407 Teque
355 349 614 422 hoc-nornine
624 355 824 423 passurum
842 371 920 401 non
947 362 1040 409 effe,
1056 363 1184 406 ullum
1244 366 1284 407 bi
1310 364 1537 418 devincies,
1567 363 1722 407 Diieete
1739 363 1816 408 Fili
1827 394 1843 417 ,
1871 365 1938 410 eui
1963 368 2001 409 in
2016 385 2225 427 argumen-

198 416 274 455 tue
287 414 533 457 audiui-itatis
550 414 768 468 praefidium
783 445 798 466 ‚
811 416 878 458 ubi
893 430 961 459 res
983 417 1086 460 feret
1100 449 1115 470 ,
1133 421 1185 462 ab
1242 432 1331 466 tum
1344 449 1358 470 ‚
1378 437 1424 465 ac
1451 426 1590 481 pignus
1608 421 1822 467 Pontificiae
1839 426 1980 468 noflrae
1994 429 2219 489 charitatis,

196 483 247 514 eo
259 468 480 514 defiderari
507 472 547 515 in
564 474 649 523 his,
671 486 754 530 quae
772 475 865 517 Tibi
888 488 1024 518 coram
1050 477 1185 532 expli·

191 527 306 574 cubit
321 556 332 569 .
345 531 541 575 Ceterum
566 530 793 587 persuasum
810 533 962 578 habere
980 535 1039 577 Te
1072 534 1182 589 cupi·

195 599 310 638 mus,
334 592 422 632 Nos
441 618 455 641 ‚
479 591 595 633 sicuti
623 590 797 633 eundem
827 591 1075 648 Religiosum
1108 592 1181 634 Vi·

1247 481 1520 547 Apo-stolicam
1536 483 1860 527 Benedictionem
1875 497 2133 542 peramanter
2148 493 2222 535 im.

1242 548 1511 641 pertnffirtssm
1531 602 1668 642 Romae
1692 602 1798 656 apud
1826 603 2013 645 Sanctum
2053 606 2220 652 Petrum

195 657 287 687 rum
300 646 355 688 ob
368 645 561 702 spectatas
575 657 694 704 atque
722 648 970 705 multiplices
983 649 1071 707 ejus
1102 651 1184 692 vir·
1244 652 1312 695 sub
1342 658 1494 698 annulo
1520 657 1726 700 Piscatoris
1748 660 1817 702 die
1848 674 1994 703 xxiii.
2012 664 2223 707 Februarii

194 710 387 755 tutes,ac
411 704 647 763 (iugularem
671 706 854 763 inprimis
884 709 981 751 sanae
995 709 1185 752 doetrinae
1245 727 1464 757 moccxui.
1487 714 1748 760 Pontificatus
1770 719 1894 764 nostri
1919 733 2024 765 anno
2038 723 2218 766 decimo-

193 763 352 807 tuendae
366 792 379 815 ,
394 779 468 807 nec
486 779 564 809 non
579 765 828 809 orthodoxae
848 767 1071 823 Religionis
1087 781 1181 822 pro-
1240 772 1365 814 tertio
1378 800 1391 812 .

190 822 382 876 pagandae
396 823 574 874 Zelum,
605 837 848 880 magnopere
874 825 1106 880 diligimus,
1137 826 1178 867 &

189 879 443 932 aestimamus,
456 883 514 924 ita
545 880 635 925 sane
650 881 868 925 admodum
883 894 995 938 grata
1011 883 1173 926 habitu·

189 951 258 980 ros
276 937 351 982 effe
363 940 496 981 omnia
514 937 801 982 benevolentiae
813 966 828 987 2
853 942 893 983 δι
909 941 1169 984 humanitatis

189 996 322 1039 officia
339 1021 354 1044 ,
371 1010 456 1051 quae
477 996 516 1036 in
534 995 662 1049 ipsum
688 997 839 1039 intuitu
863 1001 997 1041 nostro
1024 1009 1168 1042 contu-

190 1052 289 1096 leris
303 1079 317 1101 ³
333 1053 529 1109 ubique,
546 1053 703 1096 Dilene
730 1055 808 1098 Pili
825 1058 955 1100 noster
973 1088 988 1109 ,
1002 1056 1174 1101 Pontifi-

188 1112 256 1155 ciae
282 1111 491 1156 charitatis
510 1111 795 1165 testimonium,
813 1116 1084 1172 Apostolicam
1098 1119 1175 1159 Be-

187 1168 457 1213 nedietionem
471 1182 726 1226 peramanter
740 1174 997 1227 impertimur
1011 1207 1024 1218 .

305 1231 457 1272 Datum
484 1228 617 1272 Romae
640 1230 745 1284 apud
779 1232 962 1276 Sannum
1000 1237 1172 1277 Petrum

192 1283 263 1332 sub
290 1287 443 1330 annulo
462 1286 674 1330 Piscator-is
688 1287 754 1331 die
781 1303 853 1333 xxi
870 1307 880 1333 ι
897 1306 931 1334 ι.
962 1294 1168 1336 Februarii

191 1358 396 1411 moccxti
414 1359 445 1388 ι.
474 1343 736 1392 Pontificatfis
775 1349 895 1392 nostri
922 1363 1026 1396 anno
1062 1352 1174 1397 deci-

187 1416 256 1446 mo
271 1410 400 1446 tertio
413 1425 432 1440 ι-

186 1521 432 1576 Autograpb.
447 1523 488 1565 t'n
503 1525 763 1566 secret-Bran.
780 1525 831 1567 ad
850 1527 1053 1584 Principes
1072 1533 1171 1587 Reg-

241 1579 360 1636 merfi
376 1580 422 1627 (θ’
436 1583 767 1642 annipraedfol08
778 1598 810 1628 ι.
825 1588 848 1629 ὲ
863 1597 995 1645 tergo.

186 1818 308 1864 Item
319 1817 654 1864 R.P.Michaeli
673 1820 935 1875 leTellier,e
947 1823 1173 1872 Societate

243 1882 387 2002 *El-{⁹
412 1885 552 1954 Regis
579 1884 943 1937 Christianissimi
977 1888 1168 1939 Confes-

177 2084 337 2132 ,Dllcfisso
368 2085 477 2128 Filio
498 2112 513 2136 ,
545 2085 736 2140 Religiosr)
766 2085 852 2129 Viro
877 2112 892 2135 ‚
921 2084 1108 2129 michaeli
1134 2089 1170 2131 Ic

325 2145 497 2192 Telller·²
528 2142 549 2184 ὲ
569 2147 752 2185 5oct'etate
767 2143 892 2197 57⁶?stss
917 2146 1027 2201 Regis

380 2199 693 2259 Chri-sliamffirm'
709 2201 971 2261 Confiffizrio·

181 2322 644 2374 CLEMENS
719 2323 972 2372 RAPA
1044 2325 1164 2376 ΧΓ.

265 2438 428 2482 Βὶίεὲῗα
442 2436 740 2493 Ρίἰέ,]ἃῖωηκ,
758 2438 812 2490 &⁴
828 2439 1082 2498 Apostolicam

509 2496 814 2542 Benedtffionem
825 2526 839 2540 .

298 2627 472 2678 Dirum,
502 2641 622 2682 quem
648 2628 923 2684 prestantibus
958 2628 1077 2670 animi
1107 2626 1163 2671 sui

237 2709 242 2712 -
324 2680 492 2729 dotibus
518 2684 625 2740 apud
650 2688 711 2729 Te
731 2687 968 2744 jamdudum
984 2687 1050 2728 fibi
1068 2700 1163 2729 con-

175 2741 331 2784 ciliavit
357 2744 539 2786 Dilectus
554 2743 679 2786 Filius
693 2772 708 2794 ‚
726 2744 956 2798 Religiosus
972 2745 1046 2786 Vir
1061 2770 1076 2792 a
1091 2743 1140 2786 Ti

175 2800 360 2842 motheus
374 2801 395 2842 εὶ
414 2800 566 2852 Flex1a,
575 2800 738 2843 Ordinis
757 2803 943 2843 Fratrum
955 2801 1164 2844 Minorum

174 2857 308 2899 Saneti
335 2859 534 2901 Francisci
574 2859 880 2913 Capucinorum
911 2869 1164 2915 nuncupato-

175 2929 269 2959 rum
292 2914 521 2968 Profeffor,
537 2916 777 2971 ampliorem
804 2917 935 2960 adhuc
950 2917 1018 2973 ipfi
1045 2929 1160 2973 pate-

181 2987 228 3016 re
241 2974 422 3030 cupimus
441 2988 520 3030 ope
536 2973 648 3030 hujus
668 2975 813 3018 nostrae
840 2976 1161 3020 commendatio·

175 3034 235 3075 nis
248 3045 263 3085 ;
276 3032 341 3074 cui
364 3033 616 3076 luculentum
640 3033 846 3090 adjicimus
861 3034 1163 3081 testimonium,

176 3091 382 3146 fingularis
404 3092 498 3136 Zeli
515 3091 608 3135 sanae
620 3090 808 3137 doetrinae
822 3093 980 3136 tucndae
990 3123 1007 3144 ,
1025 3107 1071 3137 ac
1084 3100 1159 3138 Ca-

173 3150 574 3206 tholicae‘Religionis
589 3152 875 3206 propagandae,
900 3165 1017 3207 quem
1030 3153 1070 3194 in
1087 3168 1159 3195 eo·

173 3208 268 3260 dem
282 3208 491 3264 Religioso
505 3210 607 3252 Viro
623 3205 689 3252 hic
717 3212 865 3267 sempet
894 3211 1127 3266 agnovimus
1143 3241 1158 3263 ,

175 3280 377 3323 quemque
405 3267 476 3311 ille
503 3269 540 3310 in
565 3268 611 3310 iis
634 3295 649 3318 ‚
683 3268 723 3311 in
752 3270 895 3326 quihus
925 3268 1010 3326 ejus
1036 3270 1161 3326 opera

182 3321 314 3377 sapius
342 3326 396 3368 ufi
422 3327 578 3378 sumus,
609 3328 719 3371 omni
747 3340 929 3384 tempore
952 3329 1159 3385 perspicue

174 3380 486 3428 testatumvfecit
503 3415 516 3427 .
539 3386 788 3431 Confidimus
814 3388 949 3445 itaque
965 3386 1079 3436 fore,
1110 3396 1156 3431 ut

174 3451 251 3495 pro
263 3437 373 3483 filiali
392 3453 464 3486 tuo
478 3445 518 3486 in
533 3448 617 3487 Nos
634 3444 763 3489 studio
775 3474 788 3497 ‚
813 3456 936 3503 atque
951 3446 1154 3502 perspecta

177 3510 274 3552 erga
299 3498 523 3555 hujusmodi
544 3503 665 3546 Viros
679 3504 967 3550 benevolentia
981 3531 996 3553 ‚
1023 3505 1155 3546 horni-

178 3569 275 3599 nem
290 3585 304 3608 ‚
319 3557 438 3602 valde
453 3560 584 3605 Nobis
606 3573 820 3619 acceptum
834 3592 848 3615 ‚
861 3563 1032 3618 benigne
1045 3563 1155 3605 exci-

180 3615 289 3671 pias3
305 3629 389 3671 quae
415 3615 508 3664 Tibi
530 3633 666 3664 coram
691 3621 911 3677 explicabit
931 3652 948 3673 ,
973 3622 1152 3665 libenter

173 3674 315 3717 audias
328 3701 343 3723 a
367 3689 413 3718 ac
429 3675 484 3718 ita
499 3676 631 3720 secum
648 3692 737 3733 agas
752 3709 767 3731 ‚
781 3691 824 3722 ut
839 3681 936 3724 nihil
950 3681 1000 3723 ab
1015 3683 1154 3726 huma·

171 3734 302 3776 nitate
327 3742 394 3778 tua
411 3732 473 3775 illi
497 3734 801 3782 defiderandum
821 3738 1010 3795 superfit.
1043 3742 1146 3790 Quo

169 3793 329 3838 nomine
344 3792 592 3839 voluntatem
607 3796 780 3842 nostram
807 3799 952 3842 arctius
974 3799 1061 3842 sane
1077 3798 1148 3839 Ti-

1294 866 1440 943 Autog.
1457 885 1500 929 in
1517 891 1659 930 secret·
1681 894 1797 932 Brev.
1829 894 1877 935 ad
1893 896 2101 952 Principes

1350 949 1445 1001 Reg.
1460 947 1576 1003 mcrfi
1588 947 1636 995 (ς’
1647 950 2028 1010 annipraed.fhl.82.

1231 1096 1688 1112 ——n—-—
2102 1104 2218 1121 —

1303 1187 1408 1234 Nec
1430 1200 1523 1234 non
1546 1186 1723 1254 Magno
1744 1189 1976 1238 Hetruriae
1997 1191 2116 1239 Duci
2134 1224 2149 1239 .

1234 1324 1391 1371 DileHo
1409 1323 1509 1369 Filio
1521 1353 1537 1375 ,
1558 1322 1695 1367 Nobili
1717 1325 1803 1367 Viro
1817 1354 1832 1377 ‚
1866 1327 1996 1382 Cos'mo
2015 1356 2030 1378 ,
2045 1327 2217 1371 Etruria

1421 1381 1698 1442 stbisubchae
1719 1387 1869 1441 Magno
1887 1386 2018 1427 Daci.

1234 1517 1686 1568 CLEMENS
1770 1517 2019 1565 PAPA
2096 1515 2218 1565 XI.

1316 1633 1472 1677 Dileflc
1504 1634 1591 1677 Pali
1605 1664 1620 1686 ‚
1646 1632 1798 1676 Nobilis
1823 1631 1888 1676 Vir
1901 1661 1916 1683 ‚
1934 1631 2111 1690 salutem
2122 1660 2138 1685 ,

1388 1692 1442 1743 ὠ·
1453 1694 1704 1751 apostolicam
1720 1690 2027 1736 Benediffioncm
2038 1720 2051 1734 .

1347 1820 1545 1872 Upientes
1562 1820 1781 1862 Nobilitati
1798 1821 1895 1861 Tuae
1917 1820 2073 1872 semper
2098 1817 2216 1859 testa-

1365 1885 1445 1915 tam
1463 1876 1588 1930 magis
1601 1903 1616 1925 ‚
1627 1883 1751 1931 atque
1765 1874 2005 1931 perspec'lam
2021 1873 2110 1916 fieri
2127 1888 2216 1917 ma·

1234 1931 1486 1987 gnitudinem
1536 1932 1759 1976 Pontificiae
1797 1932 1935 1974 nostrae
1985 1932 2216 1979 charitatis,

1232 2002 1349 2039 quam
1377 1989 1575 2039 ptaeclaris
1606 1991 1955 2039 virtutibustuis,
1973 2004 2018 2031 ac
2039 1986 2150 2032 filiali
2174 1989 2216 2031 in

1232 2044 1598 2088 Nos,&5anciam
1627 2045 1728 2084 hanc
1755 2045 1901 2086 sedem
1929 2045 2217 2089 observantia..-

1232 2097 1325 2139 Tibi
1349 2100 1494 2142 merito
1507 2099 1724 2154 quaefivisti,
1738 2100 1895 2142 Dilecto
1908 2100 2218 2158 Fi1i0‚Religi0-

1230 2154 1272 2197 so
1294 2156 1425 2204 Viro,
1441 2157 1662 2202 Thimotco
1687 2163 1710 2203 a
1738 2158 1897 2205 Flexia,
1926 2160 2093 2203 Ordinis
2123 2163 2221 2208 Fra,

1230 2223 1342 2257 trum
1365 2217 1569 2258 Minorum
1598 2220 1731 2261 Sanfti
1759 2216 1959 2262 francisci
1986 2219 2214 2274 Capucino-

1229 2286 1317 2316 rum
1345 2285 1666 2329 nuncupatorum
1685 2273 1899 2319 Profeffori
1916 2277 2212 2329 mandavimus,

1227 2341 1274 2375 ut
1298 2331 1419 2374 isthac
1435 2333 1700 2387 pertranfiens
1718 2347 1868 2377 novum
1880 2333 1989 2376 illius
2002 2349 2215 2392 argumen-

1229 2399 1314 2432 tum
1344 2418 1359 2442 ,
1386 2390 1657 2442 Apostolicam
1683 2391 2010 2434 Benedictionem
2031 2419 2046 2441 a
2077 2394 2213 2435 nostro

1227 2447 1389 2491 nomine
1418 2448 1509 2489 Tibi
1533 2444 1691 2490 deferat
1706 2477 1716 2487 .
1738 2452 1841 2491 Rem
1864 2451 1958 2489 vero
1985 2450 2208 2492 admodum

1227 2505 1343 2548 nobis
1371 2515 1578 2560 acceptam
1605 2507 1776 2559 feceris,
1804 2505 1871 2546 ubi
1892 2507 2066 2550 eundern
2094 2507 2213 2552 Reli·
2242 2559 2246 2564 ,

1226 2562 1375 2619 giosum
1409 2564 1550 2606 Virum
1590 2565 1643 2606 ob
1675 2563 1908 2619 fingularem
1938 2565 2211 2607 eruditionem

1225 2636 1316 2665 cum
1344 2625 1497 2677 pietate
1522 2622 1773 2679 conjunctam
1805 2634 2053 2677 magnopere
2093 2624 2204 2665 nobis

1223 2690 1382 2736 gratum
1406 2680 1604 2730 libenter,
1638 2680 1679 2723 iit
1696 2681 1796 2724 soles
1811 2681 2025 2735 ,excipere
2046 2709 2060 2732 ,
2090 2681 2206 2737 eique

1223 2738 1340 2781 infitae
1356 2737 1445 2780 Tibi
1465 2739 1722 2782 humanitatis
1747 2738 1887 2781 officiis
1913 2738 2041 2782 adeffe
2062 2738 2208 2793 digne·

1226 2796 1278 2842 ris
1292 2823 1302 2835 ·
1330 2797 1384 2839 Et
1396 2797 1613 2842 Nobilitati
1631 2801 1724 2841 Tuae
1742 2799 1766 2842 a
1784 2799 1872 2839 Deo
1885 2799 2057 2852 Optimo
2079 2798 2205 2839 Maxi-

1225 2870 1290 2897 mo
1309 2855 1503 2898 bonorum
1527 2857 1707 2899 omnium
1729 2854 2014 2904 acoeffionem,
2040 2867 2084 2895 ac
2110 2856 2205 2895 diu-

1221 2924 1379 2956 turnam
1409 2913 1586 2971 inprimis
1618 2913 1940 2955 incolumitatem
1975 2926 2025 2954 ex
2064 2911 2203 2954 animo

1223 2985 1457 3031 precamur.

1337 3033 1487 3073 Datum
1524 3031 1662 3071 Rornae
1686 3027 1790 3083 apud
1817 3030 2003 3071 Sannum
2033 3029 2199 3071 Petrum

1223 3088 1294 3133 sub
1315 3090 1460 3134 annulo
1489 3085 1700 3132 Piscatoris
1729 3086 1796 3128 die
1828 3099 1954 3129 xxur.
1981 3084 2192 3128 Februarii

1217 3162 1436 3195 Mucexni.
1469 3143 1725 3192 Pontificatfis
1737 3143 1859 3188 nostri
1889 3158 1992 3187 anno
2016 3145 2197 3187 decimo-

1222 3208 1343 3253 tertio
1356 3236 1369 3252 .

1425 3325 1548 3379 Joann
1555 3336 1596 3364 es
1611 3316 1923 3378 Christophorus
1935 3317 2132 3363 Battellus

1506 3380 1752 3426 secretarius
1767 3407 1780 3421 .

1273 3488 1518 3545 Autograph.
1543 3486 1585 3530 in
1600 3476 1772 3529 Arrhivo
1797 3489 1938 3529 secret.
1962 3484 2189 3525 Bavium„

1328 3547 1374 3588 ad
1402 3547 1601 3602 Principes
1632 3544 1782 3599 Rege-sto
1796 3544 1916 3604 mensi
1925 3543 1971 3590 δ’
1985 3549 2191 3594 ann-prce-

1328 3604 1504 3665 diff-fol·
1522 3606 1590 3650 82.
1604 3602 1629 3645 a*
1645 3614 1747 3658 tcrg.

1972 3845 2133 3895 Eidem}
