2756 4074
395 206 586 268 xvlll

407 327 486 371 Fr.
518 314 734 369 Bafilium
763 315 819 366 de
844 319 983 382 Ayra
1004 310 1347 364 Vifitatorem..

345 392 541 450 Ordinis
572 389 728 440 Sansti
750 389 908 446 Pauli,
936 386 1077 456 primi
1097 383 1314 434 Eremitae
1332 416 1349 440 ‚

341 485 450 519 cum
469 460 696 529 Episcopo
722 458 878 509 Bosnae
908 455 1212 506 constitutum
1230 451 1317 503 effe
1330 487 1348 512 ,

340 532 673 610 Sigismundo,
713 532 833 601 Regi
865 529 1067 580 Poloniae
1092 523 1142 576 δι
1171 527 1348 578 Sueciae

340 606 567 681 fignificat
584 639 596 652 .
622 602 738 652 Idem
758 637 770 650 .
1246 605 1346 660 265

416 685 619 731 Decreto
650 678 799 724 Sacrae
825 667 1220 739 Congregationis
1248 670 1351 736 Epi·

345 750 471 819 scop.
486 748 535 800 ἃ
552 746 722 814 Regul.
741 745 1014 792 Conventus
1031 736 1286 792 Insulenses
1304 741 1350 788 in

347 820 619 874 Custodiam
636 815 684 865 ὅ(
702 813 994 863 Provinciam
1010 815 1270 883 eriguntur,
1285 813 1351 862 lo·

344 895 408 942 cis
444 889 524 939 sub
556 885 779 936 Dominio
811 886 955 955 Regis
975 882 1349 936 Christianiffimi

343 958 634 1013 existentibus
650 955 799 1006 eidem
815 959 968 1006 unitis.
989 976 1078 1006 cum
1091 971 1208 1006 nota.
1248 963 1352 1005 266

414 1027 798 1083 Transa&ionem
817 1028 939 1077 circa
976 1032 1025 1079 P.
1044 1026 1353 1079 Ministrum.›

342 1102 700 1159 Provincialem,
719 1097 769 1151 ὅ(
787 1097 1063 1150 Definitores
1096 1099 1352 1151 Provinciae

343 1173 608 1247 eligendos,
635 1190 717 1223 nec
746 1187 836 1220 non
858 1170 1087 1222 Custodes
1113 1173 1172 1222 ad
1191 1173 1355 1222 Comi-

344 1250 409 1298 tia
424 1246 654 1317 generalia
692 1243 945 1294 mittendos
981 1242 1228 1294 confirmat
1264 1243 1357 1293 Cle·

342 1338 454 1369 mens
471 1314 567 1370 ΧῙ.
1257 1324 1358 1375 269

416 1389 604 1440 Litteris
625 1389 773 1437 Sacrae
794 1386 1187 1456 Congregationis
1217 1383 1356 1437 S.Of-

345 1462 439 1512 ficii
460 1456 795 1528 Inquifitionis,
816 1456 1086 1517 Ceram,seu
1103 1459 1229 1526 panis
1245 1455 1360 1508 mas-

347 1531 446 1584 sam
464 1568 479 1591 ,
493 1546 595 1581 tum
612 1533 656 1579 in
673 1532 916 1581 Provincia
939 1565 954 1588 ,
974 1544 1075 1579 tum
1094 1531 1138 1578 in
1158 1534 1360 1581 Germa-

346 1606 423 1654 nia
438 1617 598 1653 contra
614 1599 838 1651 maleficia
854 1600 934 1651 sub
953 1599 1226 1672 praescriptis
1239 1604 1362 1653 clau.

350 1674 459 1726 sulis
482 1671 646 1724 confici
673 1671 794 1743 posse
813 1674 1072 1723 declaratur
1087 1709 1099 1723 .
1264 1691 1362 1736 270

438 1818 845 1865 PROVINCIA
884 1817 1240 1864 HIBERNIAE
1259 1849 1272 1862 .

422 1961 628 2007 Decreto
650 1953 942 2021 Apostolico,
962 1948 1123 2001 Miffio
1144 1954 1363 1999 Fratrum

356 2045 436 2095 per
457 2026 675 2091 Angliam
691 2058 706 2081 ,
725 2025 934 2073 Scotiam
953 2058 967 2081 ,
983 2020 1030 2073 ἃ
1049 2021 1367 2073 Hiberniam-2

356 2097 575 2148 firmatur
595 2116 608 2157 ;
629 2097 679 2144 iis
700 2097 856 2143 omnia
876 2096 1075 2143 aliorum
1095 2095 1139 2141 in
1161 2094 1250 2142 illis
1271 2107 1369 2158 par·

356 2170 477 2221 tibus
495 2168 767 2238 degentium
789 2168 1095 2236 Regularium
1122 2163 1370 2233 privilegia

355 2242 789 2296 communicantur,
824 2237 871 2288 ὅ(
890 2237 1042 2305 quoad
1070 2235 1370 2306 gestationem

358 2309 562 2364 Habitus
580 2346 594 2368 ,
614 2310 661 2361 ὅ(
678 2307 1021 2360 observantiam
1053 2309 1371 2359 statutorum-2

357 2383 551 2435 Ordinis
572 2379 856 2449 dispensatur
869 2419 879 2430 .
902 2401 990 2430 cum
1007 2397 1104 2429 nota
1122 2417 1134 2430 .
1267 2397 1290 2426 2
1303 2380 1364 2436 78

433 2459 634 2504 Decreto
666 2457 814 2503 Sacrae
837 2453 1231 2523 Congregationis
1263 2452 1368 2518 Epi·

358 2521 486 2594 scop.
505 2524 552 2576 ὅ(
582 2527 807 2593 Regular.
833 2529 909 2576 Fr.
928 2526 1212 2575 Malachiam
1235 2524 1369 2572 Dala-

361 2599 474 2647 chan
493 2600 612 2646 inter
630 2601 718 2647 PP.
738 2595 1053 2648 Observantes
1083 2594 1335 2665 profeffum
1354 2629 1370 2653 ,

360 2668 461 2738 post
495 2667 628 2718 suum
656 2667 713 2717 ad
744 2686 824 2717 nos
854 2667 1101 2720 transitum
1138 2665 1370 2718 molestari

363 2757 455 2790 non
470 2739 634 2789 debere
657 2738 857 2796 sancitur
874 2778 886 2790 .
1267 2756 1368 2799 279

433 2817 638 2862 Decreto
669 2815 819 2861 Sacrae
856 2812 1250 2882 Congregationis
1282 2810 1372 2860 dea

365 2883 668 2953 Propaganda
687 2885 798 2934 Fide
819 2903 899 2948 24.
922 2884 1192 2934 Decembris
1227 2892 1317 2944 163
1334 2901 1374 2931 1.

366 2953 559 3010 habitae,
588 2957 834 3004 Nonnulla
856 2959 977 3004 circa
993 2954 1307 3005 Miffionarios
1329 2954 1374 3001 in

366 3027 625 3074 Conventu
642 3028 1028 3093 Carolopolirano
1041 3026 1258 3097 degentes
1273 3040 1374 3090 pre-

367 3094 631 3144 scribuntur
646 3130 659 3143 .
1273 3113 1375 3156 279

439 3167 614 3215 Zelum
635 3165 940 3234 FideiJacobi
965 3167 1157 3217 Domini
1176 3165 1376 3217 Plunke-

369 3239 425 3295 ti,
445 3238 637 3287 Domini
652 3239 708 3286 de
728 3238 1375 3307 Longvood,commendat,in

370 3311 494 3358 illius
525 3323 701 3375 partem
727 3307 928 3358 studium
960 3313 1172 3360 Fratrum
1203 3309 1374 3361 nostro-

375 3398 479 3429 rum
498 3380 552 3428 ab
575 3398 629 3428 co
654 3383 808 3429 vocari
822 3379 1020 3430 consulit
1036 3417 1050 3439 ,
1076 3401 1126 3431 ac
1143 3387 1217 3432 Fr.
1234 3384 1375 3434 Patri-

375 3454 440 3499 tio
466 3451 520 3500 de
540 3469 587 3499 re
622 3453 871 3503 Catholica
892 3456 1110 3503 locuturo
1125 3490 1139 3512 ,
1158 3457 1376 3522 plenam...

377 3520 512 3572 fidem
537 3523 741 3573 adhiberi
763 3526 950 3575 mandat
975 3524 1091 3575 vrb.
1115 3525 1251 3576 VIII.
1274 3529 1373 3580 280

450 3598 652 3645 Decreto
687 3599 834 3645 Sacrae
870 3599 1258 3667 Congregationis
1286 3597 1374 3648 dea

369 3665 678 3730 Propaganda
709 3668 820 3717 Fide
846 3686 923 3731 15.
955 3672 1131 3737 Aprilis
1169 3680 1316 3732 1636.
1341 3689 1381 3720 e-

379 3749 582 3792 manato,
601 3742 798 3798 Domos,
816 3742 861 3789 in
879 3739 1046 3808 quibus
1070 3745 1248 3791 Fratres
1268 3740 1379 3793 Mis-

380 3802 563 3854 fionarii
588 3811 869 3861 conversioni
892 3813 1279 3865 Acatholico-rum
1302 3832 1379 3865 va-

905 165 1948 259 ELENCH‘US.

1410 325 1535 371 cant,
1547 312 1595 361 in
1609 307 2034 364 Constitutionibus
2051 309 2110 360 de
2125 311 2419 364 Monasteriis

1411 382 1728 434 construendis
1771 399 1863 432 non
1899 381 2224 450 comprehendi
2269 385 2419 435 decla·

1408 471 1539 508 ratur
1555 491 1570 507 .
2316 458 2419 504 280

1481 533 1739 580 Decretum
1770 529 1917 577 Sacrae
1935 525 2331 595 Congregationis
2361 526 2422 577 de

1411 598 1713 668 Propaganda
1729 597 1841 648 Fide
1858 633 1875 657 ,
1907 615 2002 665 quo
2023 594 2240 667 praetensa
2263 599 2421 649 Colle-

1411 674 1478 741 gii
1510 667 1755 722 Insulenfis
1774 669 1831 720 ad
1861 686 2021 719 omnes
2053 669 2290 721 Hiberniae
2310 673 2423 720 Pro·

1413 743 1586 793 vincias
1618 742 1891 792 communio
1921 738 2008 791 fuit
2036 739 2202 806 rejec'ta
2221 777 2237 800 ,
2273 738 2323 792 δι
2359 739 2421 791 ad

1410 815 1524 866 duas
1540 815 1785 866 dumtaxat
1803 814 2070 864 Provincias
2084 850 2099 873 ,
2117 813 2327 883 Lageniae
2346 809 2427 862 sci-

1412 889 1523 937 licet
1558 885 1607 939 δι
1628 885 1797 937 Media:
1835 883 2039 935 restricta
2057 922 2072 944 ,
2108 881 2423 952 Apostolica.

1412 956 1764 1010 confirmatione
1801 953 2047 1007 confirmat
2077 954 2248 1007 Urban.
2276 953 2420 1006 VIII.

1413 1050 1501 1082 cum
1521 1046 1620 1080 nota
1636 1066 1649 1079 .
2321 1029 2385 1076 28
2398 1045 2434 1080 ι,

1488 1108 1690 1154 Decreto
1722 1104 1872 1151 Sacrae
1911 1100 2309 1170 Congregationis
2339 1098 2435 1152 de...

1418 1171 1717 1244 Propaganda
1739 1171 1852 1222 Fide
1883 1172 2048 1223 habitae
2068 1172 2144 1222 die
2175 1190 2220 1234 3.
2236 1175 2430 1220 Decem-

1416 1248 1510 1299 bris
1535 1256 1683 1309 1640.
1718 1241 1994 1294 Praefestura
2022 1242 2252 1294 Miflionis
2279 1241 2336 1292 ad
2351 1245 2430 1292 Se-

1418 1320 1591 1371 danum
1611 1319 1656 1367 in
1670 1313 1910 1384 personam
1930 1314 2195 1385 Fr.Josephi
2218 1314 2275 1364 de
2300 1317 2434 1363 Mor-

1420 1394 1513 1443 laix
1542 1390 1600 1441 ad
1618 1387 1850 1439 instantias
1870 1389 2017 1438 Ducis
2039 1387 2260 1437 Bullionii
2288 1399 2435 1435 trans·

1420 1462 1592 1514 fertur.
1607 1479 1696 1510 cum
1711 1476 1809 1510 nota
1827 1495 1841 1509 .
2329 1459 2429 1505 282

1492 1532 1765 1604 Apostolica
1781 1530 2078 1588 auc'toritate,
2097 1533 2278 1579 Fratres
2292 1527 2337 1576 in
2353 1529 2437 1578 Ci-

1422 1607 1566 1658 vitate
1584 1601 1824 1655 Galvienfi
1840 1600 2196 1658 confirmantur,
2211 1616 2435 1667 quacum-

1423 1697 1511 1747 que
1542 1679 1742 1728 aliorum
1778 1676 2086 1744 Regularium
2115 1669 2439 1743 oppositione.-

1426 1768 1519 1800 non
1544 1747 1776 1799 obstante.
1792 1765 1884 1795 cum
1898 1761 1997 1795 nota
2015 1782 2029 1796 .
2079 1797 2081 1799 ,
2336 1745 2439 1805 284

1497 1823 1699 1865 Decreto
1717 1821 1820 1864 Sac.
1837 1815 2233 1883 Congregationis
2254 1814 2312 1863 de
2330 1817 2441 1864 Pro-

1425 1882 1636 1951 paganda
1657 1882 1768 1930 Fide
1786 1900 1809 1928 2
1820 1883 2111 1945 5.Februarii
2128 1894 2445 1947 1650.coram

1425 1951 1720 2004 Sanciiffimo
1735 1951 1900 2000 habitae
1917 1987 1934 2009 ,
1950 1951 2187 2001 Fratribus
2206 1953 2443 2003 Miffiona·

1429 2026 1566 2074 nariis
1604 2025 1650 2072 in
1686 2025 1855 2092 Regno
1885 2021 2126 2072 Hiberniae
2142 2025 2440 2083 Conventus,

1430 2095 1479 2148 ὅ(
1509 2093 1728 2163 Hospitia
1759 2111 1840 2161 per
1872 2092 2034 2143 decem
2062 2111 2204 2143 annos
2233 2095 2444 2164 erigendi

1432 2165 1624 2219 facultas
1645 2202 1659 2225 ,
1677 2163 1726 2216 &
1745 2182 1833 2234 pro
1859 2166 1991 2231 hujus
2007 2163 2271 2218 extensione
2291 2183 2442 2218 novus

1433 2238 1637 2291 recursus
1655 2236 1952 2288 conceditur.
1969 2256 2059 2286 cum
2073 2251 2188 2288 nota.
2340 2241 2401 2288 28
2411 2254 2441 2303 5

1503 2317 1709 2364 Decreto
1745 2313 1895 2360 Sacrae
1927 2311 2321 2380 Congregationis
2355 2311 2448 2360 de.»

1434 2380 1736 2454 Propaganda
1763 2381 1909 2440 Fide,
1939 2380 2094 2431 habita
2122 2381 2198 2432 die
2229 2393 2311 2433 26.
2343 2385 2448 2433 No·

1429 2455 1634 2506 vembris
1662 2462 1754 2516 163
1770 2474 1810 2504 1.
1843 2457 1900 2504 In
1920 2451 2196 2504 beneficium
2227 2454 2446 2506 Militum

1430 2527 1480 2580 ὅ(
1503 2531 1767 2578 Nautarum
1789 2526 2061 2591 Anglorum
2083 2524 2177 2577 &c.
2206 2528 2251 2575 in
2269 2527 2441 2577 Galliis

1428 2599 1720 2651 existentium
1754 2599 2016 2665 Capucini,
2053 2599 2098 2646 in
2132 2595 2448 2649 Miffionarios

1430 2673 1742 2730 declarantur,
1759 2669 1808 2721 ὅ(
1827 2666 1909 2718 sub
1926 2666 2199 2720 Praefeciura
2225 2673 2275 2720 P.
2301 2673 2449 2721 Com-

1433 2742 1619 2795 missarii
1633 2742 1834 2796 Hiberni
1850 2739 2194 2792 constituuntur
2212 2777 2225 2791 .
2346 2743 2449 2801 289

1507 2821 1710 2866 Decreto
1728 2818 1877 2865 Sacrae
1915 2813 2312 2884 Congregationis
2345 2813 2452 2881 Epi-

1437 2885 1562 2954 scop.
1581 2884 1630 2935 ὅ(
1646 2886 1820 2952 Regul.
1843 2888 2101 2932 Decretum
2132 2886 2346 2953 generale
2361 2883 2452 2934 de..-

1437 2952 1770 3009 Commiffario
1789 2988 1805 3011 ,
1825 2952 1903 3001 seu
1922 2951 2129 3002 Custode
2155 2971 2236 3022 per
2265 2954 2448 3003 canoni-

1435 3046 1539 3078 cam
1573 3025 1842 3076 eleffionem
1874 3021 2076 3089 quolibet
2102 3026 2302 3074 triennio
2337 3042 2448 3075 con-

1436 3097 1685 3157 stituendo,
1706 3095 1754 3147 ὅε
1774 3095 1831 3144 de
1848 3092 2123 3146 facultativo
2142 3097 2272 3160 hujus
2283 3094 2341 3145 ad
2360 3099 2452 3147 Ca·

1438 3173 1583 3239 pitula
1617 3168 1847 3239 generalia
1882 3163 2056 3216 acceffu
2090 3202 2107 3226 ,
2144 3165 2194 3219 <Sc
2223 3166 2455 3218 concursu

1437 3239 1741 3292 confirmatur
1754 3275 1766 3290 .
2350 3256 2375 3288 2
2386 3242 2455 3302 89

1509 3310 1756 3380 Rescripto
1776 3307 2049 3377 Apostolico
2063 3344 2078 3367 ,
2097 3310 2263 3359 Fr..N.
2280 3310 2347 3360 N.
2374 3312 2453 3362 lai·

1439 3404 1518 3435 cus
1537 3383 1626 3444 ,ad
1646 3382 1810 3433 statum
1833 3380 2114 3431 Clericalem
2150 3378 2339 3432 tranfire
2370 3388 2451 3434 vo-‘

1439 3459 1534 3507 lens
1587 3458 1632 3506 in
1687 3451 1763 3504 sua
1814 3453 2056 3502 vocatione
2093 3469 2281 3503 manere
2321 3455 2451 3519 jube.

1438 3542 1516 3579 tur
1535 3564 1548 3578 .
2346 3545 2446 3587 290

1506 3597 1589 3651 Acl
1621 3595 1856 3648 instantias
1894 3595 2039 3664 Regis
2077 3593 2448 3648 Christianiffimi

1443 3669 1718 3723 Custodiam
1751 3671 1797 3719 in
1832 3667 2129 3718 Provinciam
2177 3668 2317 3736 erigit
2353 3667 2450 3717 Cle-

1436 3762 1550 3794 mens
1568 3735 1692 3794 XII.
2348 3756 2374 3787 2
2379 3757 2450 3801 90

2192 3882 2385 3932 ELEN·
