2592 4094
401 257 574 341 216

326 394 543 438 existentes
563 391 811 440 nominavit,
841 387 1018 430 tribuens
1040 385 1121 429 illis
1137 385 1307 429 faculta-

327 465 440 504 tem,
472 464 516 497 ut
531 453 703 509 ipsorum
717 447 946 491 reddituum
961 473 977 495 ,
999 446 1039 487 δι
1063 443 1311 488 emolumen-

327 523 463 558 torum
477 512 684 554 debitores
696 532 710 553 ,
741 506 788 546 ad
807 503 1040 546 redditus&
1055 504 1303 547 emolumen-

326 582 368 617 ta
382 567 602 626 hujusmodi
629 563 785 617 lingulis
802 563 912 603 annis
936 562 1072 606 debita
1087 563 1274 606 solvenda
1287 589 1302 612 ,

326 630 495 684 illosque
511 652 526 675 ,
558 622 679 665 &illa
703 623 743 662 in
759 621 924 673 tabula,
953 621 1018 665 vel
1036 622 1074 664 in
1091 624 1218 665 banco
1243 621 1304 664 di-

325 694 395 733 e'tae
408 682 594 728 Civitatis
610 678 754 728 deponi
769 677 951 721 facienda
964 693 1127 732 cogere,
1139 682 1179 722 δι
1192 693 1304 722 com-

325 748 480 806 pellere
507 737 691 796 poffent3
724 737 934 794 voluitque
959 769 973 791 ,
1002 740 1042 780 δε
1067 739 1303 787 ordinavit,

325 818 371 849 ut
388 802 501 846 tertia
514 810 605 855 pars
616 795 852 839 eorumdem
867 798 1099 840 reddituum
1113 827 1127 850 ,
1139 799 1176 839 δι
1193 810 1305 840 emo·-

327 866 615 907 lumentorum,
631 853 791 909 lingulis
805 856 914 899 annis
930 869 1001 911 per
1012 855 1174 900 eosdem
1190 857 1303 899 Prio-

326 933 438 970 rem,
467 917 506 957 &
523 916 734 957 nestorem
757 915 863 956 inter
882 914 1122 958 Monasteria
1151 928 1302 971 paupe·
1329 938 1332 942 .

324 991 414 1022 rum
431 973 667 1018 Monialium
681 1000 696 1021 ,
710 972 750 1012 δι
762 973 966 1016 Generale
978 1002 992 1024 ,
1022 975 1062 1016 &
1079 974 1304 1021 misericor-

326 1031 647 1090 diaehospitalia,
679 1028 855 1085 ejusdem
868 1032 1060 1076 Civitatis
1076 1061 1091 1084 ,
1121 1031 1303 1075 distribui

325 1096 493 1138 deberet
529 1104 541 1134 ι
575 1090 770 1145 Reliquas
797 1091 897 1132 vero
920 1091 1018 1133 duas
1047 1101 1181 1147 partes
1207 1105 1305 1134 exe-

325 1152 535 1196 cutoribus
552 1149 854 1192 testamentariis
877 1147 972 1191 dieti
986 1148 1134 1204 Oppidi
1149 1177 1163 1200 ,
1195 1161 1238 1192 ut
1252 1151 1304 1192 de

325 1211 404 1254 illis
431 1236 445 1259 ,
477 1208 575 1251 ficut
601 1204 830 1264 praemiffum
857 1207 939 1260 est,
969 1206 1215 1263 disponant,
1242 1222 1304 1250 re-

325 1269 433 1313 mitti
462 1266 628 1318 voluit3
656 1265 742 1322 ipfis
767 1265 897 1307 Priori
922 1295 938 1316 ,
964 1267 1004 1308 δε
1033 1267 1198 1308 Κεᾶὶοτὶ
1219 1295 1234 1318 ,
1267 1268 1308 1308 &

324 1341 462 1371 eorum
476 1321 642 1368 cuilibet
664 1325 704 1366 in
715 1324 1125 1380 recompensationem
1139 1324 1309 1367 admini-

325 1385 522 1429 strationis
548 1383 670 1425 etiam
685 1395 808 1425 unum
834 1382 990 1426 scutum
1006 1384 1118 1434 auri,
1148 1382 1306 1439 lingulis

326 1444 437 1489 annis
479 1441 682 1484 distribuit
707 1469 721 1492 ,
753 1439 962 1495 disponens
989 1468 1005 1491 ,
1051 1441 1158 1498 quod
1187 1441 1306 1493 casu,

323 1516 407 1560 quo
421 1500 488 1557 ipfi
505 1500 609 1543 dieta
625 1502 729 1542 bona
740 1498 1015 1544 administrare
1030 1500 1190 1544 nollent
1207 1527 1222 1551 ,
1239 1500 1304 1543 vel

323 1574 407 1604 non
422 1558 600 1615 possent,
627 1568 723 1602 tunc
750 1569 988 1603 executores
1018 1558 1305 1602 testamentarii

323 1618 696 1675 p'raedie'tiOppidi,
717 1617 817 1660 alios
843 1617 894 1660 ad
929 1620 1036 1660 hune
1060 1617 1243 1661 effectum
1268 1619 1307 1658 in

323 1678 427 1718 dista
442 1676 624 1718 Civitate
649 1688 723 1729 pro
737 1689 878 1718 eorum
897 1677 1071 1719 arbitrio
1096 1678 1311 1718 nominare

325 1732 508 1791 possent:
538 1733 574 1772 &
590 1732 686 1774 alias
700 1762 715 1782 ,
741 1745 859 1788 prout
887 1735 925 1776 in
944 1734 1056 1777 dieto
1069 1735 1311 1778 testamento

326 1791 485 1848 plenius
501 1790 655 1831 dicitur
667 1791 899 1833 contineri.
1245 1807 1260 1825 w

440 1848 546 1889 Cum
561 1856 697 1889 autem
713 1874 728 1897 ,
754 1849 854 1890 ficut
884 1847 1024 1890 eadem
1052 1848 1199 1905 petitio
1224 1849 1313 1891 sub·

323 1906 549 1965 jungebat,
577 1905 776 1949 institutus
807 1905 1071 1959 Posthumus,
1099 1908 1166 1962 qui
1194 1916 1313 1949 natus

324 1981 406 2010 non
437 1965 519 2015 est,
547 1977 631 2006 non
657 1964 863 2017 subsistat,
886 1967 927 2007 ὅτ.
954 1965 1167 2010 ιιΐυῆυᾶυἰ
1190 1966 1231 2008 in
1256 1962 1315 2007 fa-

324 2039 462 2067 vorem
478 2025 589 2067 dit‘tae
606 2025 775 2066 Monicoe
800 2023 915 2066 locus
938 2024 1063 2068 faetus
1090 2024 1209 2066 suerit
1235 2051 1250 2072 ,
1276 2026 1315 2065 &

328 2088 456 2128 Annae
472 2081 778 2134 superveniente
794 2081 934 2126 obitu,
958 2083 1031 2133 piis
1056 2082 1203 2134 legatis
1219 2092 1316 2130 prae-

328 2141 447 2182 dietis
464 2138 576 2178 locus
593 2133 668 2177 effe
681 2136 829 2177 debeat
843 2162 860 2183 ,
889 2147 938 2175 ex
953 2135 1081 2178 forma
1097 2136 1197 2177 vcro
1216 2133 1314 2174 disti

332 2193 561 2240 testamenti
574 2191 685 2235 clare
697 2221 712 2245 ,
734 2194 773 2235 δι
786 2189 997 2235 manifeste
1012 2201 1204 2247 appareat
1218 2220 1232 2242 ,
1246 2204 1317 2232 ex-

329 2253 496 2313 pressam
516 2251 781 2294 intentionem
798 2249 972 2306 praedieti
991 2251 1209 2294 Testatoris
1227 2248 1319 2291 fuis—

329 2314 395 2365 se,
420 2324 590 2366 eumque
605 2309 885 2366 principaliter
902 2309 1052 2364 optaffe
1065 2338 1078 2360 ,
1098 2317 1144 2352 ut
1159 2322 1207 2350 ex
1224 2306 1320 2349 red-

325 2373 475 2416 ditibus
496 2372 697 2411 bonorum
710 2367 902 2422 praediaae
915 2367 1162 2410 haereditatis
1181 2391 1195 2414 ,
1221 2379 1318 2420 pau-

329 2443 447 2487 peres
471 2430 512 2468 in
537 2425 645 2466 dieto
658 2425 822 2479 Oppido
843 2423 1056 2468 existentes
1085 2425 1320 2475 alerentur,

328 2492 368 2532 δι
387 2484 504 2530 Miffae
528 2496 602 2539 pro
627 2481 708 2538 ejus
734 2482 865 2526 anima
886 2483 1212 2530 celebrarentur,
1237 2495 1322 2538 quo

327 2546 430 2592 nihil
449 2544 570 2598 magis
588 2540 698 2598 pium
716 2539 794 2584 effe
808 2541 967 2597 potesi3
996 2545 1034 2584 &
1057 2543 1096 2584 in
1111 2542 1220 2584 dieto
1233 2545 1320 2596 Op-

329 2605 431 2662 pido
453 2632 466 2655 ,
493 2600 600 2644 unde
625 2599 753 2642 dietus
781 2601 970 2644 Testator
995 2601 1191 2645 oriundus
1213 2609 1320 2651 erat,

329 2661 572 2722 primodicta
595 2660 749 2703 Domus
766 2690 781 2713 ‚
807 2671 852 2703 ut
876 2658 1111 2715 praefertur,
1141 2662 1322 2702 extrueta

331 2723 588 2776 reperiatur,
615 2719 656 2760 in
679 2732 757 2773 qua
786 2718 836 2760 ad
857 2719 990 2761 minus
1017 2719 1184 2774 triginta
1204 2718 1322 2762 Reli-

327 2780 425 2838 giofi
446 2775 619 2821 residere
634 2774 762 2819 solent
781 2807 795 2827 ,
827 2777 894 2832 qui
913 2792 988 2833 pro
1004 2777 1321 2823 benefactorum,

333 2837 509 2884 maxime
536 2834 846 2888 defunctorum,
874 2837 1075 2880 animabus
1103 2837 1247 2880 Divina
1262 2833 1315 2879 os

332 2899 424 2943 ficia
440 2926 452 2949 ,
466 2910 511 2938 ae
529 2894 663 2939 Missas
677 2893 827 2951 jugiter
838 2895 1044 2938 celebrare
1061 2906 1228 2939 curant:
1244 2893 1324 2938 Sed

337 2971 434 3000 cum
451 2956 560 2998 inter
573 2953 651 2996 alia
665 2953 771 2998 bona
787 2954 1030 2998 haereditatis
1061 2955 1234 3011 praedit‘ti
1261 2964 1325 2996 te·-

332 3016 493 3059 statoris
508 3043 522 3066 ,
548 3027 633 3068 quae
648 3013 688 3055 in
705 3014 956 3070 proprietate
974 3014 1023 3056 ad
1039 3014 1223 3056 valorem
1241 3014 1325 3055 sex·

335 3074 470 3118 decim
487 3072 656 3114 millium
673 3071 914 3116 ducatorum
933 3073 1022 3114 auri
1038 3071 1089 3114 de
1103 3075 1329 3120 Camerti-2,

339 3128 583 3176 ususfrut‘tfis
613 3132 712 3173 vero
739 3133 846 3175 ultra
863 3131 973 3173 mille
995 3130 1164 3173 ducatos
1185 3129 1329 3173 similes

334 3187 555 3235 ascendunt
574 3214 588 3236 a
612 3189 774 3243 quidam
805 3191 946 3233 hortus
980 3191 1232 3245 reperiatur,
1260 3204 1330 3232 va·-

341 3249 440 3293 loris
455 3276 470 3299 ,
497 3256 543 3289 ut
557 3244 738 3297 dicitur,
766 3250 806 3290 in
823 3248 1077 3305 proprietate
1097 3259 1330 3299 centum,

342 3310 384 3350 δι
407 3304 688 3363 quinquaginta
717 3306 955 3350 ducatorum
984 3314 1000 3360 ,
1026 3322 1166 3364 parum
1201 3307 1288 3363 plus
1316 3332 1332 3356 ,

337 3377 403 3410 aut
432 3364 564 3406 minus
579 3391 592 3415 ,
619 3362 728 3415 iuxta
756 3365 1036 3421 primodie‘tam
1051 3371 1225 3411 Domum
1246 3369 1333 3409 Re-

337 3426 519 3483 gularem
546 3450 562 3475 ,
599 3424 639 3463 &
668 3436 759 3465 cum
783 3423 958 3482 ejusdem
982 3426 1136 3469 Domfis
1162 3423 1330 3468 hortulo

339 3482 563 3534 confinans,
581 3481 633 3523 ita
653 3507 667 3528 ³
681 3482 719 3523 δι
733 3483 872 3527 taliter
888 3514 902 3537 ,
926 3485 1036 3542 quod
1051 3484 1244 3542 subjectus
1256 3509 1270 3532 ,
1287 3486 1328 3523 δε

334 3541 559 3600 suppofitus
588 3541 634 3581 fit
657 3537 837 3584 fenestris
855 3544 1049 3587 cellarum
1075 3543 1326 3598 primodic'tae

342 3601 500 3645 Domfis
517 3598 734 3656 Regularis
749 3629 764 3652 ,
787 3601 844 3644 ita
862 3629 876 3651 ,
899 3603 1050 3647 utdieti
1067 3605 1227 3647 Fratres
1240 3603 1325 3643 Ca·

337 3662 475 3715 pucini
496 3667 703 3717 nequeant
719 3659 812 3702 illas
826 3664 1006 3717 aperire,
1031 3676 1159 3719 neque
1175 3674 1245 3718 per
1257 3671 1327 3702 eas

333 3718 568 3773 perspicere
580 3748 594 3769 ,
611 3718 709 3773 quin
729 3718 895 3763 videant
907 3722 946 3762 in
959 3737 1010 3765 eo
1022 3721 1229 3766 existentes
1241 3733 1328 3761 mu-

326 3776 449 3818 lieres
465 3802 479 3824 ,
512 3779 612 3820 &ab
630 3776 716 3830 ipsis
736 3779 982 3834 videantur3
1010 3796 1056 3823 ex
1068 3796 1146 3838 quo
1160 3775 1329 3823 multum

324 3844 545 3889 gravantur
563 3861 577 3886 ‚
614 3837 790 3881 maxime
803 3867 820 3896 ‚
848 3841 940 3899 quia
959 3841 1163 3886 interdum
1176 3840 1227 3898 eo
1237 3850 1335 3892 con:

1068 241 1633 357 Provincia

1369 389 1511 433 venire
1527 386 1658 430 solent
1674 382 1847 442 personae
1859 380 1988 429 minus
1999 387 2195 433 honesta:
2225 392 2269 437 si
2284 391 2355 435 au·‘

1369 460 1454 491 tem
1477 447 1686 503 praediRus
1716 445 1860 488 hortus
1889 457 1963 500 per
1990 448 2076 487 ‘Nos
2109 449 2352 501 primodistae

1366 507 1514 550 Domui
1545 504 1818 562 applicaretur
1849 532 1863 556 ,
1910 504 1950 545 ἃ
1981 504 2317 560 appropriaretur
2332 535 2348 557 ,

1364 566 1507 624 procul
1536 565 1692 615 dubio,
1722 564 1762 604 &
1783 561 2060 605 neceffitatum
2087 562 2363 608 sublevationi'

1365 623 1607 681 primodielae
1637 620 1788 665 Domus
1806 649 1821 673 ,
1851 622 1889 662 &
1917 619 2178 664 fenestrarum
2203 622 2353 677 praedi-

1364 681 1699 736 (tarumaspeftui
1716 678 1809 725 effet
1824 679 2048 721 consultum
2069 709 2081 721 .
2111 683 2253 740 Qare
2275 695 2351 739 pro

1365 751 1483 798 parte
1514 740 1715 782 distorum
1742 741 1930 793 Fratrum
1949 739 2249 794 Capucinorum
2266 768 2281 792 ,
2308 741 2350 782 δι

1366 797 1606 843 Conventus
1621 799 1749 840 Nobis
1762 795 1839 840 fuit
1850 796 2058 840 humiliter
2069 797 2351 855 supplicatum,

1364 868 1556 915 quatenus
1573 861 1612 899 in
1628 855 1826 912 praemissis
1841 854 2075 912 opportune
2091 855 2356 912 provideres,

1363 918 1417 960 de
1432 917 1677 972 benignitate
1692 914 1921 972 Apostolica
1935 915 2194 969 dignaremur
2205 943 2218 956 .

1481 979 1565 1018 Nos
1591 975 1715 1031 igitur
1741 974 1869 1017 dictos
1899 975 2058 1016 Fratres
2085 971 2351 1029 Capucinos,'

1367 1047 1412 1076 ac
1426 1035 1539 1077 dietae
1554 1032 1707 1076 Domus
1725 1036 1764 1076 S.
1781 1032 1978 1075 Francisci
2008 1031 2224 1087 singulares
2251 1043 2353 1087 per-

1365 1092 1476 1136 sonas
1491 1121 1505 1144 ,
1518 1094 1540 1135 a
1554 1090 1757 1148 quibusvis
1769 1091 1845 1132 διε.
1872 1087 2124 1132 absolventes
2139 1120 2154 1141 ,
2184 1092 2224 1132 δι
2238 1089 2356 1131 abso-¹

1366 1151 1471 1194 lutas
1490 1150 1577 1193 fore
1592 1149 1816 1201 censentes,
1832 1162 1909 1191 nec
1924 1161 2002 1190 non
2017 1148 2112 1190 dieti
2131 1145 2359 1191 testamenti

1367 1219 1528 1252 tenores
1544 1236 1559 1260 ,
1573 1209 1768 1263 praemissis
1778 1218 1916 1250 tamen
1930 1205 2096 1247 minima
2108 1205 2354 1252 contrarios,

1369 1270 1648 1322 bonorumque
1661 1267 1774 1309 dietat
1792 1264 2038 1309 haereditatis
2053 1292 2067 1315 ,
2078 1265 2117 1305 δι
2134 1263 2241 1306 horti
2258 1271 2376 1318 prae-,t

1367 1327 1465 1371 dieti
1486 1325 1723 1369 fituationes
1736 1353 1751 1377 ,
1781 1325 1960 1368 confines
1974 1351 1989 1375 ,
2025 1322 2221 1366 vocabula
2240 1347 2255 1370 ,
2286 1319 2362 1363 de··

1367 1385 1660 1428 nominationes
1677 1411 1691 1433 ‚
1708 1385 1928 1440 verosque,
1962 1383 2166 1425 &annuos
2197 1379 2362 1424 valorea

1367 1442 1625 1501 praesentibus
1653 1457 1730 1498 pro
1756 1441 1944 1497 expreffis
1960 1441 2152 1483 habentes
2179 1467 2193 1491 ,
2222 1437 2359 1495 hujus:-

1367 1501 1477 1544 modi
1494 1499 2043 1557 supplicationibusinclinati
2057 1526 2071 1550 ,
2102 1496 2358 1541 Discretioni

1369 1564 1463 1605 Tuae
1478 1574 1549 1616 per
1564 1559 1796 1616 Apostolica
1811 1558 1955 1615 scripta
1968 1555 2203 1600 mandamus
2216 1585 2231 1608 ,
2262 1568 2361 1611 qua-

1372 1631 1491 1663 tenus
1505 1632 1675 1662 exnunc
1691 1647 1707 1669 ,
1740 1627 1859 1673 prout
1884 1632 1932 1661 ex
1956 1627 2053 1660 tunc
2070 1644 2083 1667 ,
2114 1614 2362 1672 postquam-i

1373 1691 1546 1735 uterque
1559 1674 1798 1721 ususfruetfis
1815 1675 2123 1732 quomodolibet
2140 1671 2365 1724 ceffaverit,

1373 1738 1522 1780 dietum
1544 1738 1710 1778 hortum
1724 1761 1738 1783 ,
1769 1737 1850 1780 una
1863 1749 1954 1778 cum
1969 1733 2120 1790 juribus
2137 1761 2153 1784 ,
2182 1733 2221 1774 δι
2236 1729 2369 1787 perti-

1373 1795 1523 1838 nentiis
1555 1794 1629 1834 suis
1653 1792 1788 1834 eidem
1814 1795 1964 1834 Domui
1988 1796 2030 1834 S.
2056 1789 2258 1832 Francisci
2275 1818 2290 1839 ,
2319 1789 2372 1831 et's

1373 1850 1481 1907 quod
1497 1849 1618 1890 liceat
1635 1848 1714 1891 illis
1731 1850 1939 1891 Fratribus
1950 1847 2188 1903 Capucinis,
2201 1859 2308 1888 nunc
2322 1847 2366 1888 δι

1377 1923 1450 1966 pro
1467 1918 1651 1963 tempore
1669 1906 1928 1949 existentibus
1941 1934 1955 1957 ,
1972 1904 2227 1963 corporalem
2243 1933 2259 1958 ,
2273 1918 2367 1948 rea-

1378 1970 1462 2011 lem
1475 1992 1490 2014 ,
1519 1966 1560 2008 8ι
1575 1965 1773 2008 actualem
1802 1964 1898 2008 dien·
1931 1964 2041 2008 horti
2063 1962 2372 2024 pqffeffionem

1348 2071 1350 2073 ,
1377 2025 1713 2078 apprehendere,
1745 2023 2084 2077 &apprehensam
2112 2022 2370 2070 retinere-s,

1378 2083 1527 2121 fruetus
1544 2091 1736 2131 quoque,
1768 2079 2093 2120 &emolumenta
2120 2093 2170 2120 ex
2197 2092 2247 2120 co
2275 2091 2372 2133 pro-

1376 2135 1585 2179 venientia
1617 2147 1861 2190 quaecunque
1887 2163 1901 2185 ,
1933 2134 2143 2191 postquam
2181 2135 2365 2183 amboufi

1380 2192 1591 2237 susfructus
1610 2191 1785 2247 praedit‘ti
1803 2191 2292 2249 ceffaverint,percipere,
2309 2191 2371 2235 le.

1382 2267 1480 2295 vare
1503 2251 1543 2292 in
1569 2250 1682 2292 dietae
1699 2250 1849 2293 Domus
1865 2255 1905 2295 S.
1924 2252 2121 2295 Francisci
2137 2279 2152 2302 ,
2182 2253 2222 2293 δι
2237 2253 2275 2294 in
2289 2263 2369 2295 ea..

1383 2307 1641 2353 residentium
1670 2311 1855 2351 Fratrum
1882 2309 1999 2361 usus,
2029 2311 2066 2350 &
2093 2308 2370 2352 neceffitatum

1382 2367 1699 2412 sublevationem
1717 2395 1731 2419 ,
1764 2367 1994 2411 Dioecesani
2010 2367 2116 2418 loci,
2148 2367 2212 2409 vel
2233 2365 2369 2424 cujus-

1382 2428 1440 2470 vis
1454 2425 1619 2469 alterius
1639 2423 1803 2468 licentia
1816 2452 1831 2474 ‚
1862 2425 2032 2483 desuper
2056 2425 2219 2468 minime
2234 2423 2372 2482 requi-

1380 2489 1450 2528 fita
1465 2513 1479 2535 ,
1509 2483 1720 2527 celebratis
1738 2493 1872 2527 tamen
1889 2499 1961 2539 per
1973 2485 2102 2527 dictos
2119 2486 2282 2527 Fratres
2292 2486 2372 2527 Ca.

1384 2545 1550 2602 pucinos
1576 2543 1692 2584 unica
1716 2543 1804 2586 vice
1833 2543 1945 2586 mille
1959 2543 2080 2585 Misfis
2106 2543 2145 2584 in
2172 2552 2257 2585 tota
2273 2545 2371 2585 Pro-

1384 2604 1516 2647 vincia
1540 2630 1554 2654 ,
1585 2603 1835 2644 authoritate
1857 2600 1990 2644 nostra
2017 2603 2218 2657 perpetuo
2241 2599 2375 2656 applia

1381 2675 1475 2714 ces,
1505 2662 1548 2704 δι-
1566 2662 1829 2716 appropries,
1858 2660 2033 2717 dictique
2049 2660 2274 2703 'reflatoris
2302 2671 2374 2701 vo-

1383 2717 1561 2764 luntates
1579 2720 1713 2775 quoad
1743 2720 1875 2761 omnia
1906 2749 1921 2771 ‚
1947 2722 1987 2762 δι
2010 2719 2159 2774 singula
2183 2714 2373 2774 praemiffa

1383 2779 1626 2824 sufficienter
1647 2807 1661 2831 ,
1691 2780 1732 2820 δι
1750 2775 1931 2833 expresse
1957 2788 2202 2821 commutes.
2239 2779 2368 2819 Non-s

1385 2839 1632 2882 obstantibus
1647 2837 1856 2881 voluntate
1869 2862 1883 2884 ,
1909 2835 2072 2892 aliisque
2085 2833 2284 2892 praemiffis
2295 2863 2309 2886 ,
2324 2847 2372 2877 ae

1385 2897 1751 2941 Constitutionibus
1763 2923 1777 2947 ,
1792 2897 1832 2938 δι
1843 2895 2180 2938 Ordinationibus
2195 2896 2230 2937 A
2235 2891 2373 2949 posto·

1385 2956 1471 2999 licis
1496 2987 1512 3009 ,
1540 2956 1772 3010 caeterisque
1796 2953 2373 3009 contrariisquibuscumque-

1503 3018 1652 3058 Datum
1669 3016 1806 3057 Romae
1822 3043 1837 3065 ,
1862 3013 1968 3070 apud
1983 3018 2021 3056 S.
2038 3014 2205 3056 Petrum
2223 3041 2239 3063 ‚
2265 3022 2370 3053 anno

1388 3073 1680 3117 Incarnationis
1702 3072 1918 3116 Dominicae
1937 3071 2145 3115 millesimo
2166 3070 2374 3112 sexcentess

1389 3134 1485 3174 fimo
1518 3134 1709 3189 vigesimo
1749 3129 1858 3174 sexto
1901 3130 2103 3174 Kalendas
2137 3127 2373 3179 Februarii,

1391 3190 1652 3237 Pontificatfis
1666 3189 1787 3234 nostri
1801 3203 1907 3232 anno
1922 3199 2080 3245 quarto-

1694 3306 1906 3359 Exemplar
1917 3304 1960 3346 in
1974 3304 2095 3347 Arch.
2105 3314 2194 3356 gen.
2213 3301 2311 3344 Ord.

1735 3367 1852 3407 Arm.
1866 3362 2083 3409 Provincia
2095 3359 2311 3406 Tolosana.

2118 3866 2185 3933 Fr.
2194 3892 2314 3947 Joani
