2592 4094
612 1128 2018 1285 PROVINCIA

301 1391 428 1530 S,
567 1392 690 1528 L
789 1393 927 1535 U
1046 1396 1201 1538 D
1316 1393 1467 1533 O
1567 1391 1706 1530 V
1809 1393 1867 1531 I
1980 1385 2115 1529 C
2231 1382 2356 1523 Ι.

543 1664 547 1671 ’
609 1676 616 1686 ’
689 1652 694 1657 ’
728 1650 743 1713 ‚f
787 1646 978 1712 Emplai
1015 1646 1155 1699 libros
1170 1685 1187 1708 ‚
1227 1649 1386 1705 Urbes
1398 1664 1415 1709 3
1451 1648 1501 1701 ὅ(
1529 1644 1795 1699 Provincias
1815 1642 2025 1694 Patronis
2053 1637 2265 1695 inscribi,‘
2298 1631 2364 1694 s12,

655 1765 680 1777 a
802 1735 885 1766 Crae
903 1718 1028 1783 aequ&
1046 1737 1099 1768 ac
1117 1721 1357 1786 prophana:
1375 1718 1658 1787 antiquitatis
1684 1714 1867 1765 historia
1892 1711 2134 1762 confertim
2162 1709 2327 1759 edocet
2344 1723 2361 1754 ι

656 1802 665 1820 ι
695 1788 740 1823 12¹»-
805 1788 875 1831 M.
895 1788 1076 1834 Acilius
1091 1788 1287 1834 Glabrio
1309 1792 1358 1836 P.
1378 1788 1602 1833 Cornelio
1621 1786 1822 1830 Lentulo
1835 1815 1851 1836 ,
1881 1781 1931 1829 ἃ
1948 1786 2020 1828 Μ.
2038 1780 2205 1827 Barbio
2219 1779 2366 1830 Tam-3

732 1842 740 1853 ’
803 1851 881 1900 filo
899 1887 914 1909 ,
953 1849 1031 1902 seu
1063 1858 1147 1913 (ut
1175 1855 1274 1903 aliis
1302 1856 1488 1922 placet)
1525 1850 1770 1918 Pamphilo
1799 1847 1942 1898 aedem
1972 1849 2189 1916 pietatis,
2226 1841 2370 1894 testea

719 1959 738 1970 .
807 1924 1053 1973 Valeriano
1071 1927 1284 1974 Maximo
1302 1926 1337 1975 l.
1355 1943 1400 1973 2.
1418 1937 1508 1988 cap.
1525 1924 1575 1985 ’4.
1585 1921 1680 1989 jol.
1699 1919 1808 1970 mibi
1842 1925 1956 1968 161.
1979 1916 2214 1977 dedicavit
2233 1949 2247 1964 .
2282 1916 2367 1962 Fe-

738 2013 742 2016 ·
805 1993 960 2041 stivior
977 1994 1101 2056 aeque
1118 2013 1171 2042 ac
1186 1993 1381 2041 sanstior
1398 1991 1488 2040 fuit
1503 1994 1618 2040 ritus
1633 2024 1650 2048 ,
1687 2006 1780 2054 quo
1791 1987 2049 2054 Templum
2065 2022 2083 2045 ,
2100 1981 2367 2035 introducta

807 2061 852 2105 in
869 2059 985 2107 illud
1011 2060 1134 2107 Arca
1157 2092 1174 2115 ,
1209 2057 1295 2108 fuit
1311 2063 1412 2107 Deo
1441 2057 1679 2114 dicatum3
1709 2055 1924 2105 maHavit
1945 2059 2065 2105 enim
2083 2055 2278 2105 Salomon
2297 2053 2373 2102 ho:

297 2135 406 2202 stias
421 2131 614 2198 pacificas
633 2164 649 2186 ,
685 2142 786 2195 quas
798 2129 1042 2178 immolavit
1061 2128 1242 2177 Domino
1257 2166 1275 2191 ,
1304 2127 1427 2176 boum
1444 2129 1613 2195 viginti
1628 2126 1708 2175 duo
1722 2125 1890 2183 millia,
1927 2126 1983 2174 ὼ·
2007 2129 2159 2178 ovium
2176 2130 2371 2176 centum

313 2206 482 2272 viginti
497 2201 636 2251 millia
651 2234 668 2257 ,
703 2199 758 2247 &⁶
772 2197 1074 2254 dedicaverunt
1093 2198 1308 2266 Templum
1326 2199 1500 2247 Domini
1544 2197 1648 2247 Rex
1660 2231 1677 2255 ‚
1708 2203 1764 2246 ὃ
1785 2196 1896 2245 Filii
1913 2194 2053 2263 Istael
2063 2233 2077 2246 .
2116 2215 2162 2260 3.
2182 2200 2303 2265 Reg.
2319 2198 2370 2244 8.

308 2292 358 2324 v.
375 2286 433 2335 63
450 2310 461 2322 .
491 2272 682 2322 Librum
712 2273 894 2336 reperiri
931 2269 1052 2319 haud
1071 2269 1135 2319 est
1147 2307 1164 2329 ,
1202 2273 1245 2318 in
1262 2274 1386 2331 cujus
1402 2267 1549 2319 fronte
1562 2286 1656 2318 non
1673 2265 1954 2335 resplendeat
1971 2284 2139 2317 nomen
2152 2266 2369 2317 Patroni:

313 2343 472 2400 Urbes
487 2377 503 2400 ,
539 2341 587 2391 ὃ(
601 2346 763 2407 Regna
778 2338 865 2388 suae
878 2337 1108 2390 felicitatis
1124 2338 1344 2389 acceffum
1361 2355 1539 2398 tenent,
1580 2338 1615 2389 fi
1631 2356 1797 2389 nomen
1817 2339 2000 2389 Patroni
2026 2339 2223 2405 gloriam
2237 2334 2370 2387 suam

311 2425 502 2463 coronet
519 2446 535 2468 ‚
575 2408 623 2459 ὅ(
646 2412 693 2456 in
719 2407 822 2475 ipfis
857 2411 993 2458 etiam
1013 2412 1182 2458 maeniis
1204 2445 1219 2468 ,
1255 2429 1307 2459 ac
1325 2425 1563 2478 portarum
1597 2406 2241 2477 supercilioipfiusaliquando
2255 2407 2373 2458 emi!

319 2496 454 2533 neant
471 2478 659 2550 insignia
678 2514 690 2526 .
730 2479 871 2528 Varia
889 2479 951 2528 est
966 2478 1223 2542 hujusmodi
1242 2479 1535 2532 dedicationis
1556 2483 1674 2530 ratio
1690 2501 1703 2528 :
1730 2480 1911 2528 Acilius
1930 2481 2215 2547 nuncupavit
2231 2492 2375 2528 enan-⁶

314 2557 481 2604 ciatam
508 2552 650 2600 aedem
685 2564 842 2617 compos
863 2555 963 2601 voti
974 2550 1122 2619 fhflus
1135 2586 1152 2608 ,
1194 2551 1312 2618 Rege
1332 2552 1535 2601 Antiocho
1554 2552 1666 2618 apud
1683 2549 2164 2616 Termopylassieperato
2181 2567 2196 2598 ε
2228 2550 2372 2599 Tem⁴

315 2626 388 2693 pla
408 2628 505 2672 Deo
523 2620 754 2670 sacrantur
769 2655 785 2679 ,
819 2634 870 2670 ut
887 2625 1049 2671 Latriae
1065 2623 1209 2672 cultui
1224 2620 1448 2673 serviant:
1485 2624 1635 2672 munit
1655 2620 1794 2671 libros
1814 2622 2002 2670 Patroni
2018 2636 2185 2668 nomen
2197 2654 2213 2677 ,
2250 2631 2372 2677 tum,

318 2710 370 2744 ut
384 2694 538 2743 Momi
557 2690 606 2742 ὅ(
620 2689 870 2740 Aristarchi
886 2690 1122 2742 licentioso
1141 2692 1274 2743 dente
1289 2711 1363 2743 eos
1381 2696 1577 2743 lacerare
1592 2704 1836 2744 vereantur
1854 2726 1870 2748 ,
1905 2704 2008 2739 tum
2022 2725 2038 2748 ‚
2073 2704 2128 2740 ut
2148 2692 2375 2740 Maecena·

317 2780 419 2815 tum
435 2762 483 2814 <St
501 2765 718 2812 Heroum
737 2763 960 2811 memoria
975 2766 1180 2831 perennis
1197 2766 1357 2835 gloriae
1377 2763 1592 2815 sortiatur
1611 2764 1775 2832 pignus
1790 2796 1802 2809 .
1840 2761 2095 2811 Provinciae
2113 2759 2161 2812 ὅ(
2174 2765 2374 2830 Regna-q

320 2830 575 2885 adsciscunt
588 2830 667 2881 fibi
686 2834 932 2890 Patronos,
971 2849 1024 2882 ut
1041 2833 1121 2883 sub
1137 2837 1310 2903 potenti
1329 2837 1496 2886 horum
1515 2832 1718 2886 custodia
1737 2830 1944 2882 servetur
1961 2832 2146 2881 illorum
2166 2829 2309 2880 decor
2322 2827 2375 2882 ὅτι

319 2908 443 2974 quies
459 2940 475 2962 ,
512 2903 560 2953 ὅ(
574 2900 774 2971 gloriosa
793 2901 965 2971 semper
985 2902 1212 2956 felicitatis
1230 2905 1446 2957 sortiatur
1467 2908 1748 2956 incrementa
1768 2939 1781 2953 .

462 2971 742 3024 Inhaeserunt
759 2969 907 3040 prisco
923 2976 1043 3024 mori
1061 2977 1191 3039 hujus
1208 2978 1465 3027 Provinciae
1478 2981 1658 3027 Fratres
1674 3013 1691 3036 ,
1726 2974 1776 3026 ἃ
1796 2974 1910 3023 hanc
1936 2971 2146 3042 auspiciis
2161 2972 2273 3022 Divi
2285 2973 2374 3021 Lu-

322 3045 496 3102 dovici,
510 3042 719 3111 Episcopi
733 3044 969 3104 Tolosani,
984 3044 1303 3096 consecrarunt
1316 3083 1332 3105 ,
1371 3063 1438 3107 ut,
1461 3067 1599 3116 quem
1625 3065 1682 3097 ex
1711 3058 1846 3114 partu
1865 3046 2055 3094 Brinolii
2086 3042 2217 3094 suum
2250 3044 2375 3092 Con·

328 3115 662 3166 Provincialem
684 3131 906 3166 noverant
922 3153 938 3174 ,
973 3116 1021 3168 <St
1040 3120 1165 3178 cujus
1182 3115 1315 3167 sacris
1333 3121 1512 3168 exuviis
1546 3119 1718 3168 diutius
1744 3118 1857 3165 olim
1890 3114 2044 3163 nobile
2056 3112 2304 3164 Provinciae
2321 3108 2372 3162 ἃ

328 3186 1015 3251 EuropaeEmporium‚Maffilia
1032 3185 1283 3246 fruebatur,
1294 3206 1383 3237 non
1402 3187 1549 3238 solum
1565 3187 1720 3238 valida
1738 3188 1856 3236 illius
1870 3183 2012 3233 tutelz'i
2027 3177 2371 3252 gauderent‚sed

324 3259 463 3307 etiam
482 3253 559 3303 suo
578 3257 704 3304 cultu
720 3257 871 3305 laudes
891 3262 938 3306 S.
959 3263 1188 3318 Patriotae‚
1205 3258 1252 3310 ἃ
1269 3276 1327 3306 ex
1350 3261 1514 3328 regula·
1534 3257 1802 3327 profeffione
1820 3251 2078 3304 Confratris
2099 3252 2342 3302 dilatarent
2357 3286 2371 3299 .

473 3327 641 3374 Reiicit
658 3323 734 3373 sua
753 3328 880 3376 initia
895 3328 951 3377 ad
978 3327 1189 3380 saeculum
1205 3330 1227 3377 ὲ
1249 3330 1476 3398 Virgineo
1497 3343 1629 3396 partu
1645 3327 1874 3377 decimum
1889 3319 2063 3372 sextum
2077 3358 2093 3382 ,
2127 3320 2207 3371 seu
2225 3320 2283 3370 ad
2296 3338 2372 3370 an-

330 3414 442 3447 num
463 3394 755 3445 millesimum
773 3399 1174 3468 quingentesimum
1191 3398 1564 3470 septuagesimum
1581 3396 1752 3447 sextum
1768 3430 1784 3453 ,
1821 3410 1911 3461 quo
1927 3390 2089 3443 nobilis
2107 3395 2195 3444 Vir
2212 3395 2372 3442 Petrus

333 3470 358 3516 ὲ
378 3474 424 3518 8.
442 3470 574 3519 Sixto
591 3503 607 3525 ‚
641 3467 699 3516 ad
714 3465 882 3518 famam
897 3469 952 3519 de
967 3473 1184 3539 rigidiore
1197 3474 1439 3538 Capucinae
1455 3472 1560 3521 vitae
1576 3466 1809 3535 disciplina
1824 3461 2032 3514 diffusam
2049 3500 2064 3523 ,
2095 3465 2142 3513 in
2159 3464 2371 3519 Civitate.

335 3535 641 3588 Avenionenfi
659 3543 865 3589 Domum
881 3544 1111 3591 Fratribus
1126 3541 1322 3591 construi
1339 3544 1542 3591 curavit.
1581 3544 1648 3589 Ex
1668 3537 1762 3605 ipso
1779 3535 1897 3586 felici
1917 3536 2002 3583 hoc
2023 3532 2218 3585 successu
2253 3536 2373 3583 cele-

337 3610 429 3657 bris
448 3614 522 3657 Fr.
538 3610 735 3659 Mathias
752 3610 774 3659 ὲ
792 3614 977 3662 Salodio
995 3612 1262 3663 Brixinenfis
1278 3649 1291 3671 ‚
1306 3615 1551 3662 Provinciae
1563 3605 1911 3660 Mediolanenfis
1927 3621 2033 3656 tunc
2055 3605 2371 3662 Provincialis,

332 3678 380 3726 ὅ(
403 3678 748 3730 Commissarius
769 3685 1026 3742 Generalis,
1044 3684 1221 3734 facilem
1236 3683 1284 3734 ὃ(
1301 3683 1406 3733 alibi
1434 3686 1480 3734 in
1505 3683 1669 3733 vicinia
1691 3683 1883 3730 aliarum
1903 3682 2142 3728 Domuum
2168 3673 2366 3726 constru-

331 3748 530 3795 &ionem
552 3749 804 3813 conclufit3
843 3773 921 3803 nec
949 3769 1040 3803 tam
1065 3757 1296 3806 humiliter
1323 3752 1560 3806 secundam
1590 3753 1636 3802 in
1665 3754 1869 3803 Civitate
1888 3747 2096 3798 Maffiliae
2124 3743 2361 3817 quaefivl'b

334 3818 442 3884 quin
457 3815 689 3886 benignius
709 3824 855 3875 Illust.
876 3830 935 3876 D.
954 3826 1202 3896 Episcopus
1218 3826 1417 3893 sequenti
1430 3845 1528 3877 eam
1544 3821 1806 3875 concesserit
1823 3822 2087 3888 diplomate.

2219 3884 2302 3927 Fri-
