2592 4094
941 233 1543 349 Insulenfis.
2027 248 2193 352 269

217 376 439 428 similiterque
447 380 513 426 fiet
535 381 575 418 do
602 380 934 427 Congregationibus
957 378 1041 415 RR.
1059 380 1206 416 Parrum
1236 404 1248 413 .
1274 380 1366 417 Dum
1395 389 1510 416 autem
1536 377 1737 426 Capitulum
1763 377 1985 416 Provinciale
2011 382 2253 423 celebrandam

216 426 286 461 erit
299 435 363 474 pro
388 428 547 477 Capitulo
577 428 754 471 Generali,
771 427 1001 464 celebrabitur
1023 426 1044 462 ci
1069 426 1120 462 R.
1147 428 1189 463 Ρ.
1221 427 1445 463 Provinciali
1471 431 1512 465 in
1542 426 1600 462 illo
1628 427 1823 468 Conventa,
1838 428 1899 475 qui
1924 429 1956 467 ei
1975 425 2156 479 placuerit
2173 458 2186 478 ,
2213 437 2255 475 &⁴

211 484 420 524 unaquaeque
446 476 605 528 Custodia
626 477 764 512 habebit
777 475 881 523 suum
909 475 1086 525 Custodem
1099 500 1109 514 ,
1135 475 1181 509 ad
1203 475 1407 523 Capitulum
1433 475 1609 512 Generalc
1632 475 1836 513 mittendum
1849 500 1860 512 .
2148 493 2150 495 ·

306 524 467 575 Quinto:
493 527 536 563 Si
555 538 628 574 quae
651 525 857 561 mutationes
878 524 975 570 infra
999 533 1129 557 aunum
1154 520 1238 567 fieri
1266 523 1415 559 debeant
1447 546 1460 566 ,
1496 523 1722 574 disponentur
1748 523 1768 559 ἃ
1793 523 1840 560 R.
1870 521 1911 565 P.
1936 524 2156 563 Provinciali
2182 540 2255 563 cum

210 570 336 620 consilio
356 572 404 609 R.
420 574 462 610 Ρ.
475 574 628 625 Custodis
649 572 745 608 illius
769 571 933 621 Custodiae
946 571 1008 613 ,in
1032 580 1100 616 qua
1107 569 1192 616 fieri
1217 569 1418 611 debebunt3
1450 570 1495 607 Et
1511 572 1557 620 ,fi
1580 572 1766 620 aliquando
1781 571 1877 609 R.P.
1890 571 2141 616 Provincialis‚
2159 574 2255 621 cujus

202 618 310 666 filius
334 621 380 680 est
401 620 560 669 ‘Juvenes
586 622 631 658 ad
656 619 871 667 Religionem
908 619 1058 665 recipere
1076 641 1088 660 ‚
1113 616 1249 668 aliquos
1277 620 1317 654 in
1352 621 1470 668 prima
1488 660 1490 662 v
1497 621 1762 669 praesentatione
1785 620 1878 669 faffia
1907 621 1945 656 in
1979 622 2140 668 Capitulo
2172 623 2256 659 Pro-

211 669 381 712 vinciali,
404 669 462 706 vel
481 669 754 719 congregatione
785 666 872 703 RR.
893 666 1066 706 Parrum,
1095 664 1177 702 licit
1203 675 1341 714 capaces
1370 669 1530 705 inventos
1562 693 1576 710 ‚
1619 680 1687 704 non
1717 670 1883 713 admittat
1903 694 1914 712 ,
1951 671 2045 708 vices.
2065 670 2147 719 suas
2171 681 2256 706 com·

211 717 325 754 mittet
344 718 389 754 R·
404 717 445 754 P.
466 718 601 768 Custodi
614 743 627 763 ,
649 727 690 754 ut
716 716 790 752 illos
814 716 859 752 ad
891 712 1108 762 Religionem
1123 714 1193 762 suo.
1215 725 1366 764 tempore
1392 716 1542 764 recipiat
1564 742 1574 752 .

305 765 430 804 Sexto:
459 767 614 815 Denique
642 776 854 814 unaquaeque
889 761 1047 813 Custodia
1062 771 1125 818 pro
1135 761 1270 799 videbit
1280 764 1346 811 sibi
1373 763 1416 799 de
1439 763 1652 813 vestimentis
1682 790 1694 806 ,
1736 766 1779 806 ὠ·
1804 766 1885 802 aliis
1912 770 2013 808 rebus
2037 765 2230 819 neceffariis
2249 791 2262 811 ‚

210 823 270 851 nec
290 815 329 850 in
351 814 527 864 quaestibus
546 814 682 852 excede:
703 813 829 850 limites
848 812 930 860 suos
952 812 996 846 ab
1026 811 1186 859 antiquis
1211 809 1380 848 Patribus
1410 811 1652 858 praescriptos,
1679 814 1722 853 (79⁵
1745 814 1908 863 dispositos
1923 839 1935 846 .

307 863 394 901 Cum
417 866 534 911 itaque
557 864 597 898 in
608 862 858 910 suprascriptis
891 856 1080 898 articulis,
1110 868 1213 905 atque
1239 858 1402 906 praediffa
1429 860 1504 897 PP.
1533 859 1911 908 Gallo-Belgicorum',
1946 865 1994 907 ὠ·-
2017 863 2259 902 flandro-Bel.

204 913 359 960 gicorum
382 911 606 951 conventione
624 935 636 952 ,
661 910 707 951 ὠ·
728 906 955 956 transtatione
981 908 1094 941 omnia
1136 903 1251 944 Nobis
1275 907 1476 944 videantur
1507 906 1739 955 consentanea?
1765 910 1906 958 justitiae
1922 913 2152 961 distributiva
2168 938 2179 956 ‚
2199 922 2259 960 po-

205 959 362 1009 pulorum
384 958 556 1000 utilitati,
583 958 666 992 bono
692 956 935 993 Conventuum
959 979 968 993 ‚
1001 955 1113 1001 quieti
1135 954 1180 996 &⁴
1205 955 1397 990 coneordiae
1425 954 1688 1003 Religiolorum
1717 981 1730 1000 ,
1770 960 1813 1000 ὼ·
1826 959 1986 1006 servitio,
2005 961 2113 1012 Regis
2139 960 2200 1001 No
2227 962 2261 998 ri

213 1007 479 1058 Christiauiffimi
499 1021 509 1042 ε
535 1004 599 1040 imi)
619 1005 663 1045 &⁸
687 1000 868 1051 necessaria
898 1026 910 1042 ,
934 1011 977 1038 ut
1001 1003 1162 1039 obvietur
1188 1002 1460 1050 difficultatibusv
1488 1003 1639 1052 aliifiJue
1672 1007 1997 1049 inconvenientibus
2017 1034 2031 1054 ‚
2070 1023 2143 1059 quae
2167 1011 2261 1047 inter

211 1066 392 1104 utramque
414 1052 603 1104 Custodiam
619 1047 769 1101 succeffu
795 1050 954 1098 temporis
977 1051 1126 1087 excitari
1142 1047 1293 1100 poffint:
1325 1051 1482 1099 Cumque
1502 1053 1590 1101 jura
1615 1063 1688 1091 tam.
1711 1057 1876 1092 canonica
1899 1083 1910 1098 ‚
1953 1058 2053 1105 quum,
2073 1059 2260 1107 municipa-

212 1103 261 1140 lia
283 1115 349 1140 non
368 1100 492 1152 obstent
507 1127 517 1142 .
548 1100 634 1148 quin
654 1101 791 1136 iutuitu
823 1099 903 1134 boni
924 1098 1057 1146 publici
1081 1099 1223 1146 quisque
1245 1108 1309 1147 per
1336 1099 1535 1148 hujusmodi
1566 1102 1830 1150 transac'iionem.
1858 1104 1942 1154 jurio
1958 1108 2025 1154 Juc,
2035 1106 2178 1156 speciali
2209 1118 2264 1143 re-

212 1153 378 1189 nuntiare
399 1150 516 1200 poffit‚
535 1149 783 1198 suprascriptos
810 1147 972 1184 articulos
999 1146 1204 1184 austeritate
1241 1147 1377 1197 nostra,
1395 1150 1560 1196 quantum
1601 1150 1643 1187 in
1672 1148 1786 1188 Nobis
1813 1151 1855 1202 est
1870 1153 2095 1201 ‚confirmare
2110 1155 2264 1192 decrevi.

213 1211 285 1237 mus
307 1224 320 1245 ,
343 1200 386 1242 ὼ*
406 1198 447 1235 de
469 1196 556 1248 suffio
587 1196 820 1244 confirmamus
847 1221 859 1239 ‚
883 1206 988 1244 atque
1014 1205 1055 1232 ut
1075 1195 1331 1234 inviolabiliter
1364 1197 1598 1244 observandos
1642 1199 1686 1233 in
1712 1199 1812 1236 hacce
1839 1201 2000 1251 Insulenfi
2022 1203 2262 1240 ‘Provinciam

208 1249 447 1298 proponimus,
471 1247 515 1289 ὡ·
533 1245 743 1283 decernimus
759 1270 771 1289 ‚
791 1243 1051 1294 statuimusque,
1076 1254 1130 1288 ut,
1139 1244 1171 1293 fi
1190 1247 1269 1293 quis
1294 1247 1333 1282 in
1354 1245 1427 1297 ipsa.
1455 1245 1615 1296 lnsulensi
1633 1245 1836 1292 Provincia,
1861 1251 2101 1300 cujuscumque
2121 1252 2165 1302 fit
2177 1263 2263 1299 gra.

215 1297 301 1337 dus,
325 1296 368 1338 ὸ·
390 1295 589 1343 dignitatis,
598 1293 684 1330 hanc
705 1295 972 1331 conventionem
987 1318 1000 1337 ,
1025 1293 1070 1335 ἐς*
1097 1293 1365 1342 transafiiionem-
1387 1294 1589 1343 infringere
1601 1294 1673 1342 sud,
1686 1295 1890 1336 auiioritate
1906 1299 2181 1347 praesumpserit,
2199 1308 2264 1335 aut

213 1347 253 1381 in
275 1344 389 1392 aliquo
413 1342 612 1381 notabiliter
637 1343 846 1384 violaverit,
871 1343 1021 1390 utraque
1046 1353 1127 1379 voce
1159 1342 1273 1379 aiii-vd
1292 1367 1303 1387 ‚
1321 1343 1370 1385 &n
1382 1343 1515 1392 paffivei
1540 1345 1579 1380 in
1590 1343 1744 1390 proximo
1764 1345 1930 1391 sequenti,
1953 1345 2116 1393 Capitulo
2142 1347 2265 1393 priva⁴

214 1403 271 1430 tus
293 1401 466 1430 remaneat
486 1404 498 1432 ;
525 1391 579 1427 Ita
595 1390 741 1429 dicimus
757 1419 767 1434 ,
784 1391 999 1440 sejungimus
1029 1414 1041 1434 ,
1062 1391 1307 1440 conjungimus
1346 1417 1357 1432 ‚
1383 1391 1621 1439 confirmamus
1651 1417 1662 1433 ,
1686 1391 1729 1433 ὠ·
1742 1390 1928 1441 statuimus
1943 1415 1957 1436 ‚
1987 1393 2047 1429 hoc
2066 1418 2079 1436 ‚
2105 1394 2148 1434 ἐν
2173 1394 2263 1429 omni

216 1440 281 1478 alio
307 1438 438 1477 meliori
462 1439 555 1476 modo
579 1467 587 1475 .
618 1439 658 1475 ln
680 1451 824 1490 quorum
849 1439 1041 1487 ampliorem
1064 1439 1268 1487 firmitatem
1294 1441 1442 1489 praesens
1476 1443 1662 1479 Decretum
1697 1441 1848 1488 propriae
1880 1451 2003 1478 manus
2038 1441 2262 1491 chirographo

213 1489 441 1528 munivimus,
464 1488 507 1529 ὼ·
527 1486 637 1536 majus
662 1490 765 1540 hujus
791 1488 1001 1525 “Provincias
1032 1488 1209 1538 Insulensis
1226 1489 1377 1538 figillum
1404 1492 1528 1539 apponi
1542 1488 1719 1539 juffimus'.

310 1536 454 1574 ‘Datum
475 1538 514 1572 iu
535 1536 720 1576 Conventa
750 1535 812 1576 No
839 1549 875 1574 ro
903 1535 1066 1587 insulensi
1089 1538 1145 1574 die
1175 1548 1231 1586 29.
1246 1537 1399 1590 Augusti
1432 1538 1541 1576 Anno
1567 1538 1759 1579 Dominicoc
1781 1537 2040 1576 Incarnutionis
2071 1538 2171 1587 1687.

228 1679 1269 1702 ————--—-n-—n———-
1273 1679 2264 1701 -ss-——ss———u-—n

220 1777 599 1832 Transactionem
613 1782 731 1829 circa
748 1784 799 1830 P.
814 1778 1083 1828 Ministrum
1101 1782 1217 1828 Pro-

293 1851 538 1898 vincialem
552 1883 568 1905 ,
585 1846 635 1899 δε
655 1847 929 1899 Definitores
958 1849 1209 1898 Provincia:

292 1918 528 1988 eligendos
544 1955 559 1976 ,
578 1936 659 1967 nec
685 1937 775 1969 non
805 1917 1025 1968 Custodes
1044 1916 1101 1966 ad
1119 1921 1210 1968 Co-

291 1993 421 2038 mitia
435 1989 664 2057 generalia
686 1989 932 2039 mittendos
950 1987 1211 2040 confirmat.

229 2129 692 2204 CLEJMnNs
762 2126 1006 2175 PAPA
1096 2126 1209 2172 xl.

380 2243 446 2287 Ad
458 2252 691 2300 perpetuam
722 2246 783 2286 rei
805 2241 1029 2285 memoriam
1043 2268 1056 2283 .

377 2363 492 2415 Uper
517 2374 591 2414 pro
610 2367 721 2414 parte
742 2358 984 2400 dilectorum
1014 2356 1213 2399 Filiorum

397 2418 567 2460 Ministri
583 2418 864 2464 Provincialis,
878 2418 917 2457 δι
938 2415 1214 2457 Definitorum

231 2478 454 2521 Provinciae
470 2476 702 2524 Inlulenfis‚
725 2475 891 2518 Ordinis
915 2477 1104 2516 Fratrum
1135 2473 1213 2515 Mi-

236 2549 377 2577 norum
405 2536 534 2578 Sancti
563 2533 763 2577 Francisci
787 2532 1086 2588 Capucinorum
1114 2545 1218 2573 nun-

233 2605 487 2648 cupatorum,
503 2594 630 2636 Nobis
645 2592 864 2648 expolitum
880 2591 970 2638 fuit,
990 2591 1119 2646 quod,
1131 2603 1220 2631 cum

236 2666 375 2693 eorum
405 2650 615 2695 Provincia
643 2653 682 2694 in
707 2651 808 2693 locis
834 2653 874 2693 &
902 2651 1045 2700 terris,
1072 2650 1112 2689 in
1130 2647 1214 2703 qui-

237 2713 308 2754 bus
325 2712 494 2752 maxima
509 2710 614 2752 adest
628 2710 864 2752 idiomatum
878 2707 1101 2756 diverfitas,
1116 2720 1214 2747 con·

236 2769 370 2811 stituta
384 2770 636 2824 fit,pt·opter
660 2765 884 2822 ejusmodi,
911 2766 1033 2807 etiam
1051 2766 1220 2806 idioma·

239 2838 324 2869 tum
350 2825 650 2873 diversitatem,
676 2826 912 2881 populorum
934 2823 1185 2865 utilitatem..
1202 2847 1217 2870 ³

239 2888 384 2928 bonum
399 2887 698 2934 Conventuum‚
712 2897 850 2938 pacem
868 2884 904 2924 ἃ
923 2880 1223 2935 Religiosorum

242 2941 502 2985 concordiam
518 2971 531 2994 ‚
545 2945 582 2985 &
599 2942 811 2998 praesertim
832 2970 845 2992 ,
877 2949 919 2982 ut
934 2939 1101 2982 servitio
1127 2939 1221 2980 cha-

242 2999 373 3044 riffimi
391 2999 429 3043 in
445 3002 606 3044 Christo
622 2999 708 3043 Filii
721 3000 861 3050 nostri,
876 2998 1222 3048 Ludovici,Fran-

245 3073 385 3101 corum
401 3060 524 3115 Regis
537 3057 849 3103 Christianiffimi
866 3055 1146 3113 provideatur,
1162 3055 1221 3096 ni-

243 3118 414 3168 mirum,
439 3128 580 3160 uttam
603 3115 772 3174 populi,
791 3117 910 3172 quam
929 3113 1116 3169 Religion
1146 3113 1218 3156 in.)

248 3176 534 3231 temporalibus
557 3206 574 3227 ‚
594 3178 690 3218 ficut
717 3177 757 3216 &
779 3176 819 3216 in
851 3170 1121 3230 spiritualibus
1154 3186 1222 3214 ne-

247 3231 408 3277 ceffariis
436 3233 678 3278 levamentis
698 3232 859 3276 minime
872 3232 1140 3275 destituantur
1156 3258 1169 3281 ,
1198 3232 1221 3271 εἰ

247 3292 402 3334 dilectis
425 3294 575 3349 pariter
590 3293 699 3335 Filiis
721 3290 934 3335 Ludovico
947 3290 998 3332 de
1014 3289 1221 3340 Tuli2tunc

249 3349 436 3393 existente
459 3351 683 3395 Definitore
713 3350 904 3393 Generali
921 3379 936 3401 ,
963 3351 1004 3391 &
1038 3347 1225 3391 Ministro

250 3408 495 3451 Provinciali
521 3410 744 3453 Provinciae
766 3406 1113 3457 Parifienfis2dicti
1143 3407 1225 3446 Or-

253 3465 358 3507 dinis
385 3491 400 3514 ,
430 3479 477 3509 ac
508 3467 528 3508 ἒι
561 3475 657 3510 tunc
682 3468 831 3523 pariter
852 3467 1046 3510 existente
1075 3461 1229 3506 Carolo

255 3524 584 3574 Maria‚Ministro
599 3525 787 3568 Generali
809 3526 971 3568 Ordinis
989 3519 1228 3577 hujusmodi,

258 3583 308 3624 ad
333 3583 410 3624 hoc
437 3583 664 3636 specialiter
683 3583 884 3638 deputatis
914 3579 1130 3625 conventio
1146 3605 1159 3628 ,
1190 3579 1231 3621 δε

255 3639 466 3683 transactio
493 3638 586 3683 faeta
605 3667 619 3690 ,
634 3641 853 3695 approbata
866 3670 883 3691 ,
902 3647 940 3683 &
963 3637 1194 3682 confirmata
1211 3664 1228 3686 ,

255 3699 346 3742 &in
362 3698 556 3754 Capitulo
571 3700 698 3740 mense
717 3700 880 3752 Augusti
895 3713 1000 3739 anno
1025 3697 1144 3744 1687.
1159 3707 1229 3734 ce-

255 3758 444 3809 lebrato,
472 3757 521 3798 ab
546 3756 730 3799 omnibus
753 3757 965 3798 Vocalibus
991 3752 1228 3797 unanimiter

256 3815 470 3873 subscripta
484 3841 498 3865 2
512 3818 551 3858 &
577 3817 773 3874 haetenus·
788 3814 866 3871 fine
891 3811 1226 3867 interruptione„-

1271 1780 1483 1826 observata
1513 1779 1591 1824 fuit
1607 1809 1621 1832 ,
1650 1780 1703 1823 ita
1717 1787 1764 1822 ut
1788 1779 1923 1835 primo
1937 1777 2152 1820 Provincia
2167 1790 2263 1834 prae·

1273 1839 1375 1881 dicta
1392 1838 1503 1893 juxta
1526 1837 1762 1881 idiomatum
1792 1835 2073 1880 diversitatem
2100 1837 2140 1878 in
2161 1837 2260 1878 duas

1268 1895 1692 1944 Custodiasmimirfim.
1708 1894 2076 1951 Gallo-Belgicam,
2092 1898 2131 1937 δι
2146 1894 2265 1939 Flan-

1269 1957 1358 2000 dro-
1373 1954 1576 2008 Belgicam
1592 1954 1949 2004 dividatur-,eidem
1966 1954 2147 1998 Ministro
2161 1956 2264 1996 Pro-

1274 2014 1435 2058 vinciali
1458 2011 1650 2069 subjeetas
1669 2043 1680 2055 .
1696 2015 1900 2064 Secundo,
1915 2024 1960 2058 ut.
1975 2013 2151 2056 Minister
2170 2016 2266 2055 Pro·

1274 2071 1458 2112 vincialis
1499 2087 1549 2114 ex
1577 2085 1812 2127 unaquaque
1832 2071 2024 2115 Custodia
2041 2071 2087 2116 fit
2107 2071 2264 2127 eligibi.

1268 2127 1319 2168 lis
1338 2153 1351 2175 ‚
1365 2127 1403 2165 &
1426 2137 1672 2181 unaquaeque
1686 2130 1882 2170 Custodia
1897 2129 2000 2170 duos
2017 2128 2264 2172 Definitores

1271 2182 1498 2227 nationales
1530 2185 1701 2227 habeat.
1738 2186 1914 2237 Tertio,
1942 2186 2039 2227 utin
2067 2186 2264 2241 capitulo

1271 2241 1483 2285 celebrato
1515 2256 1589 2297 pro
1612 2243 1808 2299 Capitulo
1849 2244 2048 2289 Generali
2078 2244 2264 2301 quaelibet

1272 2298 1466 2343 Custodia
1486 2300 1830 2345 suumocustodem
1856 2303 1907 2346 ad
1927 2303 2166 2357 Capitulum
2182 2307 2266 2347 Ge-

1273 2357 1412 2400 nerale
1439 2357 1686 2400 mittendum
1709 2361 1855 2403 habeat
1879 2386 1894 2407 ³
1921 2361 2070 2404 &alias
2096 2390 2111 2412 ,
2141 2369 2264 2416 prout

1276 2416 1317 2456 in
1335 2417 1518 2456 Decreto
1529 2412 1834 2458 confirmatorie.
1855 2417 2140 2461 conventionis
2160 2432 2257 2473 prae-

1277 2473 1389 2517 dictae
1410 2471 1567 2525 plenius
1580 2472 1733 2517 dicitur
1756 2473 1953 2514 contineri
1967 2500 1980 2515 ι

1396 2532 1504 2573 Cum
1518 2539 1653 2573 autem
1666 2558 1679 2580 ,
1699 2530 1797 2572 ficut
1811 2530 1954 2575 eadem
1967 2533 2162 2588 expositio
2174 2531 2263 2576 subi

1280 2589 1500 2645 jungebat,
1531 2588 1733 2632 nonnullis
1761 2587 1947 2644 praedicia.
1970 2593 2190 2636 conventio
2221 2608 2264 2636 e-

1275 2648 1497 2701 vle‹.‘'tionum
1531 2646 1709 2689 libertati
1742 2657 1958 2704 utcumque
1975 2649 2259 2705 praejudicare,

1278 2708 1318 2747 δι
1345 2705 1461 2749 sacris
1476 2707 1707 2750 Canonibus
1736 2708 1941 2751 contraria
1968 2707 2043 2750 esse
2060 2708 2261 2758 videatur,

1279 2763 1454 2820 ideoque
1472 2762 1567 2806 dicti
1583 2763 1859 2820 Exponentes‚
1878 2775 1924 2811 ut
1946 2768 2046 2809 bona
2067 2781 2262 2812 memora-

1281 2833 1322 2864 ta
1351 2833 1616 2879 procurentur
1631 2826 1697 2871 a&
1722 2823 1833 2867 malis
1856 2824 2028 2881 alioquin
2047 2825 2262 2871 resultatu-

1283 2882 1335 2924 ris
1358 2891 1620 2930 occurratur,
1638 2896 1775 2924 omnes
1800 2885 1836 2925 &
1864 2883 2132 2939 quoscumque
2148 2883 2260 2927 defe-

1284 2943 1368 2982 &us
1384 2970 1399 2991 ‚
1417 2940 1483 2995 qui
1503 2940 1541 2982 in
1568 2942 1751 2995 praedicta
1774 2943 2042 2986 conventione
2071 2942 2147 2985 effe
2166 2943 2259 2997 -pos-

1283 2997 1398 3048 sunt,
1425 3012 1494 3053 per
1519 3012 1592 3039 nos
1621 2999 1744 3042 sanari
1769 3025 1783 3047 ‚
1811 3001 2058 3057 eandemque
2083 3015 2261 3044 conven-

1284 3058 1435 3100 tionem
1462 3058 1671 3111 approbari
1689 3086 1702 3107 ‚
1718 3071 1763 3097 ac
1788 3056 1981 3102 ratificari
1994 3085 2008 3107 ,
2026 3057 2262 3103 εἰεξὶίοηεῐῖ-

1283 3130 1363 3171 que
1400 3116 1438 3156 in
1463 3116 1649 3157 omnibus
1680 3114 1876 3167 Capitulis
1904 3116 2146 3172 inposterum
2184 3119 2259 3160 in...

1288 3172 1472 3230 praedieta
1495 3171 1706 3214 Provincia*
1733 3175 2008 3226 celebrandis,
2036 3175 2145 3230 juxta
2163 3190 2262 3217 con-

1285 3231 1515 3273 ventionem
1533 3229 1758 3287 hujusmodi
1779 3231 1862 3274 fieri
1884 3233 1988 3287 posse
2006 3235 2258 3289 plurimum-2

1285 3288 1512 3331 defiderent
1539 3300 1552 3330 :
1589 3288 1716 3331 Nobis
1751 3301 1964 3345 propterea
2000 3296 2258 3348 Exponentes

1286 3345 1461 3403 praedisti
1494 3346 1702 3390 humiliter
1725 3346 1934 3404 supplicari
1957 3350 2141 3394 fecerunt
2168 3380 2182 3401 ‚
2215 3362 2259 3394 ut

1287 3407 1329 3448 in
1345 3403 1541 3461 praemiffis
1559 3407 1787 3460 opportune
1799 3408 2016 3461 providere
2032 3438 2045 3460 ,
2069 3411 2122 3456 &a
2139 3419 2179 3449 ut
2199 3412 2260 3450 in-

1290 3462 1585 3519 fra,indulgere
1600 3463 1650 3504 de
1678 3464 1924 3521 benignitate
1950 3467 2177 3523 Apostolica
2197 3465 2261 3507 di-

1291 3535 1502 3578 gnaremur
1516 3551 1527 3564 .

1403 3582 1491 3622 Nos
1523 3578 1644 3633 igitur
1668 3579 1769 3635 ipsos
1798 3584 2057 3637 Exponcntes
2080 3580 2260 3636 speciali-

1289 3637 1360 3678 bus
1375 3635 1573 3678 favoribus
1587 3665 1599 3686 ,
1616 3639 1653 3678 &
1678 3639 1815 3693 gratiis
1836 3640 2019 3695 prosequi
2049 3642 2229 3683 volentes
2245 3667 2259 3689 a

1287 3696 1326 3736 &
1339 3707 1480 3736 eorum
1503 3693 1714 3748 singulares
1730 3699 1909 3750 personas
1928 3701 1949 3740 ὲ
1965 3698 2161 3752 quibusvis
2190 3714 2260 3741 ex-

1288 3752 1658 3794 communicationis
1672 3756 1748 3796 &c-
1765 3755 2040 3808 absolventes,
2056 3759 2096 3798 δι
2109 3759 2258 3801 absolu·

1285 3820 1344 3852 tas
1360 3812 1446 3852 fore
1470 3809 1673 3855 censentes
1689 3838 1702 3860 ,
1717 3811 1941 3868 hujusmodi
1962 3813 2262 3871 supplicationi-

2135 3876 2203 3916 bus
