2592 4094
441 243 606 327 232

348 355 511 401 Alsatiae
524 372 636 408 ,Inon
650 356 775 402 mode>
798 357 848 398 ab
869 351 1100 397 Helveticis
1126 355 1246 410 plene
1275 355 1335 399 le-

350 423 649 471 gregarentur‚
671 416 738 458 sed
766 416 887 456 etiam
916 414 957 453 in
984 425 1130 455 novam
1160 414 1335 457 Provin-

348 476 455 514 ciam
486 470 740 526 erigerentur
767 494 782 516 ,
816 464 1109 529 piffinitorium
1149 474 1334 528 Capituli

349 528 566 575 Generalis
595 523 770 581 praediffl
801 522 867 563 die
895 526 1335 579 25-Junii1725-cen-

348 590 428 633 suit
442 615 456 638 ,
471 595 589 641 atque
603 580 786 625 decrevit
797 609 814 630 ,
826 589 874 623 ut
891 581 988 624 dicti
1000 585 1242 628 Conventus
1259 587 1336 630 Al-

348 649 452 692 satiae
479 648 528 686 ab
553 644 636 698 ipsa
652 638 868 682 Provincia
894 640 1117 686 Helveticai
1138 645 1332 700 penitus,

347 703 585 749 &totaliter
606 697 892 754 separarentur
908 729 925 752 ,
950 715 997 746 ae
1022 709 1214 758 tanquam
1243 707 1333 748 Cu-

347 763 474 808 stodia
496 762 519 803 a
541 757 703 814 praefata
731 758 950 802 Provincia
965 759 1182 805 Helvetica
1210 762 1331 817 inpo-

348 821 495 865 sterum
520 815 828 873 independens,
857 832 931 875 pro
954 827 1066 868 tunc,
1083 819 1212 864 donec
1230 821 1332 864 suffi-

347 881 526 922 cientem
555 891 602 919 ac
631 876 892 921 neceflarium
915 879 1105 921 Fratrum
1120 909 1136 932 ,
1158 882 1198 922 &
1219 883 1332 924 Con-

348 944 546 980 ventuum
572 949 785 979 numerum
814 937 1011 988 haberet,
1039 936 1113 980 soli
1141 938 1329 983 Ministro

345 996 541 1040 Generali
571 994 744 1049 ejusdem
759 994 923 1040 Ordinis
943 995 1182 1041 immediate
1204 996 1332 1054 subja·

344 1064 488 1099 cerent
501 1084 515 1107 ‚
527 1056 565 1096 &
582 1054 682 1098 alias
697 1080 711 1103 ,
729 1063 847 1109 prout
865 1054 904 1096 in
927 1054 1109 1098 Decreto
1124 1056 1332 1100 Diffinito-

343 1116 397 1158 rii
433 1112 618 1170 Capituli
647 1112 860 1156 Generalis
902 1111 1129 1170 hujusmodi
1161 1115 1331 1171 desuper

345 1173 458 1217 edito
470 1199 484 1221 ,
497 1171 611 1228 cujus
626 1177 812 1215 tenorem
830 1169 1089 1227 praesentibus
1106 1187 1178 1229 pro
1190 1175 1330 1231 plene,

343 1234 384 1275 &
401 1230 643 1274 sufficienter
658 1231 839 1291 expreffo
854 1230 996 1286 haberi
1013 1230 1218 1287 volumus,
1234 1233 1330 1277 ube·

349 1291 432 1334 riits
449 1291 688 1334 continetur
703 1311 714 1334 ·.

459 1352 565 1392 Cum
587 1358 740 1403 autem,
761 1349 860 1395 ficut
877 1350 1019 1394 eadem
1035 1351 1230 1408 expositio
1247 1352 1335 1395 sub·-

348 1406 543 1464 jungebat
562 1438 575 1460 ,
590 1423 663 1463 per
675 1421 900 1453 enarratam
925 1411 1227 1465 provifionema
1247 1410 1333 1454 Dif-

346 1465 530 1510 finitorio
547 1467 642 1512 dieti
656 1468 837 1525 Capituli
863 1469 1104 1521 Generalis,
1129 1471 1221 1515 ficut
1235 1485 1336 1527 prae-

343 1527 524 1569 mittitur
543 1555 556 1578 ,
586 1537 772 1583 captam,
792 1528 956 1572 minimi:
984 1528 1128 1579 statui,
1148 1544 1192 1573 ac
1219 1530 1337 1574 Reli·

348 1585 465 1639 giosae
483 1587 769 1641 tranquillitati
783 1585 1041 1642 praefatorum
1062 1590 1250 1631 Fratrum
1267 1591 1335 1640 ,&

345 1645 636 1685 Conventuum
656 1644 837 1696 Alsatiae,
866 1644 1150 1703 usquequaque
1175 1647 1339 1691 consul-

342 1707 430 1741 tum
449 1700 491 1741 fit
506 1712 522 1751 3
538 1701 723 1756 praedicta
742 1705 841 1745 verb
857 1704 1052 1748 Custodia
1081 1705 1269 1748 undecim
1285 1705 1335 1748 ad

343 1756 517 1813 praesens
544 1763 815 1811 Conventus,
839 1763 879 1802 ἃ.
912 1770 1090 1817 quatuor
1122 1762 1339 1817 Hospitia,

342 1828 420 1860 nec
457 1829 537 1859 non
568 1816 707 1872 singuli
730 1822 972 1862 Conventus
996 1818 1224 1874 Religiosos
1254 1821 1337 1862 Re-

341 1875 474 1930 gulari
505 1872 770 1917 observantiae
799 1904 814 1927 ,
851 1878 891 1918 &
921 1876 1140 1932 disciplinae
1170 1890 1340 1921 numero

343 1933 595 1976 sufficientes
629 1935 826 1983 habeant,
852 1950 898 1978 ac
925 1938 962 1978 in
987 1935 1144 1978 Ordine
1171 1933 1340 1992 praefato

343 1991 484 2048 plures
502 1995 760 2049 reperiantur
791 1994 1041 2042 Provinciae,
1068 2008 1238 2049 quarum
1266 1996 1340 2039 ali-

342 2066 431 2106 quae
447 2052 628 2101 minori,
642 2051 726 2092 aliae
742 2053 857 2105 pari,
871 2053 909 2092 &
926 2067 1006 2093 non
1032 2052 1165 2093 multo
1183 2052 1350 2103 majori,

340 2110 463 2163 quam
485 2105 651 2161 praefato
676 2110 966 2148 conventuum
1001 2120 1173 2147 numero
1198 2107 1341 2148 consti-

343 2164 699 2217 tuuntur,duoque
714 2176 762 2204 ex
782 2162 897 2202 dietis
912 2163 1127 2217 Hospitiis,
1139 2172 1283 2219 utpote
1297 2163 1338 2206 in

346 2224 492 2280 quibus
507 2220 752 2264 sufficientes
769 2220 960 2276 Religiofi
976 2219 1125 2272 sunnin
1139 2226 1338 2267 Conven-

346 2294 412 2324 tus
428 2278 616 2323 formales
631 2280 751 2322 tacile
767 2279 868 2336 erigi
889 2279 1066 2330 valeant,
1080 2281 1120 2321 &
1134 2280 1159 2323 fi
1178 2283 1338 2324 Fratres

344 2339 517 2384 Helveti
550 2353 638 2380 eam
670 2351 809 2380 curam
839 2336 1097 2390 prafatorum
1141 2341 1340 2382 Conven-

344 2408 486 2442 tuum,
502 2396 539 2437 in
575 2396 740 2437 Ditione
760 2395 934 2450 ejusdem
963 2397 1166 2439 Ludovici
1206 2399 1335 2454 Regis

343 2453 666 2500 Christianiffimi
681 2454 971 2503 existentium,
999 2469 1045 2497 ac
1072 2455 1112 2495 in
1139 2456 1335 2500 Helvetia

343 2515 567 2574 pofitorum
594 2511 792 2567 geffiffent
825 2542 841 2564 ,
875 2513 999 2556 etiam
1034 2516 1204 2557 antehac
1233 2517 1334 2573 erigi

348 2572 564 2631 potuissent
583 2570 746 2629 :hisque
760 2573 948 2625 accedat,
964 2573 1072 2630 quod
1087 2574 1126 2616 in
1141 2573 1335 2618 Custodia

345 2630 509 2690 praefata
528 2660 539 2683 ‚
558 2632 598 2673 &
618 2642 731 2676 extra
748 2631 1006 2676 Novitiatum
1020 2660 1033 2684 ‚
1058 2632 1125 2675 ubi
1138 2645 1335 2691 quatuor-

341 2691 478 2735 decim
499 2691 654 2733 Novitii
671 2691 865 2734 continuo
879 2691 1114 2734 retinentur
1128 2707 1203 2744 ,ac
1234 2708 1334 2750 quo-

343 2765 436 2795 rum
456 2763 645 2792 numerus
664 2760 910 2805 augeretur,
938 2749 962 2791 fi
989 2765 1063 2805 per
1073 2752 1336 2797 Ministrunt,

345 2809 652 2855 Provincialem
667 2817 897 2864 regeretur,
918 2809 1203 2866 Philosophiae,
1214 2814 1252 2854 δι
1266 2815 1341 2854 Sa-

349 2884 428 2912 crae
450 2868 686 2924 Theologiae
701 2868 825 2911 studia
854 2870 1045 2924 vigeant,
1071 2871 1330 2927 quodquein·

344 2935 410 2971 tra
438 2928 551 2970 dictae
567 2927 960 2975 Custodiaelimites,
976 2927 1084 2970 illius
1110 2932 1272 2973 Fratres
1288 2927 1339 2971 ad

345 2988 493 3028 vietum
507 3016 518 3037 ,
534 2988 574 3029 &
591 2985 777 3029 vestitum
810 2984 1022 3031 necessaria
1038 2989 1197 3030 abunde
1215 3016 1228 3038 ,
1262 3001 1338 3031 nec

350 3058 501 3098 magno
517 3045 656 3088 labore
674 3060 723 3088 ex
741 3046 1025 3102 quaestuatione
1041 3074 1055 3096 ,
1075 3059 1121 3088 ac
1138 3047 1341 3090 Fidelium

350 3101 599 3146 liberalitate
615 3116 760 3160 parent
774 3135 788 3157 ‚
799 3105 1060 3148 &inveniant
1080 3135 1093 3147 .

469 3162 631 3218 Qibus
656 3193 670 3213 ,
711 3164 877 3221 aliisque
902 3164 1090 3221 gravibus
1115 3164 1338 3207 rationibus

350 3218 615 3263 consideratis
635 3222 852 3274 plurimum
872 3224 1063 3281 expedire
1078 3224 1340 3274 videtur,Cu·

352 3278 523 3320 stodiam
537 3277 741 3333 praefatam
769 3283 809 3324 in
829 3283 1086 3328 Provinciam
1103 3284 1231 3340 erigi:
1255 3287 1339 3326 No-

346 3337 408 3379 bis
431 3347 652 3391 propterea
679 3339 854 3393 ejusdem
885 3342 1089 3386 Ludovici
1107 3343 1233 3400 Regis
1265 3355 1336 3384 ne-

349 3396 457 3438 mine
484 3392 560 3437 suit
587 3397 797 3440 humiliter
834 3402 1101 3455 iupplicatum
1127 3426 1143 3449 ,
1188 3409 1234 3444 ut
1264 3401 1336 3444 itt-2

356 3452 556 3509 praemiffis
575 3457 804 3509 opportune
827 3458 1064 3513 providere,
1084 3460 1199 3509 &,ut
1217 3457 1337 3511 infra,

345 3513 564 3568 indulgere
597 3511 652 3554 de
668 3514 917 3570 benignitate
947 3517 1178 3571 Apostolica
1203 3519 1339 3573 digna-

347 3586 509 3615 remur.
539 3574 624 3614 Nos
645 3572 771 3627 igitur
789 3588 863 3631 pro
889 3576 1003 3633 iplius
1030 3575 1237 3620 Ludovici
1255 3578 1339 3618 Re-

348 3631 409 3684 gis
425 3628 621 3673 defiderio
638 3630 709 3673 hac
726 3633 765 3673 in
793 3647 854 3685 re,
867 3633 1066 3689 quantiam
1091 3650 1181 3678 cum
1201 3636 1340 3678 Domi-

346 3701 400 3728 no
432 3686 648 3742 possumus,
668 3689 941 3736 favorabiliter
970 3708 1176 3747 annuere,
1203 3710 1250 3738 ac
1272 3692 1339 3737 fir-

347 3745 466 3786 miori
479 3774 492 3795 ,
508 3746 774 3808 solidiorique
790 3764 1111 3798 memoratorum
1138 3758 1331 3798 Conven-

352 3812 464 3848 tuum
479 3807 518 3848 in
533 3806 886 3868 Alsatiifflraedicti
899 3812 1104 3873 Ludovici
1117 3815 1242 3871 Regis
1255 3814 1331 3858 do-

1104 216 1693 301 Provincia

1397 358 1522 401 minio
1536 357 1709 415 subjeEta
1722 384 1737 408 ,
1749 361 1796 399 ut
1809 356 2339 413 prasertur’⁴·eoniisteutium
2356 389 2371 414 ,

1396 418 1546 469 statui,
1573 419 1614 459 δι
1630 417 1784 472 quieti,
1806 415 2077 472 prosperoque
2103 422 2290 475 regimini
2315 418 2378 461 sa-

1396 475 1568 519 lubriter
1593 476 1822 532 prospicere
1862 475 2076 532 cupientes
2098 503 2116 529 ,
2149 477 2382 535 hujusmodi

1394 534 1756 586 supplicationibus
1779 532 1992 581 inclinati,
2009 534 2214 590 praefatam
2230 536 2380 586 Custo-³

1393 589 1500 631 diam
1518 590 1558 630 in
1576 602 1720 630 novam
1738 589 1907 631 Ordinis
1920 593 2103 636 Fratrum
2123 594 2375 648 Minorufflj

1393 647 1523 690 Sancti
1552 647 1752 690 Francisci
1774 646 2078 701 Capucinorum
2098 647 2377 706 Provinciam,

1392 703 1585 750 Alsatiam
1599 705 1910 760 nuncupandam
1926 733 1940 757 ,
1953 719 2038 763 quae
2065 705 2086 748 ἐ
2101 706 2278 764 propriis
2299 707 2380 757 Mi,

1392 765 1517 808 nisti-o
1541 763 1814 813 Provinciali,
1837 778 1883 809 ac
1907 763 2204 809 Diffinitoribus
2223 793 2238 816 ,
2257 767 2381 810 caeste-

1393 823 1528 880 risque
1543 824 1834 879 Superioribus
1859 822 1973 880 juxta
1997 823 2176 879 ejusdem
2211 823 2382 870 Ordinis

1390 883 1541 927 statuta
1557 882 1783 938 eligendis,
1811 882 2066 926 nominandis
2081 913 2096 936 ,
2118 885 2158 926 &
2177 881 2379 940 deputan-

1390 942 1453 984 dis
1476 944 1560 1000 regi
1588 969 1603 991 ,
1628 943 1668 985 δι
1692 942 1906 997 gubernari
1931 942 2081 985 debeat
2108 971 2122 996 ,
2157 942 2378 986 auctorita-

1392 1009 1435 1043 te
1452 999 1680 1057 Apostolica
1699 1014 1845 1047 tenore
1871 999 2121 1058 praesentium
2145 1001 2339 1058 erigimus
2361 1028 2377 1054 ,

1392 1061 1432 1101 δι
1448 1058 1855 1116 instituimus,aeipli
1884 1073 1994 1102 novae
2017 1059 2238 1104 Provinciae
2266 1062 2317 1102 tic
2334 1074 2380 1102 e-

1392 1122 1508 1161 reetae
1523 1148 1537 1172 ,
1565 1121 1605 1162 δι
1619 1119 1835 1170 institutae,
1859 1115 2048 1174 illiusque
2067 1119 2350 1163 Conventibus
2363 1145 2379 1168 ,

1391 1176 1615 1233 Hospitiis,
1633 1178 1831 1220 Domibus
1845 1206 1859 1228 ,
1872 1190 1920 1220 ac
1939 1177 2127 1220 Ministro
2144 1177 2383 1221 Provincia·-

1392 1236 1422 1281 li
1437 1265 1451 1289 ,
1465 1239 1503 1279 &
1520 1235 1831 1287 Definitoribus,
1843 1234 2078 1292 caeterisque
2090 1236 2380 1292 Superioribus

1394 1310 1471 1352 pro
1486 1306 1673 1352 tempore
1695 1294 1983 1345 existentibus,
2010 1296 2299 1351 fratribusque
2315 1322 2330 1346 ,
2343 1293 2386 1335 δε

1394 1354 1572 1412 personis
1589 1355 1864 1411 quibuslibet,
1881 1363 1923 1396 ut
1937 1354 2122 1398 omnibus
2135 1357 2197 1407 ,δι
2215 1351 2381 1409 lingulis

1395 1413 1622 1470 privilegiis
1635 1442 1650 1466 ,
1663 1413 1804 1471 gratiis
1820 1438 1834 1460 ,
1847 1413 2193 1469 exemptionibus,
2210 1411 2387 1456 liberta-

1396 1473 1502 1516 tibus
1517 1503 1533 1525 ,
1549 1471 1869 1515 immunitatibus
1884 1500 1898 1524 ,
1925 1473 2203 1529 praerogativis
2218 1500 2232 1524 ,
2256 1484 2388 1528 praee-

1398 1532 1602 1576 minentiis
1619 1561 1634 1583 ,
1648 1531 1908 1587 indulgentiis
1927 1559 1942 1583 ,
1963 1532 2003 1573 δι
2029 1531 2198 1574 indultis
2213 1557 2227 1579 ,
2241 1530 2386 1587 quibus

1405 1590 1490 1634 aliae
1517 1589 1695 1648 ejusdem
1715 1590 1880 1633 Ordinis
1908 1591 2132 1633 Provinciae
2157 1617 2172 1642 ,
2199 1589 2384 1632 illarum-

1404 1665 1484 1707 que
1513 1653 1753 1693 Conventus
1770 1677 1785 1701 ,
1808 1647 2020 1704 Hospitia,
2050 1651 2231 1700 Domus,
2262 1649 2392 1703 Supe-

1405 1710 1534 1751 riores
1554 1709 1616 1759 ,&
1634 1712 1795 1751 Fratres
1808 1737 1826 1758 ,
1839 1707 2004 1763 aliaeque
2017 1706 2195 1764 personae
2209 1735 2223 1759 ,
2239 1716 2322 1749 tam
2336 1706 2389 1748 de

1398 1767 1482 1821 jure
1496 1794 1510 1816 ,
1524 1765 1591 1807 usu
1609 1794 1622 1815 ,
1635 1768 1674 1807 &
1687 1765 1980 1808 consuetudine
1994 1795 2009 1816 ,
2029 1765 2147 1821 quam
2168 1765 2266 1810 alitis
2283 1778 2389 1820 quo·

1399 1822 1630 1865 modolibet
1647 1831 1817 1864 utuntur
1833 1851 1848 1874 ‚
1876 1823 2067 1864 fruuntur
2081 1848 2096 1871 ,
2123 1824 2160 1866 &
2181 1822 2390 1878 gaudent,

1402 1894 1448 1925 ac
1461 1881 1522 1924 uti
1537 1908 1551 1931 ,
1564 1877 1671 1931 frui,
1688 1881 1729 1922 ἃ.
1745 1879 1923 1936 gaudere
1941 1877 2097 1935 poffunt
2112 1909 2125 1933 ,
2137 1882 2173 1922 &
2189 1888 2388 1936 poterunt

1402 1941 1443 1982 in
1463 1937 1751 1995 futurum,pari
1770 1939 1893 1983 modo
1907 1968 1922 1992 ,
1946 1937 2144 1995 &absque
2163 1940 2248 1983 ulla
2265 1953 2386 1996 prorg

1401 2001 1463 2041 ssis
1475 1996 1700 2040 differentia
1715 1997 1792 2047 uti,
1806 1997 1898 2046 srui,
1911 1999 1951 2040 δι
1964 1997 2140 2053 gaudere
2154 1997 2282 2041 libere
2291 2026 2308 2049 ,
2337 1999 2379 2042 δε

1399 2054 1516 2094 licite
1528 2054 1670 2107 poffint
1682 2081 1696 2102 ,
1721 2055 1762 2093 &
1780 2054 1941 2096 valeant
1955 2082 1970 2104 ,
1983 2054 2126 2097 eadem
2141 2057 2387 2098 auctoritate

1399 2109 1543 2150 harum
1557 2108 1657 2151 serie
1683 2108 1868 2152 fimiliter
1891 2113 2094 2167 perpetuo
2107 2112 2389 2166 concedimus,

1400 2167 1442 2221 ὃ(
1469 2165 1749 2223 indulgemus.

1517 2227 1801 2268 Decet-nentes
1836 2224 1934 2282 ipias
1969 2225 2181 2282 praesentes
2217 2228 2380 2273 litteras

1398 2281 1556 2337 semper
1572 2283 1731 2334 firmas,
1746 2283 1898 2328 validas
1911 2313 1925 2335 ,
1942 2285 1979 2326 δι
1999 2286 2182 2330 efficaces
2199 2287 2386 2340 existere,

1396 2343 1437 2383 δι
1451 2338 1568 2391 fore,
1582 2341 1748 2396 suosque
1766 2342 1961 2395 plenarios
1979 2369 1993 2392 ,
2017 2346 2054 2386 &
2082 2345 2262 2401 integros
2287 2345 2388 2390 effe·

1396 2403 1479 2442 etus
1507 2399 1640 2443 sortiri
1655 2408 1676 2452 ‚⁴
1694 2405 1734 2445 δι
1761 2401 1978 2452 obtinere,
2004 2417 2050 2444 ac
2068 2402 2245 2455 illis,ad
2278 2418 2382 2460 quos

1397 2460 1546 2515 spectat
1564 2489 1578 2512 ,
1592 2461 1633 2502 &
1654 2474 1728 2516 pro
1743 2470 1928 2516 tempore
1942 2460 2279 2518 quandocumque
2296 2461 2390 2519 spe-¹

1395 2520 1519 2560 Ctabit
1534 2544 1548 2567 ,
1575 2519 1615 2561 in
1631 2519 1840 2569 omnibus,
1864 2521 1901 2562 &
1918 2533 1988 2573 per
2009 2523 2141 2564 omnia
2159 2519 2382 2577 plenissim&

1397 2575 1602 2632 suffragari
1619 2607 1633 2630 ,
1646 2580 1683 2620 &
1699 2579 1749 2621 ab
1762 2578 1819 2621 eis
1835 2577 2056 2634 respective
2082 2580 2386 2624 inviolabiliter

1399 2635 1633 2689 observari3
1653 2635 1783 2693 ficque
1797 2637 1837 2679 in
1854 2636 2052 2693 praemiffis
2077 2652 2149 2695 per
2174 2638 2387 2694 quoscum-

1398 2695 1651 2752 quejudices
1664 2695 1892 2739 ordinarios
1906 2727 1922 2748 ,
1936 2697 1976 2737 δι
1995 2696 2203 2753 delegatos
2214 2725 2229 2748 ,
2256 2698 2385 2741 etiam

1398 2755 1604 2798 causarum
1619 2754 1997 2810 PalatiiApostolici
2025 2756 2247 2800 Auditores
2280 2755 2390 2813 judi-

1399 2813 1738 2864 cari,&definiri
1762 2814 1938 2862 debere,
1971 2827 2016 2855 ac
2042 2815 2205 2859 irritum
2221 2817 2392 2863 ,Scina-

1399 2886 1450 2915 ne
1465 2899 1480 2922 ,
1495 2871 1521 2913 st
1536 2871 1648 2917 secus
1664 2872 1780 2928 super
1796 2872 1856 2917 his
1870 2874 1892 2917 a
1916 2886 2122 2929 quoquam
2149 2875 2291 2932 quavis
2313 2887 2388 2917 au·

1401 2932 1594 2975 ctoritate
1608 2933 1781 2976 scienter
1793 2960 1808 2985 ,
1825 2931 1894 2977 vel
1911 2931 2147 2988 ignoranter
2160 2932 2384 2990 contigerit:

1403 3000 1624 3034 attentari.

1518 3054 1611 3094 Non
1630 3050 1876 3094 obstantibus
1891 3050 2103 3108 ptaemiffis‚
2115 3067 2177 3101 ac,
2191 3058 2389 3109 quatenus

1401 3122 1503 3164 opus
1518 3109 1789 3163 fit,Nostra,&
1803 3108 2060 3153 Cancellariae
2077 3111 2312 3166 Apostolicae
2323 3123 2390 3152 re·

1399 3165 1496 3223 gula
1509 3195 1524 3219 ,
1535 3169 1586 3211 de
1600 3183 1679 3212 non
1705 3168 1974 3212 concedendis
1998 3169 2258 3226 indulgentiis
2274 3166 2389 3211 adin-

1398 3226 1475 3268 star
1488 3252 1502 3273 ι,
1539 3227 1702 3283 aliisque
1734 3226 2099 3270 Constitutionibus
2112 3254 2127 3277 ,
2156 3229 2196 3269 δι
2219 3226 2389 3269 Ordina-

1395 3284 1577 3327 tionibus
1597 3285 1958 3342 Apostolicis,nec
1982 3298 2062 3326 non
2082 3285 2284 3328 Custodiae
2299 3313 2314 3336 ,
2344 3288 2386 3328 &

1394 3343 1617 3387 Provinciae
1630 3373 1646 3394 ,
1662 3358 1707 3385 ac
1720 3341 1886 3385 Ordinis
1899 3340 2155 3397 praefatorum
2171 3371 2186 3394 ,
2210 3343 2303 3385 aliis
2297 3360 2386 3390 ve.-

1396 3401 1598 3458 quibusvis
1613 3430 1627 3452 ,
1649 3402 1771 3444 etiam
1800 3404 2028 3456 juramento
2041 3428 2054 3451 ‚
2073 3400 2386 3446 confirmatione

1396 3459 1626 3515 Apostolica
1639 3485 1653 3507 ,
1680 3467 1746 3499 aut
1761 3459 1899 3513 quavis
1916 3457 2106 3501 firmitate
2122 3461 2199 3502 alia
2215 3463 2386 3504 robora·

1399 3521 1451 3562 tis
1479 3518 1631 3561 statutis
1647 3545 1661 3568 ,
1684 3518 1724 3558 δι
1740 3516 2100 3560 consuetudinibus
2115 3545 2130 3567 ,
2156 3520 2381 3576 privilegiis

1399 3591 1559 3634 quoque
1588 3575 1780 3628 indultis,
1804 3579 1843 3618 &
1869 3576 2019 3619 litteris
2039 3577 2284 3633 Apostolicis
2308 3581 2381 3623 itt-2

1397 3636 1647 3679 contrarium
1661 3634 1943 3690 praemiss‘orum
1957 3637 2273 3691 quomodolibet
2283 3652 2382 3681 con·

1396 3695 1505 3739 cesfis
1519 3724 1533 3747 ,
1547 3693 1793 3738 confirmatis
1808 3721 1821 3744 ,
1837 3697 1878 3738 &
1893 3695 2112 3748 innovatis,
2130 3696 2276 3750 quibus
2291 3710 2381 3739 om-

1395 3756 1511 3797 nibus
1539 3785 1554 3806 ,
1583 3757 1624 3797 &
1649 3752 1825 3808 fingulis,
1842 3753 2006 3797 illorum
2039 3765 2204 3798 tenores
2231 3783 2246 3807 ,
2272 3768 2376 3810 prae-

1392 3814 1567 3871 sentibus
1594 3827 1671 3872 pro
1681 3813 1802 3871 plene
1815 3841 1829 3867 ,
1843 3814 1880 3856 δι
1896 3813 2142 3858 sufficienter
2156 3813 2344 3869 expreffis
2365 3843 2380 3866 ,

2277 3886 2322 3914 ac
