2704 4120
922 245 1639 363 A-postolica.·
2147 273 2257 365 ¹9

271 401 331 452 In
366 399 479 451 locis
497 397 769 457 Miffionum
783 430 801 455 ,
818 394 864 444 in
890 395 1054 463 quibus
1077 400 1261 446 Fratres

338 469 563 523 Ecclefias
586 468 790 540 proprias
818 483 911 520 non
943 464 1108 515 habent
1131 501 1149 521 ,
1188 469 1262 514 ln-

338 542 601 612 dulgentias
617 537 808 592 Ordinis
822 572 840 596 ,
859 536 1163 596 Saecularibus
1179 539 1262 596 Ec·

337 613 482 665 clefiis
511 609 857 666 communicat.

261 742 810 804 BENEchUs
846 748 1051 802 PAPA
1091 746 1262 795 xlv.

447 873 516 918 Ad
526 871 724 934 suturam
737 870 800 913 rei
821 864 1047 913 memoriam
1060 892 1074 908 .

377 989 542 1032 OElestes
568 987 754 1032 Ecclefioe
778 985 983 1030 thesauros
998 1017 1013 1038 ,
1045 995 1255 1040 quorum...

393 1048 726 1105 dispensationem
759 1045 875 1090 Fidei
903 1046 1042 1088 nostrae
1075 1042 1254 1086 credidit

253 1107 511 1160 Altiffimus,
542 1109 588 1151 iis
619 1104 860 1164 potissimum
881 1101 1252 1150 christifidelibus,

253 1168 398 1223 quibus
412 1167 760 1224 opportunitas‚&
773 1163 1035 1208 commodum
1052 1160 1252 1205 Ecclesia-

254 1231 372 1280 rum,
387 1225 730 1283 quemadmodum
759 1225 857 1268 alibi
870 1225 1079 1279 reperitur
1096 1250 1112 1273 ,
1139 1234 1250 1264 non-J

252 1286 310 1329 est
323 1312 339 1335 ‚
367 1286 549 1330 libenter
562 1298 779 1342 erogamus
795 1311 808 1324 .
834 1284 951 1327 Alias
966 1280 1157 1337 siquidem
1181 1278 1252 1322 sel.

253 1344 423 1388 record.
443 1347 632 1390 Urbanus
649 1347 729 1388 PP.
747 1346 870 1387 vm.
897 1338 1156 1400 praedecelsor
1181 1353 1252 1381 no·

248 1403 353 1452 ster,
380 1404 431 1448 ad
469 1405 805 1461 supplicationem
839 1413 939 1446 tunc
965 1398 1250 1446 existentium,

247 1463 526 1508 provincialis
541 1491 556 1515 ,
583 1465 622 1505 δι
637 1464 830 1506 Fratrum
855 1460 1022 1505 Ordinis
1038 1459 1249 1502 Minorum

247 1524 292 1566 S.
320 1523 519 1566 Francisci
552 1522 860 1580 Capucinorum
889 1528 1248 1576 nuncupatorum„

247 1581 478 1625 Provinciae
493 1582 698 1626 Helvetiae
713 1583 798 1626 suas
812 1582 851 1624 in
867 1580 984 1623 fimili
1001 1579 1132 1623 forma
1150 1579 1247 1620 Bre-

248 1641 312 1683 vis
342 1642 518 1684 Litteras
543 1641 662 1685 dedit
683 1641 838 1684 tenoris
860 1671 875 1693 ,
900 1640 967 1697 qui
995 1639 1245 1696 sequitur:

244 1700 438 1744 Urbanus
466 1702 545 1744 PP.
565 1703 684 1744 vm.
707 1701 880 1745 Dilee'tis
903 1699 1016 1743 Filiis
1033 1725 1048 1749 ,
1070 1697 1244 1742 Provin-

250 1758 367 1809 ciali,
383 1761 423 1802 δι
440 1761 655 1804 Fratribus
671 1761 841 1804 Ordinis
871 1761 1076 1803 Minorum
1106 1758 1241 1801 Sanffi

245 1819 446 1862 Francisci
473 1821 773 1875 Capucinorum
787 1830 1121 1876 nuncupatorum
1142 1819 1241 1859 Pro—

247 1877 388 1918 vinciae
404 1878 606 1920 Helvetiae
633 1877 835 1924 salutem,
862 1880 904 1916 δε
932 1875 1243 1929 Apostolicam

246 1933 604 1978 Benedifflonem.
634 1932 701 1974 Ad
727 1931 952 1988 augendam
968 1929 1136 1972 vestram
1166 1930 1246 1968 Re-

244 1993 443 2046 ligionem
461 2017 476 2038 ,
501 1993 540 2029 &
555 1991 793 2029 Animarum
819 1989 988 2028 salutem
1010 1986 1244 2025 coelestibus

242 2047 435 2092 Ecclefiae
450 2043 645 2086 thesauris
658 2043 723 2099 pia
747 2040 949 2083 charitate
973 2040 1140 2087 intenti,
1163 2040 1247 2078 Vo-

246 2106 310 2149 bis
325 2103 516 2146 omnibus
530 2103 597 2154 ,&
615 2100 777 2157 lingulis
801 2100 899 2142 vere
923 2097 1242 2155 poenitentibus,

243 2167 284 2208 &
300 2161 484 2208 confeffis
500 2191 514 2215 ,
540 2175 586 2203 ac
602 2160 714 2204 sacra
740 2159 1042 2203 Communione
1070 2153 1243 2200 refeffls,

242 2223 313 2283 qui
339 2224 515 2282 aliquam
553 2235 605 2264 ex
639 2219 832 2265 Eccleliis
855 2217 1114 2263 Saecularium
1144 2218 1244 2258 Pro·

241 2285 384 2328 vinciae
405 2283 627 2340 praediftae,
644 2281 683 2324 in
701 2295 796 2338 qua,
815 2277 883 2322 seu
903 2278 1047 2335 quibus
1066 2289 1139 2332 per
1158 2275 1242 2317 Vos

242 2344 397 2386 Divina
421 2342 595 2392 Officia,
611 2343 675 2383 seu
694 2338 974 2382 Ecclefiastica
999 2342 1241 2382 Sacramen-

242 2412 286 2445 ta
325 2402 682 2450 administrantur,
699 2398 853 2442 devote
880 2396 1142 2440 visitaveritis
1165 2424 1179 2447 ,
1200 2396 1241 2436 δι

241 2462 299 2505 ibi
328 2475 403 2519 pro
434 2461 766 2505 Christianorum
796 2458 1031 2515 Principum
1063 2468 1240 2499 eoncor-

240 2519 536 2574 dia,haeresum
564 2521 865 2576 extirpatione,
896 2533 943 2560 ac
973 2519 1123 2564 Sanctae
1157 2518 1240 2557 Ma-

237 2581 311 2624 tris
352 2580 538 2625 Eccleliae
578 2579 830 2624 exaltatione
859 2579 944 2634 pias
985 2577 1035 2620 ad
1063 2577 1234 2618 Deum...

236 2653 379 2696 preces
415 2640 668 2687 effuderitis,
695 2647 743 2683 ut
768 2653 835 2682 eas
855 2652 1024 2689 omnes,
1053 2638 1092 2678 &
1108 2634 1235 2686 fingu—

236 2701 296 2742 las
318 2698 601 2756 Indulgentias
627 2729 641 2753 ,
665 2701 706 2742 δι
734 2706 1000 2755 peccatorum
1039 2691 1234 2737 remiffio-

231 2773 302 2802 1¹0⁵
317 2787 332 2810 s
357 2770 404 2802 ae
433 2761 770 2817 poenitentiarum
796 2757 1070 2800 relaxationes
1093 2749 1234 2795 conse-

232 2819 444 2874 quamini,
462 2834 560 2873 quas
589 2816 972 2872 consequeremini,
1000 2814 1026 2855 fi
1058 2811 1233 2867 aliquam

231 2890 288 2925 ,ex
312 2877 488 2931 propriis
508 2875 702 2919 Ecclefiis
723 2875 857 2916 vestrae
884 2871 1116 2927 Religionis
1140 2883 1232 2925 per-

235 2935 457 2983 sonaliter,
471 2937 511 2976 &
538 2935 691 2976 devote
709 2932 938 2983 vifitaretis,
958 2928 1231 2973 misericordi-

235 3005 299 3038 ter
313 2996 350 3036 in
373 2996 553 3037 Domino
565 2992 852 3036 concedimus.
876 2994 971 3034 Non
982 2989 1231 3033 obstantibus

232 3054 397 3110 Regula
423 3054 558 3096 nostra
587 3054 641 3096 de
674 3065 755 3095 non
784 3050 1061 3094 concedendis
1087 3048 1231 3091 Indul-

235 3115 385 3169 gentiis
408 3114 611 3166 adinstar,
642 3111 876 3168 caeterisque
894 3107 1112 3152 contrariis
1139 3106 1230 3163 qui-

233 3173 486 3230 buscumque
516 3203 528 3216 .
570 3170 860 3220 Praesentibus,
894 3168 1099 3225 postquam
1131 3180 1231 3221 pro-

233 3234 342 3288 prias
385 3233 579 3276 Ecclefias
608 3234 647 3276 in
674 3232 827 3275 eisdem
858 3228 995 3272 vestris
1034 3226 1231 3269 Domibus

231 3291 476 3342 habueritis,
494 3292 663 3337 minimis
682 3291 867 3335 valituris
882 3318 894 3331 .
914 3290 1066 3331 Datum
1087 3288 1229 3329 Romae

231 3352 337 3407 apud
359 3353 542 3396 Sanetam
561 3351 733 3396 Mariam
763 3349 962 3407 Maiorem
989 3347 1060 3391 sub
1082 3348 1229 3389 Annu-

230 3409 274 3452 lo
304 3406 516 3456 Piscatoris
560 3412 626 3456 die
664 3426 762 3455 xxx.
786 3407 952 3465 Augusti
981 3419 1225 3451 mncxxxtv.

236 3469 501 3515 Pontificatus
526 3471 666 3516 Nostri
689 3475 807 3514 Anno
821 3467 1080 3511 duodecimo·
1105 3466 1229 3508 M.A.

233 3527 443 3574 Maraldus
474 3547 531 3575 =
561 3532 764 3592 Qoniarn
805 3538 943 3573 autem
988 3538 1118 3583 nuper
1150 3538 1225 3580 pro

233 3595 352 3641 parte
386 3591 532 3634 Dileeti
570 3591 662 3635 Filii
696 3587 979 3635 Procuratoris
1013 3583 1225 3629 Generalis

233 3643 413 3712 ejusdem
428 3651 595 3694 Ordinis
623 3650 749 3694 Nobis
763 3647 1031 3706 supplicatum
1058 3643 1134 3687 fuit
1151 3671 1165 3694 ‚
1179 3651 1226 3684 ut

234 3703 439 3748 indultum
453 3721 525 3763 per
545 3710 790 3765 praeinsortas
819 3707 972 3752 Urbani
1005 3699 1223 3761 praedeces-

230 3764 330 3807 soris
361 3766 534 3820 praediffl
565 3769 740 3811 Litteras
762 3767 969 3810 Fratribus
996 3761 1225 3821 hujusmodi

229 3822 271 3864 in
298 3827 513 3868 Provincia
538 3825 734 3869 Helvetia
749 3827 962 3870 dumtaxat
984 3821 1225 3879 degentibus

229 3884 555 3934 conceffum,non
570 3884 699 3942 solun}
723 3886 773 3928 ad
790 3888 955 3929 Fratres
972 3896 1109 3927 omnes
1124 3879 1227 3936 ejus.

345 3948 448 3988 Tom.
461 3948 498 3990 V.

1321 396 1416 438 dem
1430 396 1600 441 Ordinis
1616 395 1714 452 ,qui
1737 395 1777 439 in
1794 395 2027 441 Provinciis
2055 399 2164 441 ultra
2192 405 2315 446 Mona

1323 464 1383 498 tes
1410 467 1712 501 commorantes
1737 460 1954 514 Sacrorum
1981 458 2312 513 Operatiorum„

1323 515 1743 573 Miliionariorumque
1769 515 2023 568 functiones,
2051 515 2197 559 Officia
2224 545 2238 567 ,
2268 522 2308 560 δι

1323 573 1398 615 alia
1415 576 1578 631 pietatis
1606 574 1730 632 opera
1759 574 2142 632 peragunt,verum
2180 577 2308 618 etiam

1322 631 1374 674 ad
1397 648 1466 676 eos
1502 636 1712 691 utriusque
1741 633 1851 678 sextis
1874 633 2174 678 Christifideles
2190 664 2205 687 ,
2237 636 2306 689 qui

1322 691 1464 736 iisdem
1479 691 1761 748 functionibus,
1773 693 1946 746 officiis,
1958 696 1996 736 &
2009 694 2177 738 Pietatis
2192 695 2308 747 Ope·

1323 754 1430 796 ribus
1456 767 1531 809 per
1545 753 1671 795 dietas
1697 754 1928 796 Provincias
1942 752 2049 796 ultra
2077 756 2237 797 Montes
2258 753 2309 793 ab

1322 813 1412 869 ipfis
1428 813 1636 856 Fratribus
1651 811 1737 853 fieri
1765 811 1889 855 solitis
1915 813 2143 861 intersunt,
2169 822 2309 854 exten-

1319 872 1447 923 dere,
1471 873 1510 914 &
1535 872 1588 914 de
1614 869 1863 925 benignitate
1888 872 2124 925 Apostolica
2155 884 2309 914 conce-

1317 930 1418 974 dere
1439 930 1728 987 dignaremur.
1757 931 1846 970 Nos
1874 929 1999 982 igitur
2026 932 2101 986 piis
2127 930 2308 986 ejusdem

1315 990 1600 1034 Procuratoris
1640 986 1855 1033 Generalis
1897 988 2001 1030 votis
2025 1017 2039 1039 ,
2074 990 2306 1045 quantum..

1314 1065 1408 1095 cum
1436 1051 1610 1092 Domino
1637 1046 1861 1105 poffumus,
1887 1047 2061 1101 benigne
2088 1062 2307 1092 annuere,

1314 1109 1504 1155 volentes
1522 1138 1535 1161 ‚
1552 1121 1724 1164 eumque
1751 1106 1772 1147 ἑ
1790 1105 1995 1162 quibusvis
2015 1107 2310 1149 Excommuni-

1314 1170 1487 1212 cationis
1501 1171 1581 1211 &c-
1596 1165 1805 1210 censentes
1820 1192 1834 1215 ‚
1854 1163 2217 1219 lhpplicationibus
2234 1166 2307 1206 hu-

1313 1228 1484 1287 jusmodi
1515 1226 1730 1278 inclinati,
1763 1223 2034 1280 ptaeinsertum
2072 1222 2299 1279 hujusmodi

1313 1288 1527 1331 Indultum
1544 1286 1699 1332 Urbani
1717 1283 2017 1340 praedecefforis
2043 1282 2221 1338 praedicti
2236 1280 2306 1325 sub

1313 1346 1456 1390 iisdem
1471 1346 1598 1390 modo
1613 1375 1628 1398 ‚
1653 1348 1691 1387 δι
1709 1343 1839 1388 forma
1863 1353 1949 1384 tam
1982 1342 2033 1384 ad
2050 1352 2303 1385 memoratos

1312 1409 1475 1452 Fratres
1491 1436 1506 1460 ,
1530 1407 1650 1464 quam
1678 1403 1729 1446 ad
1748 1403 1952 1460 utriusque
1978 1400 2089 1444 sexfis
2102 1398 2306 1445 Christifi-

1310 1466 1424 1510 deles
1454 1468 1494 1510 in
1523 1464 1750 1509 Provinciis
1781 1464 1886 1506 ultra
1919 1465 2080 1504 Montes
2108 1459 2302 1516 praedistis

1310 1528 1531 1584 degentes,
1565 1523 1791 1567 dummodo
1816 1519 2002 1578 praemiffa
2030 1522 2165 1563 omnia
2187 1533 2303 1573 pere-

1310 1587 1461 1642 gerint,
1482 1583 1768 1634 extendimus,
1790 1581 2008 1636 iisdemque
2023 1579 2302 1623 concedimus.

1308 1649 1404 1690 Non
1417 1645 1662 1690 obstantibus
1694 1641 1851 1698 Regula
1877 1639 2141 1683 Cancellariae
2163 1638 2302 1680 nostrae

1305 1706 1549 1762 Apostolicae
1563 1705 1615 1747 de
1630 1718 1709 1747 non
1734 1700 2009 1744 concedendis
2030 1696 2302 1752 indulgentiis

1304 1765 1510 1817 adinstar,
1538 1763 1771 1820 caeterisque
1794 1760 2010 1809 contrariis
2035 1758 2301 1814 quibuscum-

1303 1839 1382 1876 que
1397 1854 1409 1866 .
1433 1823 1722 1871 Praesentibus,
1751 1820 1956 1875 postquam
1976 1821 2135 1860 Fratres
2155 1813 2296 1870 praedi-

1303 1882 1355 1918 eti
1384 1882 1566 1931 proprias
1593 1879 1791 1919 Ecclefias
1816 1878 1855 1915 in
1883 1876 2080 1915 Domibus
2095 1875 2170 1913 suis
2198 1885 2301 1925 qua-

1303 1948 1564 1988 rumcumque
1582 1933 1893 1975 Provinciarum
1917 1931 2026 1973 ultra
2043 1934 2208 1974 Montes
2225 1931 2294 1971 ha-

1309 1992 1471 2030 buerint
1485 2015 1500 2035 ,
1513 1991 1680 2030 minime
1696 1991 1880 2030 valituris
1893 2017 1906 2028 .

1423 2047 1574 2084 Datum
1600 2044 1741 2084 Roma:
1754 2043 1860 2096 apud
1879 2046 2060 2083 Sameram
2089 2046 2297 2087 Mariam-2

1305 2099 1507 2156 Maiorem
1522 2099 1591 2142 sub
1607 2100 1773 2142 Annulo
1790 2097 2004 2142 Piscatoris
2019 2101 2086 2143 die
2113 2116 2199 2144 xiv.
2217 2105 2292 2144 Pe-

1304 2161 1455 2266 &ruar‘iii
1479 2173 1672 2203 moccxm
1687 2175 1719 2202 1.
1734 2157 2001 2204 Pontificatus
2030 2161 2151 2205 nostri
2165 2164 2292 2207 Anno

1321 2233 1421 2264 ecun
1453 2233 1503 2263 o·

1595 2324 1607 2334 ⁵
1671 2336 1734 2382 D.
1756 2329 1902 2383 Card.
1926 2330 2184 2382 Paffioneus
2205 2367 2219 2382 .

1298 2458 1424 2498 Breve
1425 2452 1651 2511 firmatum
1675 2450 1719 2492 in
1734 2451 1905 2494 Archivo
1923 2452 2106 2505 generale·
2121 2448 2281 2494 Ordinis

1355 2517 1544 2556 Armario
1558 2511 1697 2558 Bullae,
1715 2511 1862 2553 Brevia
1875 2511 1949 2552 &c-

1295 2733 1373 2783 Fr.
1397 2731 1715 2784 Cherubinum
1734 2730 1789 2781 de
1803 2731 1965 2779 Noves
1980 2762 1996 2785 ,
2020 2728 2063 2775 in
2087 2728 2285 2777 locum-³

1366 2802 1615 2871 Fr.Justini
1646 2804 1703 2852 de
1733 2804 1909 2852 Beziers
1933 2812 2066 2847 extra
2098 2811 2281 2860 tempus

1364 2876 1571 2942 Capituli
1591 2875 1831 2924 Generalis
1853 2867 2053 2919 defunfii
2074 2902 2089 2923 ,
2108 2866 2279 2915 Defini-

1362 2959 1509 2993 torem
1530 2946 1806 2993 Generalem
1841 2939 2093 2990 substituit.

1293 3062 1447 3106 Diti-2²70
1460 3060 1566 3105 Filio
1577 3089 1591 3111 ,
1609 3058 1826 3101 Cherubino
1842 3056 1885 3097 de
1901 3059 2023 3098 Noves
2036 3079 2050 3100 ,
2063 3057 2207 3097 Fratri
2218 3068 2279 3095 ex.

1404 3120 1536 3177 preſse
1562 3116 1727 3175 Praseffo
1742 3147 1754 3167 ,
1782 3114 1938 3158 Ordinis
1959 3113 2164 3156 Minorum

1481 3182 1522 3220 S·
1540 3174 1740 3232 Francssi
1751 3183 2062 3229 nuncupatorum
2080 3201 2091 3213 .

1292 3262 1823 3342 BENEDicTUs
1864 3285 2072 3334 PAPA
2111 3283 2276 3331 xlv,

1351 3407 1507 3456 Dileffie
1527 3407 1640 3455 Fili,
1667 3406 1843 3448 Salutem
1858 3430 1873 3453 ‚
1891 3402 1944 3454 ὠ·
1962 3400 2219 3460 Apostolicam

1615 3462 1927 3508 Benedibiionem
1938 3490 1951 3503 .

1438 3638 1529 3679 vitae
1540 3650 1585 3678 ac
1607 3651 1763 3680 morum
1780 3633 1964 3676 honestas
1979 3661 1991 3683 ‚
2007 3629 2163 3683 aliaque
2181 3627 2271 3668 lau·

1288 3700 1435 3742 dabilia
1463 3694 1674 3752 probitatis
1699 3699 1736 3738 &
1768 3695 1964 3736 virtutum
1990 3688 2133 3729 merita
2161 3713 2176 3735 ,
2209 3685 2270 3725 su·

1288 3773 1362 3815 per
1377 3758 1518 3813 quibus
1534 3756 1638 3811 apud
1666 3759 1749 3798 Nos
1767 3754 1845 3795 fide
1864 3751 1988 3805 digno
2010 3745 2270 3788 commenda·

1289 3820 1342 3860 ris
1360 3815 1599 3864 testimonio,
1616 3819 1700 3858 Nos
1717 3813 1940 3858 inducunt,
1956 3816 1999 3848 ut
2016 3806 2106 3847 Tibi
2123 3805 2269 3847 redda-

1290 3892 1377 3920 mur
1390 3876 1438 3918 ad
1459 3876 1628 3930 gratiam
1643 3871 1831 3971 liberalgs
1845 3898 1856 3910 .
1871 3871 1978 3910 Cum
1992 3866 2151 3923 itaque,
2170 3862 2265 3904 sicut

1843 3940 1863 3969 2
2129 3935 2196 3962 ac·

1288 3576 1604 3697 REligionis
1623 3578 1733 3621 zelus
1750 3607 1765 3629 ,
1781 3574 2032 3618 Litterarum
2051 3567 2271 3617 scientia-2,
