2704 4120
995 187 1642 309 Parifiensts.

2151 228 2269 314 29

265 342 343 393 ille
355 339 480 397 enim
497 338 522 391 ἑ
544 338 829 391 Monasterio
849 342 1011 393 Fontis
1030 343 1217 395 Ebraldi
1238 344 1484 404 Moniales,
1498 343 1740 396 arstiorem
1754 342 2042 396 &Benedicti
2058 351 2326 419 Regulam-g,

257 410 468 534 gofiteri
500 416 710 463 volentes
739 410 929 471 eduxit,
971 411 1029 462 ab
1052 411 1195 478 iisque
1225 414 1420 464 Pistavii
1453 431 1564 467 vota
1593 413 1815 484 suscepit:
1843 417 1921 466 ille
1960 418 2320 476 Constitutiones

313 485 483 537 rmavit
493 520 511 544 ,
538 484 562 533 a
578 484 816 553 Gregorio
833 484 953 534 XV.
969 482 1249 535 Monasteria
1267 481 1455 536 fundata
1471 486 1518 539 ὅ(
1536 485 1769 539 fundanda
1795 487 1841 537 in
1855 490 2320 560 Congregationem..

259 556 470 606 Calvarii
487 554 739 606 coadunari
757 555 1055 622 impetravit=
1081 552 1239 605 addit&
1258 555 1339 604 bac
1352 555 1576 608 duntaxat
1591 557 1880 610 distine'iione
1893 595 1910 619 ,
1932 575 1985 611 ut
2002 563 2118 612 inter
2135 561 2231 613 duo
2248 566 2322 614 Pa·

256 623 454 676 rifienfia
480 622 757 677 Monasteria
783 622 904 674 illud
921 660 936 683 ,
972 627 1018 676 in
1049 643 1144 694 quo
1170 626 1405 676 Direstrix
1436 631 1673 680 Generalis
1690 667 1705 689 ,
1730 629 1989 682 visitatione
2013 632 2319 685 Monasterio-

257 714 362 747 rum
376 714 468 748 non
488 709 742 765 occupata,
768 691 987 746 resideret
1003 732 1021 755 ,
1057 694 1387 748 Crucifixionis
1421 698 1614 748 titulum
1643 714 1821 752 teneret
1838 736 1855 761 ,
1888 700 1938 754 8(
1955 702 2002 753 in
2032 705 2123 753 alio
2141 740 2158 762 ,
2190 706 2316 773 quod

254 771 448 888 quartin-
463 765 702 822 &Masis
716 780 911 818 vocatur
925 802 943 831 ,
972 766 1073 836 post
1099 782 1301 819 mortem
1334 786 1416 820 cor
1438 765 1573 821 suum
1589 806 1606 831 ,
1628 786 1684 820 ex
1702 776 1829 835 cujus
1852 773 2128 826 abundantia
2147 792 2199 826 os
2215 780 2311 840 eJus

275 837 527 908 oquebatur
535 875 553 900 ,
567 837 820 908 quiesceret
830 875 843 891 .

396 911 638 963 Provincia
662 911 755 963 haec
783 909 843 960 ad
869 912 1073 982 amplam
1091 910 1388 964 Parifiensem
1402 947 1421 972 ,
1444 909 1493 964 δι
1511 911 1728 965 Picardiae
1743 911 1966 965 ditionem
1986 915 2167 969 extensa
2186 937 2310 971 com·-

254 982 393 1050 plesti
399 993 477 1032 tur
487 1017 501 1031 .

533 1138 780 1194 Con-ventus
807 1141 1010 1194 Fratrum
1035 1161 1147 1194 xm.

527 1279 872 1355 Mifflonemstu
900 1285 1160 1356 residentiam
1190 1302 1224 1336 1.

527 1421 789 1501 Manasteria
816 1425 1080 1479 Martialium
1107 1426 1411 1499 Capacinarum
1438 1447 1489 1482 ιι.

242 1705 457 1777 Philippo
471 1714 713 1770 ,Domino
731 1717 821 1766 loci
853 1716 910 1767 de
928 1713 1127 1768 Saveuse
1145 1751 1162 1775 ,
1186 1714 1237 1769 ὅ(

305 1781 470 1861 Mariae
493 1783 552 1834 de
571 1787 717 1852 Lully
745 1788 1080 1839 Monasterium
1097 1786 1238 1837 Ordi-

306 1864 378 1897 ms
407 1853 455 1899 S.
477 1855 629 1902 Clarae
658 1861 680 1916 (
693 1873 814 1904 nunc
843 1857 1131 1903 Monialium
1148 1859 1237 1902 Ca-

304 1919 613 1984 pucinarum)
642 1922 686 1970 in
711 1924 919 1972 Civitate
936 1919 1235 1971 Ambianenfi

302 1985 594 2036 construendi
609 1988 881 2037 facultatem
903 1991 1102 2053 largitur
1114 2020 1127 2032 .

235 2113 690 2171 EUGENIUS
739 2113 1232 2168 EPISCOPUS

345 2235 577 2281 Si-:avus
620 2235 849 2278 Seavoa
873 2250 953 2278 uu
987 2235 1109 2277 Det.

226 2350 386 2395 Dia-570
404 2354 664 2405 Filio,Nobili
681 2354 785 2407 Viro,
793 2354 1157 2409 Philippo,Dernino
1172 2351 1230 2393 lo-

283 2415 321 2453 ct*
336 2412 383 2453 de
396 2413 576 2469 Sava-use,
584 2413 847 2471 Ambiani-asts
865 2416 996 2455 Dioece
1008 2427 1061 2465 n,
1074 2411 1224 2462 Militi,

284 2470 340 2521 ὠ·
358 2472 524 2515 Dite-Eat
540 2476 583 2514 in
601 2474 754 2531 Christo
771 2473 970 2524 Fuiaemo
995 2475 1042 2514 its'
1059 2470 1224 2515 Mulieri

282 2532 434 2574 Maria·
467 2531 512 2573 de
538 2533 678 2588 Lully,
691 2534 774 2591 ejas
797 2537 914 2576 uxori
923 2533 1102 2591 salutem
1126 2558 1142 2582 2
1174 2531 1221 2578 δ’

283 2588 549 2647 qustoIIcam
573 2590 872 2637 benediffionem
884 2620 900 2634 .

222 2724 441 2841 Exigit
457 2728 665 2788 singularis
674 2731 908 2776 devotionis
924 2727 1223 2783 affedus,quem

353 2789 403 2829 ad
433 2792 550 2841 Nos,
581 2792 622 2832 δι
651 2794 875 2834 Romanam
906 2787 1048 2842 geritis
1076 2786 1221 2829 Eccle-

219 2841 347 2894 fiam,
362 2854 406 2886 ut
425 2850 535 2889 votis
562 2849 700 2890 vestris
716 2878 733 2900 ,
750 2847 832 2890 illis
858 2844 1076 2902 prasertim
1091 2870 1104 2893 ‚
1132 2856 1219 2900 quae

218 2915 270 2944 ex
283 2901 518 2948 devotionis
537 2910 686 2950 ardore
701 2936 715 2958 ‚
741 2906 841 2948 acin
862 2903 1093 2960 Religionis
1123 2916 1215 2957 pro-

221 2962 512 3017 pagationem‚
543 2966 582 3006 δι
606 2965 734 3008 divini
751 2961 888 3008 cultris
914 2973 1219 3019 augmentum

218 3021 373 3064 cedere
406 3021 700 3078 dignoscuntur
728 3053 744 3076 ‚
767 3024 966 3081 quantum
997 3037 1091 3066 eum
1130 3022 1219 3063 Deo

218 3077 436 3135 possumus,
452 3081 731 3128 favorabiliter
746 3083 966 3126 annuamus
981 3111 993 3122 .
1026 3081 1217 3124 Exhibita

215 3139 409 3195 siquidem
435 3145 562 3186 Nobis
578 3158 708 3201 nuper
742 3156 817 3198 pro
847 3152 964 3199 parte
986 3142 1114 3183 vestra
1144 3155 1215 3197 pe-

215 3198 311 3242 titio
333 3201 568 3245 continebat
585 3232 600 3255 ,
631 3203 744 3261 quod
767 3204 852 3245 Vos
879 3200 1119 3256 singularem
1142 3214 1211 3257 ge·

213 3269 352 3302 rentes
379 3261 432 3303 ad
463 3262 664 3307 Ordinem
691 3265 842 3307 Sanetae
869 3260 1002 3305 Clarae
1027 3258 1212 3315 specialis

211 3316 447 3385 devotionis
465 3320 646 3366 affectum
661 3353 676 3376 ,
701 3337 750 3366 ac
777 3321 987 3378 cupientes
1018 3330 1212 3363 terrena.»

217 3388 258 3435 ψ
272 3378 455 3425 coelestia
475 3379 587 3426 felici
599 3383 849 3427 commercio
861 3389 1212 3430 commutare‚nec

216 3450 295 3506 non
309 3439 362 3484 de
379 3441 524 3493 vestra,
540 3456 795 3499 uxorumque
811 3470 823 3492 ,
849 3442 886 3482 &
899 3439 1213 3497 progenitorum

214 3510 435 3542 ammarum
464 3501 590 3546 salute
625 3502 928 3556 recogitantes,
959 3500 1012 3542 de
1043 3497 1157 3541 bonis
1187 3498 1212 3540 a

214 3558 308 3600 Deo
335 3557 463 3602 Vobis
495 3562 660 3605 collatis
700 3562 751 3603 ad
787 3553 1094 3615 Omnipotentis
1130 3555 1206 3598 Dei

215 3613 379 3659 laudem
390 3641 406 3664 s
419 3618 461 3659 δι’.
472 3620 645 3676 gloriam
660 3649 675 3673 ,
689 3635 735 3663 ac
752 3619 866 3662 dietae
879 3619 1030 3662 Sanetae
1045 3628 1202 3658 memo·

209 3676 310 3719 riam
325 3705 340 3729 ‚
357 3676 396 3718 &
410 3681 684 3723 reverentiam
699 3710 715 3732 ,
747 3677 911 3736 ejusque
942 3674 1171 3732 Religionis
1187 3701 1202 3725 ,

209 3750 256 3781 ac
288 3735 519 3793 hujusmodi
544 3738 678 3782 cultus
704 3748 968 3794 augmentum
996 3764 1010 3787 ,
1041 3748 1202 3777 unum.»
1263 3741 1288 3784 <1

208 3797 493 3842 Monaflerium
538 3810 630 3840 cum
662 3797 839 3841 Ecclesia
870 3826 886 3850 ‚
929 3792 1201 3851 Campanili,

206 3858 437 3915 Campana,
448 3856 651 3905 claustro,
666 3856 941 3908 coemeterio,
956 3854 1202 3902 hortis2h0r·

2183 1601 2298 1618 —

1298 1718 1440 1763 talitiis
1452 1745 1467 1768 ‚
1484 1721 1523 1763 &
1547 1718 1635 1762 aliis
1649 1715 1878 1763 necessariis
1903 1712 2089 1764 officinis,
2103 1725 2178 1766 pro
2191 1708 2261 1752 usu
2278 1737 2294 1760 ,

1295 1781 1337 1821 δε
1366 1780 1618 1822 habitatione
1653 1777 1941 1821 nonnullarum
1968 1772 2212 1815 Monialium
2227 1769 2292 1810 di-

1296 1838 1349 1877 &i
1377 1838 1544 1878 Ordinis
1558 1864 1574 1885 ‚
1589 1850 1758 1891 quarum
1774 1849 1852 1876 una
1865 1829 2071 1876 Abbatiffa
2088 1832 2150 1877 fit,
2164 1829 2204 1868 in
2219 1825 2304 1866 ali-

1297 1905 1380 1946 quo
1392 1891 1488 1931 loco
1501 1891 1551 1933 ad
1568 1893 1646 1933 hoc
1661 1901 1774 1947 apto,
1787 1891 1827 1930 δι
1843 1902 1920 1930 con
1955 1900 2045 1938 ruo,
2064 1885 2104 1926 in
2130 1885 2296 1926 altera.»

1294 1950 1580 1999 Ambianenii,
1606 1950 1647 1990 δι
1680 1948 1924 1990 Attrebaten
1979 1941 2291 1993 Dioecefi‚c0n-

1294 2005 1450 2044 struere
1463 2030 1478 2052 ,
1498 2006 1536 2042 δι
1564 2003 1763 2045 aedificare
1782 2030 1797 2051 ‚
1813 2004 1878 2043 seu
1894 2003 2097 2049 construi,
2119 1998 2287 2042 &aedifi-

1297 2059 1380 2101 cari
1399 2058 1531 2102 facere
1544 2059 1783 2102 desideratis
1798 2087 1812 2108 ,
1829 2058 1853 2101 fi
1873 2057 2001 2100 Vobis
2019 2055 2070 2097 ad
2100 2057 2178 2098 hoc
2209 2054 2289 2098 suf-

1295 2117 1476 2174 fragetur
1491 2118 1733 2175 Apostolicae
1757 2118 1874 2161 Sedis
1890 2117 2131 2167 aneton-itan
2165 2116 2286 2173 Qa-

1292 2193 1337 2222 re
1360 2192 1434 2233 pro
1445 2189 1562 2235 parte
1578 2177 1706 2221 vestra
1722 2178 1853 2221 Nobis
1879 2177 1956 2218 suit
1972 2175 2181 2218 humiliter
2198 2175 2285 2230 sup-

1292 2238 1522 2293 plicatum,
1547 2250 1591 2282 ut
1623 2237 1748 2281 Vobis
1776 2236 1893 2292 super
1922 2236 2000 2278 hoc
2028 2235 2285 2290 benignum

1295 2297 1496 2353 impertiri
1513 2298 1744 2341 consensum
1769 2296 1822 2340 de
1840 2294 2096 2352 benignitate
2110 2292 2286 2347 Aposto-

1294 2355 1372 2399 lica
1386 2356 1674 2413 dignaremur.
1693 2360 1784 2401 Nos
1808 2357 1952 2412 igitur,
1966 2354 2033 2411 qui
2060 2350 2220 2400 cultfis,
2244 2353 2286 2393 δι

1288 2415 1517 2472 Religionis
1553 2415 1780 2474 hujusmodi
1808 2415 2105 2457 incrementum
2137 2410 2285 2454 nostris

1285 2476 1534 2533 temporibus
1551 2476 1715 2520 intensis
1728 2472 1936 2517 desideriis
1949 2470 2194 2520 affectamus,
2211 2482 2284 2511 ve·

1286 2534 1371 2578 stris
1398 2536 1438 2578 in
1456 2536 1529 2579 hac
1547 2545 1659 2592 parte
1687 2531 2047 2591 supplicationibus
2074 2527 2278 2578 inclinati,

1284 2595 1415 2637 Vobis
1431 2596 1468 2637 in
1494 2594 1624 2638 altera
1642 2593 1818 2637 Dioecefi
1845 2587 2099 2648 praefatarum
2128 2588 2167 2629 in
2183 2585 2278 2628 loco

1285 2654 1336 2696 ad
1352 2655 1431 2696 hoc
1459 2654 1635 2702 idoneo,
1651 2665 1835 2708 congruo
1852 2679 1867 2703 ,
1891 2651 1932 2692 &
1960 2647 2125 2691 honesto
2150 2658 2274 2688 unum

1285 2713 1577 2766 Monasterium
1601 2712 1671 2757 ffib
1694 2710 1874 2768 regulati
1902 2705 2159 2750 observantia
2181 2717 2274 2746 cum

1283 2771 1463 2816 Ecclesia
1477 2802 1493 2826 ‚
1513 2771 1741 2831 campanili
1761 2800 1774 2822 ,
1796 2774 1999 2824 Campana
2016 2796 2030 2817 ‚
2056 2763 2270 2812 Claustro,

1279 2831 1557 2886 coemeterio,
1571 2833 1719 2884 hortis,
1733 2828 1970 2878 hortamus,
1982 2828 2021 2870 δι
2034 2824 2124 2867 aliis
2140 2819 2274 2887 neces-

1278 2891 1386 2935 sariis
1400 2891 1573 2935 officinis
1595 2891 1854 2934 construendi
1869 2915 1883 2937 ‚
1895 2888 1935 2928 δι
1947 2879 2185 2929 aedificandn
2204 2877 2267 2920 scu

1279 2951 1484 3001 construi,
1507 2948 1746 2991 &edificari
1764 2943 1964 2989 faciendi,
1990 2954 2035 2982 ac
2063 2938 2152 2995 iplis
2177 2941 2267 2979 Mo-

1278 3012 1453 3057 nialibus
1468 3038 1483 3061 ,
1503 3021 1670 3065 quarum
1693 3019 1769 3047 una
1784 2998 1985 3046 Abbatilsa
2012 3000 2057 3039 fit
2073 3024 2085 3048 ,
2101 3007 2146 3039 ut
2164 3009 2266 3051 prae-

1279 3070 1410 3115 fertur
1422 3097 1436 3116 ,
1460 3066 1739 3111 Monasterium
1755 3061 1985 3118 pradictum
2000 3056 2180 3101 intrandi
2198 3084 2210 3106 ,
2225 3055 2266 3097 &

1278 3126 1553 3175 inhabitandi,
1568 3125 1735 3170 alterius
1757 3121 1871 3177 super
1892 3121 1969 3163 hoc
1998 3117 2162 3160 licentia
2190 3115 2265 3154 mi-

1276 3191 1383 3234 nime
1402 3188 1617 3243 requisita,
1649 3185 1736 3241 jure
1768 3193 1900 3225 tamen
1933 3175 2159 3222 Parochiali
2178 3203 2193 3222 ‚
2222 3174 2261 3214 &

1274 3248 1459 3307 quolibet
1475 3244 1554 3288 alio
1568 3243 1723 3302 semper
1748 3241 1859 3284 salvo
1875 3268 1889 3290 ,
1921 3238 2089 3281 liberam
2113 3247 2262 3276 conce-

1273 3310 1405 3351 dimus
1418 3306 1656 3349 auctoritate
1672 3299 1926 3360 praesentium
1942 3295 2172 3341 facultatem
2192 3322 2206 3342 ,
2222 3293 2261 3332 &

1275 3365 1536 3412 nihilominus
1562 3361 1775 3407 Abbatiffae
1795 3388 1807 3411 ,
1834 3361 1872 3402 δι
1905 3354 2150 3401 monialibus
2186 3354 2253 3417 in?

1275 3426 1464 3485 praedie'to
1492 3422 1735 3467 Monasterio
1765 3433 1842 3476 pro
1868 3427 2053 3472 tempore
2077 3413 2260 3475 degenti·

1274 3490 1375 3535 bus,
1398 3498 1618 3541 earumque
1644 3476 1950 3526 Confefforibns
1975 3503 1988 3528 ‚
2012 3475 2052 3515 ἃ.
2079 3470 2256 3527 pers⁰n¹⁸

1270 3547 1358 3592 aliis
1374 3547 1430 3588 eis
1444 3541 1773 3599 obsequentibus,
1789 3535 1899 3595 quod
1917 3535 2115 3596 omnibus,
2128 3528 2167 3567 ἃ
2182 3525 2253 3592 5¹3*

1265 3607 1374 3663 gulis
1389 3603 1635 3662 privilegiis,
1661 3595 1991 3654 exemptionibus
2006 3622 2020 3643 ,
2052 3589 2255 3654 llbfrtaffilf

1265 3670 1335 3712 bus
1350 3696 1363 3718 ,
1387 3659 1699 3707 concessionibus
1714 3687 1728 3710 ,
1744 3658 1904 3713 gratiis,
1917 3656 1956 3696 δι
1970 3647 2138 3716 indultis
2149 3644 2254 3712 elusa

1292 3726 1406 3770 uibus
1435 3732 1582 3765 caetcra
1611 3718 1853 3763 Monasteria
1881 3742 1895 3765 ,
1921 3724 1994 3754 nec
2014 3720 2099 3775 non
2129 3717 2166 3746 tn
2199 3714 2254 3745 e15

1261 3779 1554 3832 Abbatiffae,&
1576 3778 1772 3824 Moniales
1798 3772 1892 3816 dieti
1920 3768 2083 3812 Ordinis
2098 3762 2166 3805 sub
2181 3777 2251 3804 ea-

1262 3847 1355 3890 dem
1369 3838 1620 3887 observantia
1634 3839 1841 3893 degentes,
1856 3844 1947 3874 cum
1968 3823 2251 3923 eorumffion-
