2612 4100
866 227 1509 349 Turonensis.

2027 264 2141 356 79

197 369 362 413 cationis
375 399 392 421 ‚
407 372 483 413 &c.
499 372 779 421 absolvente-:33
800 372 841 413 &
854 370 1052 415 absolutas
1085 373 1173 416 fore
1230 374 1293 415 nis
1322 375 1500 414 debitam
1513 402 1527 425 ‚
1557 375 1788 428 celebrata3
1816 377 1856 417 δε
1885 377 2195 436 quodcumque,

194 428 420 479 censentes,
435 429 785 486 praedic‘tarumque
799 429 1023 473 nostrarum
1054 430 1177 472 litte-⁷
1230 431 1339 471 aliud
1357 434 1588 486 Capitulum
1603 435 1641 476 in
1655 435 1759 476 dieta
1774 436 1984 478 Provincia
1999 438 2201 492 Turoniae3

191 499 330 530 rarum
345 498 548 541 tenorem,
559 491 686 535 *etiam
702 486 1176 541 veriorem3praesentibus
1237 499 1378 530 contra
1397 493 1560 534 formam
1575 492 1824 548 praefatarum
1847 494 2068 536 nostrarum
2085 496 2199 538 litte-

187 557 265 600 pro
285 547 466 601 expresso
479 549 695 597 habentes,
725 546 948 602 hujusmodi
968 544 1165 600 supplica-

186 603 365 647 tionibus
383 607 591 656 inclinati,
621 606 673 649 de
684 605 962 660 praedictorum
984 606 1162 646 Venera-

184 662 326 705 bilium
343 666 526 709 Fratrum
544 665 770 708 nostrorum
797 664 945 705 Sanstae
976 664 1166 704 Romanae

184 719 373 764 Ecclefiae
388 723 691 771 Cardinalium‚
719 722 888 777 negotiis
912 720 1164 764 &contulu-

115 792 118 794 ·
184 779 359 823 tionibus
385 781 672 839 Episcoporum
695 781 735 824 δι
763 779 1027 838 Regularium
1053 791 1153 832 prae-

183 838 404 894 positorum
419 867 432 891 ,
447 840 466 895 (
480 840 546 896 qui
559 839 795 883 inhaerentes
820 849 917 881 voto
933 836 1152 892 particula·

184 897 239 938 ris
271 898 634 954 Congregationis,
658 897 771 954 super
799 894 1019 953 hujusmodi
1037 908 1158 948 nego-

183 956 242 996 tio
267 957 290 999 ὲ
316 957 429 998 nobis
454 955 682 1008 deputatae,
713 953 876 1010 vifisque
902 952 1154 995 &examinaae

185 1014 234 1056 tis
261 1011 610 1068 supplicationibus
639 1013 680 1054 δι
693 1012 991 1055 memorialibus
1009 1012 1065 1053 eis
1084 1013 1153 1053 ad-

179 1071 322 1127 junftis
337 1098 350 1121 ‚
371 1070 394 1114 ὲ
411 1071 611 1112 Fratribus
631 1070 823 1126 praedistae
840 1071 1059 1114 Provincia:
1073 1068 1151 1111 Tu-

178 1129 299 1171 roniae
323 1141 371 1171 ex
391 1130 657 1172 conventione
683 1130 790 1173 inter
823 1144 891 1173 eos
912 1127 1010 1172 facia
1042 1129 1155 1170 nobis

179 1185 425 1242 praesentatis
440 1215 454 1238 ,
467 1188 507 1228 &
519 1187 566 1230 ad
585 1188 739 1232 eosdem
755 1188 993 1232 cardinales
1021 1186 1154 1229 remis·

180 1247 228 1286 fis
256 1271 271 1293 a
305 1244 511 1301 negotium
541 1246 762 1300 hujusmodi
789 1246 947 1290 mature
972 1242 1147 1288 discusse·

180 1310 276 1346 runt
290 1305 308 1360 )
322 1302 487 1346 consilio
498 1333 515 1355 ,
529 1305 803 1359 praeinlertum
831 1309 1050 1349 Decretum
1069 1306 1151 1345 Ro-

177 1375 249 1404 mae
268 1363 289 1403 i
305 1362 551 1405 Diffinitorio
566 1363 758 1408 Generali
774 1364 866 1408 dieti
880 1362 1043 1405 Ordinis
1061 1362 1148 1405 edi-

177 1429 264 1463 tum
275 1450 290 1471 ,
306 1434 462 1464 necnon
473 1421 714 1475 praeinsertas
733 1422 1015 1466 Resolutiones
1030 1424 1052 1464 a
1066 1424 1149 1463 Ca-

179 1479 308 1534 pitulo
322 1480 513 1522 Generali
528 1480 669 1532 famas,
690 1481 917 1537 Apostolica
934 1479 1152 1522 auetorita-

178 1537 483 1586 te2earumdem
505 1546 644 1581 tenore
668 1540 915 1595 praesentium
940 1536 1155 1582 confirma-

176 1602 263 1637 mus
313 1597 351 1637 δε
381 1597 641 1652 approbamus
664 1627 679 1649 ,
715 1599 873 1655 illisque
909 1597 1150 1641 inviolabilis

175 1653 411 1709 Apostolicae
445 1653 643 1698 firmitatis
672 1660 796 1701 robur
824 1656 1030 1711 adjicimus
1056 1668 1069 1697 ε
1100 1669 1158 1697 ac1

179 1714 398 1761 omnes2&
421 1713 591 1768 singulos
613 1714 764 1771 juris&
779 1716 868 1757 faeti
883 1714 1087 1762 defectus,
1118 1712 1144 1756 si

178 1770 247 1825 qui
279 1769 447 1824 desuper
470 1773 778 1825 quomodolibet
819 1774 1146 1821 intervenerint,

176 1826 478 1881 supplemus,&
499 1830 727 1869 executioni
754 1829 981 1870 demandari
1007 1828 1146 1879 praeci-

176 1885 301 1938 pimus
316 1911 330 1936 ,
347 1897 437 1924 cum
457 1884 793 1927 moderationibus
807 1896 939 1926 tamen
956 1881 1148 1924 infrascri-

173 1942 251 1997 ptis
268 1955 281 1983 :
313 1940 504 1983 videlicet
517 1970 531 1992 ‚
552 1942 660 1996 quod
694 1945 896 1985 Fratribus
931 1940 1149 1982 Provinciae

171 1998 397 2045 ,Turoniae‚
426 1997 451 2038 ὲ
475 1999 755 2038 Conveotibus
787 2001 826 2037 ἃ.
854 1998 1041 2046 Hospitiis
1074 2009 1146 2045 per

172 2055 394 2096 Decretum
415 2051 669 2093 Nannetense
687 2052 905 2094 Provinciae
933 2050 1144 2090 Britanniae

172 2111 392 2167 assignatis,
416 2108 708 2151 discedentibus
725 2139 740 2158 ‚
764 2109 932 2150 liberum
960 2107 1003 2148 fit
1019 2105 1141 2159 origi·

170 2169 290 2212 nariis
307 2167 489 2209 locorum
501 2193 515 2215 ,
535 2166 573 2207 in
593 2168 734 2221 quibus
751 2169 992 2209 Conventus
1006 2165 1046 2205 &
1066 2165 1142 2204 ho-

169 2226 281 2283 spitia
294 2223 514 2281 hujusmodi
527 2224 595 2267 fita
612 2227 868 2281 reperiuntur
883 2253 897 2275 ,
911 2224 952 2265 -in
971 2221 1140 2266 Provin-

167 2287 231 2328 cia
256 2284 440 2327 Turoniae
467 2296 703 2335 remanere,
728 2283 790 2325 vel
820 2286 858 2325 in
883 2281 1137 2324 Provinciam

167 2342 380 2386 Britanniae
393 2342 412 2398 (
427 2355 500 2397 pro
514 2340 814 2398 uniuscujusque
827 2343 991 2397 optione
1007 2370 1021 2392 ‚
1037 2350 1142 2381 tem·

167 2414 267 2457 pore
290 2399 339 2442 ad
363 2400 405 2442 id
429 2413 503 2454 per
524 2399 846 2444 Commiffarium
866 2399 1144 2444 Generalem...

169 2457 411 2515 praefigendo
428 2455 638 2518 facienda)
654 2460 837 2504 transtre-

279 2516 454 2567 Deinde,
473 2516 581 2572 quod
596 2517 751 2561 attenta
766 2514 998 2561 obedientia
1018 2515 1144 2571 pluri-

165 2589 321 2619 morum
348 2577 533 2617 Fratrum
552 2577 772 2619 Provincia:
801 2576 984 2619 Turoniae
1009 2571 1138 2625 hujus-

161 2635 275 2677 modi
288 2633 571 2676 adhaerentium
588 2634 768 2677 Ministro
781 2662 795 2684 ‚
806 2638 846 2677 δι
860 2630 1138 2678 Commiss‘ario

133 2728 144 2745 ,-
161 2692 354 2736 Gener-ali
368 2720 384 2742 ‚
408 2692 548 2735 eadem
576 2694 788 2737 Provincia
823 2691 999 2735 Turoniae
1016 2692 1039 2733 a
1057 2691 1138 2730 Re-

157 2753 311 2806 ligione
325 2751 623 2804 Capucinorum
648 2765 726 2792 non
749 2749 904 2793 absciffa
918 2778 932 2799 ,
959 2758 1027 2789 aut
1043 2759 1139 2800 prae·

164 2807 240 2852 cisa
256 2818 459 2850 remaneat
473 2834 485 2856 ‚
502 2805 570 2848 sed
584 2821 728 2848 nomen
752 2809 790 2847 &
806 2822 888 2849 rem
919 2804 1142 2848 Provinciae

162 2865 351 2910 Turoniae
364 2864 535 2906 retineat
551 2893 564 2915 ‚
578 2864 633 2905 ita
655 2875 787 2907 tamen
804 2891 818 2911 a
848 2873 891 2906 ut
916 2863 994 2919 ipsa
1008 2876 1054 2904 ex
1081 2862 1139 2902 so-

162 2928 213 2969 lis
239 2923 441 2966 Fratribus
456 2922 739 2970 obedientibus
753 2952 765 2974 ‚
778 2924 844 2978 qui
865 2921 1033 2964 Ministri
1051 2922 1138 2962 Ge·

161 2982 311 3027 nei-alis
324 3009 339 3032 ‚
366 2984 444 3024 sive
461 2981 546 3038 ejus
561 2982 929 3024 Commiffariorum
957 2983 1141 3023 Genera-

161 3043 260 3086 lium
276 3041 471 3083 mandatis
498 3051 710 3095 paruerunt
728 3070 740 3092 ,
768 3049 833 3082 aut
848 3039 985 3081 saltem
999 3049 1140 3093 parere

163 3100 202 3144 se
216 3099 323 3143 velle
336 3113 426 3142 cum
441 3097 580 3141 effe-stu
608 3098 870 3142 declarabunt
881 3127 895 3149 ,
925 3109 1138 3150 compona-

161 3168 229 3202 tur
250 3161 539 3201 ,Contumaces
558 3159 655 3200 vero
672 3187 685 3209 ,
708 3160 747 3200 &
771 3157 940 3200 rebelles
955 3183 972 3208 ,
1002 3154 1068 3197 nifi
1085 3153 1136 3194 ad

161 3225 320 3273 tempus
335 3217 404 3259 sibi
432 3219 454 3258 a
481 3213 761 3259 Commiffario
793 3213 980 3259 Generali
1013 3210 1136 3268 praefi-

166 3276 337 3331 gendum
359 3274 609 3330 refipuerint,
623 3275 804 3317 omnibus
822 3272 1039 3328 privilegiis
1054 3273 1136 3312 Or·

166 3333 268 3375 dinis
283 3334 457 3389 praedicti
471 3335 690 3390 privatos25
706 3333 919 3376 Provincia
938 3329 1137 3378 Turoniae,

171 3400 354 3445 tanquam
384 3392 434 3434 ad
456 3406 542 3435 eam
564 3406 642 3435 non
667 3394 910 3447 pertinentes
936 3416 950 3439 2
979 3388 1136 3444 penitus

165 3446 341 3491 absciffos
352 3450 601 3494 declaramus
614 3479 627 3502 ‚
642 3466 687 3493 ac
701 3451 1008 3494 Ordinariorum
1023 3447 1136 3487 loco-

165 3519 253 3549 rum
265 3505 499 3552 omnimodae
509 3508 768 3564 jurisdictioni
783 3508 1017 3564 subjicimus.

278 3565 345 3606 Ad
367 3565 471 3616 haec,
502 3565 901 3624 CapitulaBlessenie
934 3564 1058 3613 1650.
1088 3563 1128 3603 &

160 3621 445 3668 'Aurelianense
464 3626 579 3673 1652.
591 3639 783 3668 annorum
807 3623 1024 3680 respective
1036 3651 1051 3675 ‚
1063 3632 1128 3663 ut-

161 3691 259 3739 pote
272 3695 350 3723 non
366 3683 556 3726 canonice
568 3713 585 3733 ,
611 3685 677 3727 sed
691 3695 833 3727 contra
853 3691 1030 3727 mentem
1054 3697 1127 3725 no·

162 3740 277 3782 stram
287 3767 301 3790 ,
314 3742 353 3782 &
368 3739 636 3783 obedientiam
650 3743 778 3786 Nobis
799 3746 839 3785 &
853 3743 944 3786 Sedi
959 3742 1127 3796 Aposto-

164 3798 274 3849 licae,
303 3813 458 3845 necnon
484 3799 668 3844 Ministro
692 3803 883 3860 Generali
898 3801 991 3844 dieti
1015 3799 1129 3843 Ordi.

1226 559 1359 588 rarum
1387 550 1666 603 celebratum,
1690 554 1728 593 &
1758 554 1809 595 de
1823 563 1967 595 caetero
1991 552 2198 596 celebran-

1227 604 1321 645 dum
1337 634 1348 656 ,
1363 621 1453 649 cum
1468 611 1648 651 omnibus
1665 613 1705 652 δε
1728 610 1888 668 singulis
1916 611 2009 653 inde
2024 610 2167 653 secutis
2181 641 2196 664 ‚

1228 663 1269 703 δι
1283 662 1474 706 secuturis
1486 694 1501 716 ,
1527 668 1635 708 nulla
1650 669 1878 715 &invalida
1895 667 1970 712 effe
1995 671 2034 711 &
2048 669 2192 715 fore)

1227 721 1476 764 declaramus
1491 751 1504 764 .

1327 780 1604 836 Praecipientes
1619 785 1801 838 praedit'to
1814 787 1956 842 Joanni
1973 785 2185 830 Francisco

1213 840 1361 881 Sevino
1378 865 1391 888 a
1422 840 1461 881 in
1490 841 1640 884 virtute
1671 841 1806 884 sanetae
1836 845 2087 887 Obedicntiae
2100 871 2115 893 ‚
2147 847 2187 887 δε

1217 895 1287 939 sub
1299 897 1481 939 omnibus
1509 900 1640 954 poenis
1666 911 1804 941 contra
1828 903 2130 953 inobedientes,
2147 912 2192 945 ut

1216 955 1328 1012 supra
1342 982 1355 1003 ³
1370 957 1407 995 &
1421 954 1524 1000 infra
1540 958 1785 1015 infligendis,
1797 972 1845 998 ne
1860 959 1897 1000 in
1914 962 2113 1014 gubernio
2126 962 2192 1003 di·

1215 1017 1281 1055 6}ae
1298 1014 1513 1057 Provinciae
1533 1017 1716 1059 Turoniae
1734 1043 1747 1065 ,
1773 1017 1811 1058 δε
1836 1018 2036 1071 quibusvis
2068 1020 2190 1062 rebus

1216 1073 1265 1114 ad
1296 1085 1381 1114 eam
1409 1073 1784 1129 quomodocumque
1811 1073 2069 1129 spectantibus
2084 1078 2195 1120 dire-

1218 1131 1279 1173 ete
1297 1160 1309 1182 ‚
1326 1130 1387 1172 vel
1407 1130 1595 1175 indirecte
1614 1132 1651 1175 se
1665 1131 1885 1175 immiscere
1913 1135 2081 1190 amplius
2097 1149 2194 1190 quo-

1217 1190 1276 1231 vis
1290 1198 1487 1246 praetcxtu
1506 1219 1520 1240 ,
1534 1191 1698 1239 colore,
1714 1191 1775 1232 vel
1789 1192 1951 1249 ingenio
1963 1219 1978 1242 a
1997 1192 2195 1249 absque-a

1213 1247 1373 1301 speciali
1391 1247 1518 1291 nostra
1543 1251 1582 1290 &
1597 1250 1708 1292 Sedis
1724 1251 1954 1302 Apostolicae
1968 1280 1982 1302 ‚
2014 1252 2076 1293 vel
2108 1251 2187 1291 Mi-

1213 1306 1320 1349 nistri
1339 1307 1549 1350 Generalis
1568 1307 1663 1351 dieti
1678 1307 1925 1358 Ordinis2aut
1939 1309 2047 1351 illius
2065 1310 2192 1349 Com·

1209 1364 1367 1408 miffarii
1391 1367 1600 1408 Generalis
1622 1365 1784 1409 licentia
1800 1395 1812 1418 ,
1837 1367 2005 1409 audeat.
2023 1364 2101 1408 Sed
2119 1364 2190 1405 sta-

1211 1425 1301 1476 tim,
1318 1435 1437 1480 atque
1456 1426 1522 1480 ipsi
1544 1424 1752 1481 praesentes
1766 1424 1987 1481 fignificatae
2015 1422 2184 1473 fuerint,

1215 1484 1263 1525 ad
1287 1484 1389 1525 suam
1408 1478 1657 1527 Pro'vinciam
1676 1483 1932 1528 Parifiensem
1947 1490 2188 1525 revertatur:

1219 1543 1287 1584 ubi
1318 1541 1374 1598 (fi
1391 1543 1586 1597 praedicffis
1600 1543 1791 1586 obediens
1810 1542 1891 1599 fit)
1918 1544 1941 1585 a
1964 1553 2162 1596 quoquam
2175 1568 2194 1589 ‚

1210 1602 1365 1645 ratione
1381 1615 1516 1644 rerum
1533 1603 1581 1644 ab
1606 1617 1656 1644 eo
1670 1610 1832 1644 eatenus
1858 1599 2065 1644 occasione
2082 1598 2193 1639 dictae

1207 1660 1435 1703 Provinciae
1468 1661 1652 1703 Turoniae
1685 1660 1880 1714 gestarum
1902 1687 1916 1710 ‚
1953 1657 2183 1707 molestari,

1206 1720 1459 1775 perturbari,
1472 1730 1538 1761 aut
1555 1721 1766 1774 inquietari
1779 1731 1983 1775 nunquam
1998 1715 2127 1773 possit.

1322 1780 1520 1819 Praeterea
1553 1779 1858 1830 deputationem
1888 1776 1983 1819 dieii
2019 1772 2184 1815 Claudii

1207 1833 1470 1873 Bituricensis
1486 1833 1525 1872 in
1553 1834 1875 1874 Commiffarium
1908 1830 2189 1872 Generalem..

1209 1888 1321 1928 dieiae
1337 1888 1553 1930 Provinciae
1569 1890 1754 1931 Turoniae
1768 1917 1782 1939 ‚
1807 1901 1899 1930 cum
1923 1884 2181 1928 facultatibus

1208 1946 1245 1987 ci
1260 1945 1280 1985 ὲ
1298 1945 1476 1987 Ministro
1490 1940 1679 1987 'Generali
1709 1947 1803 1989 dieti
1827 1943 1993 1988 Ordinis
2014 1943 2188 1986 attribu·

1209 2003 1287 2046 tis,
1317 2001 1480 2051 aliisque
1509 2003 1755 2048 necessariis,
1771 2006 1808 2042 &
1826 2004 2065 2054 opportunis
2097 2001 2116 2053 (
2141 2008 2193 2041 ut

1205 2053 1340 2107 infra)
1356 2054 1623 2096 concedendis
1638 2083 1652 2104 ‚
1675 2058 1913 2097 auetoritate
1940 2057 1980 2095 &
2001 2066 2194 2097 tenore)-

1202 2110 1448 2166 praesentium
1465 2114 1745 2155 confirmamus
1760 2127 1772 2154 ε
1790 2113 1936 2168 ipsique
1951 2112 2128 2154 Claudio
2143 2112 2182 2153 in

1203 2169 1353 2211 virtute
1366 2169 1514 2211 Sanetae
1529 2170 1775 2214 Obedientiae
1790 2200 1804 2222 ,
1820 2182 1866 2214 ut
1881 2183 2021 2212 munus
2037 2170 2103 2211 fibi
2120 2170 2183 2211 in·

1204 2227 1379 2284 junctum
1396 2225 1593 2282 suscipiat,
1606 2230 1645 2269 &
1658 2240 1881 2286 exequatur
1895 2256 1908 2279 ‚
1923 2242 1969 2270 ac
1990 2227 2179 2270 omnibus

1201 2289 1239 2326 ὃς
1265 2286 1555 2342 fingulisipfius
1579 2289 1802 2331 Provinciae
1828 2289 2017 2330 Turoniae
2033 2286 2188 2330 Fratri-

1205 2346 1277 2399 bus
1291 2370 1304 2391 ,
1320 2354 1363 2386 ut
1379 2343 1444 2399 ipsi
1471 2345 1749 2388 Cominiffario
1769 2345 1959 2388 Generali
1977 2372 1991 2394 ‚
2012 2345 2185 2387 durante

1205 2402 1288 2457 ejus
1303 2398 1645 2444 Commiffariatfis
1672 2403 1833 2455 officio,
1861 2404 1930 2444 sub
1955 2416 2185 2444 excommu-

1206 2460 1418 2503 nicationis
1432 2461 1800 2520 lataesbntentiae,a
1815 2475 1892 2515 qua
1915 2473 2039 2502 nemo
2063 2459 2132 2501 nifi
2159 2460 2180 2500 a

1201 2518 1313 2561 nobis
1342 2546 1357 2568 ‚
1390 2518 1429 2557 &
1451 2531 1526 2571 pro
1560 2529 1744 2575 tempore
1774 2517 1966 2561 existente
1996 2519 2182 2560 Romano

1204 2574 1400 2619 Pontifice
1424 2603 1437 2626 ‚
1476 2587 1737 2633 praeterquam
1764 2577 1805 2618 in
1831 2576 1972 2618 mortis
2001 2574 2178 2615 articulo

1197 2635 1433 2676 constitutus
1445 2634 1596 2678 absolvi
1617 2638 1777 2684 valeat,
1802 2633 1886 2689 ipso
1908 2631 2015 2674 facto
2039 2632 2179 2673 incur-

1200 2692 1322 2735 renda
1336 2705 1473 2747 poena,
1487 2702 1629 2748 praetei·
1642 2698 1682 2737 ἃ.
1696 2693 1801 2736 ultra
1815 2691 1910 2733 alias
1929 2704 2066 2747 poenas
2080 2702 2176 2731 con·

1200 2761 1262 2793 tra
1287 2749 1580 2801 inobedientes,
1598 2762 1641 2794 ut
1657 2749 2179 2808 supraflnfligendasfflrom-

1201 2811 1270 2866 pte
1297 2808 1486 2852 obediant
1511 2838 1525 2860 a
1557 2813 1757 2866 ipsumque
1776 2810 1815 2851 in
1841 2808 2105 2854 executione,
2135 2806 2175 2844 &

1201 2868 1395 2910 exercitio
1427 2866 1482 2908 sui
1514 2869 1633 2910 officii
1662 2869 1900 2924 perturbare
1923 2878 2003 2906 non
2029 2861 2172 2917 praesu-

1200 2936 1310 2969 mant
1330 2951 1344 2972 ³
1362 2924 1609 2979 praecipimus
1624 2954 1635 2967 .

1314 2985 1410 3039 Quo
1430 2986 1527 3026 vero
1545 2983 1699 3025 facilior
1713 2984 1776 3024 via
1802 2979 2045 3024 restitutioni
2070 2981 2173 3020 Pro·

1199 3042 1335 3086 vinciae
1355 3044 1541 3083 Turoniae
1565 3043 1603 3082 in
1632 3041 1834 3095 pristinum
1860 3040 2001 3082 statum
2014 3036 2169 3090 aperia-

1198 3113 1264 3144 tur
1279 3128 1292 3149 ,
1309 3099 1476 3141 eundem
1504 3099 1717 3141 Claudium
1740 3097 2060 3141 Commiffarium
2083 3096 2169 3135 Ge-

1196 3159 1373 3203 neralem
1400 3160 1436 3198 in
1467 3158 1642 3200 nostrum
1663 3187 1678 3207 ,
1720 3158 1760 3198 &
1786 3156 1899 3198 Sedis
1929 3151 2166 3210 Apostolicae

1195 3214 1513 3261 Commiffarium
1528 3215 1787 3258 instituimus:
1816 3214 1959 3270 ipfique
1994 3209 2169 3254 Claudio

1197 3272 1472 3319 commissario
1485 3272 1713 3316 absolvendi
1728 3273 1748 3314 εὶ
1765 3272 1934 3314 censuris
1948 3300 1963 3323 ‚
1983 3272 2022 3311 δι
2035 3267 2163 3323 poenis

1195 3335 1395 3377 occasione
1409 3331 1683 3386 praemifforum
1708 3330 2012 3386 quomodolibet
2027 3325 2167 3368 incur-

1196 3393 1241 3435 sis
1253 3422 1266 3442 ,
1279 3404 1362 3441 eos,
1375 3390 1549 3444 quivere
1566 3392 1810 3446 poenitentes
1826 3416 1840 3440 ,
1855 3391 1893 3431 &
1916 3388 1965 3431 ad
1982 3385 2157 3428 debitam

1195 3450 1464 3493 obedientiam
1486 3448 1700 3491 redeuntes
1714 3476 1727 3499 ‚
1741 3447 1791 3489 ab
1803 3461 1850 3490 eo
1865 3447 2021 3490 veniam
2036 3443 2076 3483 &
2091 3442 2160 3504 ab-

1196 3509 1429 3550 solutionem
1445 3506 1646 3549 humiliter
1670 3507 1946 3562 petierint,ac
1967 3498 2168 3563 mandans
2211 3541 2214 3544 ,

1188 3566 1360 3610 Ministri
1391 3564 1597 3607 Generalis
1636 3579 1726 3608 cum
1761 3563 1901 3606 effectu
1923 3565 2126 3616 paruerint
2139 3582 2156 3606 ,

1186 3624 1432 3667 multitudini
1449 3637 1527 3665 non
1542 3623 1670 3667 solum
1683 3651 1698 3674 ‚
1713 3622 1776 3664 sed
1792 3622 1909 3664 etiam
1923 3611 2159 3660 universita-

1188 3685 1218 3726 ti
1233 3682 1617 3738 refipiscenti(prout
1637 3684 1793 3724 Fratres
1814 3679 1862 3721 ab
1874 3671 2153 3739 obedientibus

1186 3741 1369 3797 deputati
1383 3741 1495 3781 enixe
1512 3739 1778 3795 postularunt)
1788 3733 1986 3791 parcendo
1997 3761 2013 3783 2
2030 3744 2159 3786 ΠΠΡΟ·

1192 3801 1258 3843 sita
1270 3797 1506 3857 poenitentia
1522 3797 1695 3841 salutari:
1714 3800 1882 3839 Necnon
1897 3791 2087 3888 Novitffs
2102 3788 2154 3831 ad

2060 3860 2101 3886 22-
