2612 4100
861 212 967 297 N
969 238 1068 296 or
1091 241 1168 296 m
1185 237 1241 298 a.
1262 217 1490 299 nni-ie
1509 277 1530 299 .
2038 233 2146 341 93

371 360 373 363 ’
468 353 681 440 Qast‘
698 368 981 423 mortuus
1023 357 1373 422 aeternitati

462 443 531 510 In
567 444 729 510 libra
771 448 923 533 quia
941 449 1140 531 justus
1163 494 1180 522 ,
1228 447 1323 513 die
1350 446 1608 518 Sabbati
1623 496 1640 527 ‚
1674 464 1984 539 tanquam

822 537 917 603 ad·
944 540 1221 624 νθεῘιιὲεητ
1259 538 1622 622 destinatus,

465 628 549 705 Et
584 630 679 697 die
700 647 883 699 >nona
923 627 1240 715 Οᾶοόνίε,
1272 644 1339 695 ut
1375 637 1643 713 nominis
1671 655 1845 699 omen

500 765 504 769 Δ
821 721 1129 808 impleret,
1450 753 1452 755 ’
1922 726 1924 728 ’

463 810 705 883 AEtat'is
739 835 1046 883 annorum
1085 822 1186 897 65.
1229 812 1421 901 Relig.
1457 831 1559 896 42.
1602 818 1760 883 vade
1797 813 1873 884 &³

818 906 1010 995 ipfiem
1046 904 1334 984 imitdre.
1360 951 1367 994 3

216 1162 219 1165 ,
304 1107 307 1109 ’
325 1108 614 1178 singularem
627 1143 643 1166 ‚
668 1122 713 1157 et
724 1106 1015 1163 conversione
1029 1113 1169 1163 trium
1186 1114 1383 1163 millium
1401 1125 1446 1161 et
1462 1112 1582 1162 ultra
1594 1111 1972 1163 Acatholicorum
1984 1110 2209 1159 celebrem

187 1176 264 1235 Fr.
279 1180 511 1248 seraphini
527 1177 905 1247 Rothomagenfis
921 1183 1136 1232 virtutem
1154 1187 1231 1252 qui
1246 1181 1356 1232 scire
1369 1196 1475 1232 avet
1489 1217 1506 1241 ,
1522 1199 1618 1232 eam
1635 1185 1785 1249 legere
1808 1196 1897 1229 non
1912 1194 2129 1249 gravetur
2141 1179 2231 1228 re?

188 1248 388 1301 stridhm
417 1247 474 1298 ad
489 1249 781 1316 Epitaphium
795 1285 810 1307 ,
825 1252 960 1318 ipsius
973 1255 1153 1303 tumulo
1167 1254 1425 1323 appositum
1435 1287 1453 1311 .
1482 1254 1580 1304 etin
1594 1269 1715 1302 nova
1730 1248 2003 1318 scriptorum
2016 1249 2209 1299 Ordinis

187 1317 470 1369 Bibliotheca
482 1316 568 1374 fol.
589 1336 670 1381 74.
698 1319 931 1370 extensum
953 1353 990 1369 „

316 1389 576 1457 'Scriptores
607 1389 736 1454 hujus
762 1392 1252 1461 Provinciaeinquirere
1267 1430 1284 1453 ,
1314 1395 1548 1465 negotium
1583 1410 1672 1442 non
1688 1389 1750 1440 est
1764 1426 1780 1449 ,
1816 1403 1917 1440 tum
1935 1425 1951 1448 ,
1986 1386 2110 1455 quod
2136 1387 2206 1435 Bi-

187 1453 411 1507 bliotheca
438 1457 651 1526 praeditsta
673 1478 752 1509 eos
779 1476 991 1525 annotet,
1028 1477 1127 1516 tum
1146 1499 1162 1522 ,
1198 1463 1324 1532 quod
1351 1481 1487 1534 opera
1508 1464 1730 1518 Ludo‘vici
1747 1457 1969 1512 Francisci
1988 1464 2211 1528 Argento-

187 1526 349 1598 menfia
362 1563 378 1586 ,
404 1526 494 1596 ipsa
508 1529 566 1579 ad
581 1528 764 1580 diversae
782 1532 946 1601 linguae
960 1529 1330 1597 consue-tudinem
1347 1534 1575 1597 tradustio
1599 1534 1808 1597 omnium
1839 1527 2044 1581 manibus
2066 1525 2224 1594 reddi-⁴

185 1596 304 1646 derit
326 1594 618 1648 ‘communia‘⁸
658 1598 892 1650 Infelicem
915 1600 956 1651 se
976 1602 1151 1653 censeat
1168 1640 1184 1662 ,
1220 1608 1297 1672 qui
1319 1596 1456 1655 libros
1487 1609 1562 1654 Fr.
1579 1597 1810 1654 Zacharia:
1837 1596 2121 1662 Lexovienfis
2142 1594 2225 1645 sui

185 1667 268 1733 pra
285 1670 531 1731 enuntiati,
562 1671 772 1738 politiore
798 1670 1001 1721 sermone
1027 1675 1174 1723 cultos
1206 1692 1297 1723 non
1322 1675 1440 1727 vidit
1457 1711 1471 1733 ,
1506 1693 1585 1724 nec
1604 1673 1892 1724 reconditum
1923 1674 1967 1719 in
1999 1670 2051 1717 iis
2073 1668 2210 1716 altio-

185 1737 246 1784 ris
272 1734 492 1804 sapientia:
515 1733 722 1805 spiritum
746 1741 947 1808 gustavit
971 1778 987 1799 ,
1035 1742 1252 1793 sanstiore
1270 1743 1404 1812 ipfius
1425 1745 1641 1794 Auefforis
1671 1743 1768 1792 vitii
1787 1742 2001 1792 unc'tum.

327 1807 500 1874 Videns
517 1811 813 1856 Normannus
835 1813 1032 1874 Populus
1055 1815 1191 1858 Viros
1207 1815 1379 1860 virtute
1405 1813 1646 1876 praeditos,
1677 1810 1934 1875 stupensque
1959 1822 2058 1855 tum
2087 1804 2211 1853 labo-⁵

187 1890 285 1923 rem
299 1908 314 1931 ,
351 1891 446 1940 quo
463 1873 508 1923 &
524 1871 627 1922 fidei
647 1875 887 1941 triumphis
904 1910 919 1932 ‚
954 1875 1264 1926 &animarum
1286 1877 1414 1927 saluti
1431 1878 1722 1932 studuerunt,
1761 1890 1861 1925 tum
1880 1873 2080 1924 fruflum
2096 1908 2111 1930 ,
2128 1875 2205 1938 qui

189 1945 310 1992 illius
323 1941 444 2009 spem
461 1942 596 2011 longe
613 1941 837 2009 superavit
855 1980 869 2001 ,
910 1961 998 1992 non
1033 1943 1176 1995 solum
1195 1946 1409 1995 munifica
1425 1965 1562 1995 manu
1580 1944 1793 1995 beneficia
1811 1947 1856 1993 in
1875 1962 1949 1993 eos
1964 1942 2202 2010 congeffit‚

186 2010 262 2060 sed
279 2009 327 2059 ὅ(
345 2011 540 2076 benigno
559 2012 903 2074 praedilectionis
921 2010 1078 2056 favore
1099 2013 1330 2058 distinxit.
1362 2017 1488 2062 Hinc
1506 2045 1521 2067 ,
1558 2014 1669 2059 dum
1701 2018 1745 2060 V
1749 2015 1919 2058 ernonii
1945 2011 1994 2061 ὃς
2027 2013 2170 2077 Augii
2189 2045 2206 2067 ,

189 2079 265 2127 vel
280 2077 338 2126 de
357 2078 590 2126 Tertiariis
612 2077 686 2123 vel
706 2077 952 2142 Capucinis
971 2075 1233 2125 inducendis
1248 2079 1360 2126 inter
1380 2081 1522 2128 Cives
1538 2078 1755 2147 agebatur
1770 2113 1786 2136 ,
1822 2079 1904 2125 hos
1933 2079 2022 2126 illis
2049 2092 2212 2144 praetu-·

184 2149 361 2198 lerunt:
381 2144 493 2195 dum
513 2143 558 2195 ὅ(
576 2148 728 2194 Patres
750 2147 1017 2195 Poenitentes
1036 2149 1282 2214 nuncupati
1302 2182 1318 2204 ,
1337 2146 1609 2198 fundationis
1626 2147 1780 2198 nostrae
1805 2165 1919 2215 opus
1937 2149 1983 2195 in
2002 2150 2207 2197 Civitate

185 2215 450 2267 Fiscanienfi
468 2215 713 2284 praepedire
729 2216 1026 2266 moliebantur
1042 2252 1057 2276 ,
1093 2217 1258 2267 delufit
1275 2219 1460 2268 illorum
1480 2234 1695 2268 conatum
1712 2220 1900 2269 Civium
1919 2232 2026 2287 erga
2049 2234 2128 2266 nos
2146 2216 2207 2265 af·

184 2285 328 2337 seflus
342 2322 358 2345 ,
388 2285 442 2337 ὅς
456 2286 601 2336 sedem
623 2286 749 2335 nobis
764 2287 971 2337 decrevit
985 2324 998 2337 .
1028 2291 1083 2337 In
1099 2319 1101 2322 >
1116 2286 1329 2338 suburbio
1348 2289 1583 2340 Honflorii
1599 2324 1615 2347 ,
1629 2290 1653 2337 ὲ
1669 2290 1967 2340 S.Catharina
1982 2290 2205 2345 vocitato,

189 2359 380 2427 erigitur
403 2358 590 2425 Capella
624 2361 674 2407 Β.
692 2361 1068 2421 V.Gratiarum·‚
1101 2357 1149 2409 8(
1172 2358 1280 2407 dum
1308 2358 1364 2407 de
1391 2358 1700 2408 conservando
1726 2360 1846 2408 illius
1869 2359 1998 2407 cultu
2011 2360 2172 2425 :agitur
2187 2390 2205 2414 ,

187 2431 399 2478 Fratrum
414 2446 531 2478 cura:
546 2446 598 2478 ex
608 2427 732 2478 dono
743 2427 1035 2480 Sereniffimae
1052 2426 1493 2495 Principiffae,Mariae
1509 2425 1956 2483 Borboniae,Duciffae
1975 2425 2030 2474 de
2049 2429 2205 2474 Mont-

189 2495 360 2565 penfier
377 2498 467 2550 &c-
487 2501 611 2548 Filiae
625 2502 673 2551 P.
694 2498 1053 2571 AngeliJoJosaei
1071 2501 1376 2549 committitur
1393 2533 1405 2545 .
1437 2496 1655 2548 Ecclefias
1672 2500 1863 2567 integras
1877 2496 1953 2545 alii
1979 2495 2091 2545 dum
2114 2511 2203 2549 non

186 2567 413 2620 donarunt
430 2605 445 2628 ,
473 2574 570 2637 jam
583 2567 872 2620 consistentes
889 2571 1080 2621 Tabulis
1092 2606 1106 2627 ,
1145 2568 1192 2618 ἃ
1210 2570 1378 2620 Statuis
1393 2567 1608 2618 ornarunt
1626 2604 1638 2617 .
1676 2565 1956 2633 Rothomagi
1969 2563 2201 2618 Tabulam

183 2639 362 2688 ‘Altaris
379 2641 564 2707 majoris
580 2677 596 2698 ,
632 2659 730 2707 quae
749 2641 917 2691 Christi
936 2641 961 2691 ὃ
979 2646 1131 2692 Cruce
1145 2638 1471 2706 depositionem
1494 2635 1778 2710 repraesentat
1794 2670 1810 2693 ,
1840 2636 1916 2684 alii
1942 2634 2168 2683 mirantur
2183 2667 2200 2690 ,

166 2708 364 2759 -tzumfit
378 2711 593 2778 penicillo
609 2711 797 2760 celebris
814 2711 1001 2762 Pictoris
1018 2711 1074 2760 de
1093 2713 1134 2760 la
1154 2712 1268 2762 Hire
1283 2707 1505 2758 defineata
1523 2745 1538 2766 ,
1576 2710 1652 2758 alii
1668 2705 1910 2763 aestimant,
1928 2721 2033 2753 cum
2050 2700 2104 2756 fit
2117 2706 2203 2751 Ατ-

186 2778 382 2845 chetypa
398 2815 410 2827 .
450 2779 679 2829 Videntur
697 2783 740 2828 in
756 2778 953 2847 eJusdem
971 2777 1173 2831 Ecclefiae
1187 2780 1375 2847 Capella
1391 2813 1407 2836 ‚
1427 2782 1476 2828 S.
1492 2782 1542 2830 P.
1557 2777 1794 2828 Francisco
1809 2775 1972 2831 dicata,
1988 2774 2084 2831 aliae
2100 2772 2200 2833 ὀμεῖ

185 2847 348 2896 tabulae
368 2883 384 2905 ,
418 2867 608 2915 quarum
629 2865 714 2898 una
732 2849 758 2897 a
774 2850 908 2898 latere
921 2849 1132 2909 dextero,
1148 2852 1375 2902 S·Patrem
1395 2863 1598 2899 extrema
1619 2846 1803 2915 suspiria
1832 2857 2043 2913 agentem
2069 2841 2196 2888 exbi-

181 2916 264 2982 -bet
280 2951 298 2975 ‚
310 2918 511 2972 'alterna
526 2915 864 2985 lateres'finistro
887 2918 1100 2981 ,eumdem
1112 2917 1342 2982 *Affifienfi
1355 2971 1358 2974 ,
1373 2921 1419 2968 in
1434 2923 1619 2987 Grypta
1637 2916 1824 2967 stantem
1840 2949 1857 2973 ‚
1895 2911 1942 2967 &
1961 2915 1982 2962 εἶ
2002 2914 2195 2963 Summo

187 2985 408 3036 Pontifice
420 2978 649 3038 visitatum
665 2985 810 3059 fignat
821 3007 836 3050 3
853 2998 1039 3055 utraque
1056 2989 1291 3047 mirabilis,
1305 3007 1409 3038 cum
1426 2984 1905 3054 DominusJonvenet,
1922 2977 2197 3051 Christianiss

191 3053 294 3105 fimi
314 3059 451 3126 Regis
466 3058 611 3125 pistor
627 3093 643 3116 ,
670 3058 854 3109 dextera
871 3060 1178 3126 paralyticus,
1207 3061 1316 3109 laeva
1330 3077 1400 3109 eas
1416 3059 1606 3123 pinxerit
1618 3072 1783 3105 manu.
1863 3081 1867 3084 >
1925 3078 1928 3081 *
2000 3076 2022 3087 ›·
2084 3055 2086 3058 ’
2129 3089 2131 3091 -

325 3129 521 3178 Perenne
539 3127 605 3179 sui
622 3143 726 3197 erga
740 3130 839 3177 Nos
853 3131 1019 3178 amoris
1033 3143 1382 3180 monumentum
1397 3129 1593 3178 Domina
1626 3124 1680 3174 de
1711 3126 1756 3173 la
1787 3126 1971 3189 Pouppe
1988 3120 2188 3171 Cadomi

189 3197 391 3263 reliquit,
409 3198 453 3247 in
471 3197 625 3249 tabula
638 3195 975 3256 ‚adorationem
992 3200 1132 3249 trium
1153 3203 1332 3268 Regum
1348 3199 1655 3263 exprimente,
1678 3211 1790 3243 eum
1816 3209 1886 3242 ars
1898 3191 2088 3242 Claudii
2115 3191 2192 3239 Vi-

191 3268 332 3332 gnoni
367 3268 411 3316 in
430 3285 480 3316 ea
501 3266 770 3336 'consumpta
786 3267 1018 3320 videatur.
1046 3268 1234 3329 Fixit&
1251 3266 1442 3319 benefica
1469 3283 1627 3327 manus
1644 3268 1689 3334 in
1708 3264 1859 3314 Altari
1878 3263 2037 3324 majori
2055 3262 2193 3309 Alen-

191 3336 407 3386 conienfis
427 3337 694 3391 Conv'entfis
713 3337 911 3388 tabulam
922 3339 939 3398 ὲ
974 3347 1072 3407 q'uae
1090 3334 1283 3409 legalem
1298 3341 1421 3387 B.V.
1434 3337 1590 3386 Mariae
1606 3333 1968 3387 purificationem
1991 3349 2043 3379 ac
2056 3330 2189 3379 Chri-

192 3401 245 3451 sti
258 3404 359 3453 Filii
375 3406 652 3458 oblationem
670 3407 910 3461 adumbrat
923 3445 938 3467 ,
964 3407 1012 3460 ὅ(
1028 3411 1072 3457 in
1092 3426 1179 3475 qua
1197 3427 1265 3458 ars
1285 3422 1491 3456 naturam
1507 3401 1784 3455 adumbrasse
1799 3402 2010 3466 videtur.
2034 3401 2190 3475 Claret

196 3476 362 3539 Imago
381 3477 434 3525 B·
454 3480 515 3527 V.
531 3480 722 3536 Mariae',
753 3475 850 3545 quae
866 3480 1107 3531 Mortaniae
1125 3477 1290 3529 dicitur
1306 3513 1322 3535 ‚
1350 3479 1394 3525 in
1415 3473 1607 3525 Ecclesia
1623 3473 1769 3524 nostra
1787 3474 1929 3543 Angli
1947 3506 1963 3528 2
1992 3487 2089 3535 <1¹1ae
2110 3484 2190 3514 le

197 3544 243 3589 in
259 3544 408 3592 Altari
425 3550 592 3608 majore
608 3565 722 3598 anno
745 3557 807 3600 16
811 3567 834 3610 3
843 3566 890 3610 4.
909 3551 1128 3598 collocata
1145 3582 1162 3605 ,
1192 3546 1292 3597 visu
1321 3563 1440 3596 caeco
1474 3544 1580 3593 dato
1596 3580 1611 3603 ‚
1636 3559 1875 3611 perennem
1902 3542 2189 3610 gratiarum...

195 3611 376 3661 fluxum
390 3611 564 3665 devotis
581 3611 823 3687 praesagiit:
838 3616 1058 3687 sculptam
1073 3618 1351 3682 Rothomagi
1370 3616 1628 3682 B.Virginis
1647 3615 1703 3663 de
1719 3613 1917 3663 Sanitate
1932 3607 2059 3656 diffitae
2073 3607 2187 3654 ima·

169 3684 172 3687 ’
193 3685 347 3751 ginem
365 3699 413 3731 ea
432 3685 765 3736 anathematum
781 3691 909 3754 copia
927 3689 1071 3758 cingit
1088 3723 1104 3745 ,
1137 3701 1187 3738 ut
1205 3689 1361 3737 relatio
1374 3687 1618 3750 gratiarum
1633 3719 1647 3741 ,
1674 3700 1783 3750 quas
1803 3693 1959 3727 notant
1972 3712 1988 3735 2
2017 3677 2184 3743 integri

191 3753 436 3820 voluminis
454 3756 689 3804 materiam
710 3757 927 3824 praebeat:
959 3758 1208 3826 plurimum
1226 3758 1337 3805 hanc
1357 3754 1693 3804 commendavit
1708 3750 1882 3818 Regina
1900 3748 2075 3856 Mariad,
2104 3748 2185 3794 Vi·

331 3830 336 3833 ”
2075 3827 2124 3855 ua
