<?xml version="1.0" encoding="UTF-8"?>
<!DOCTYPE html PUBLIC "-//W3C//DTD XHTML 1.0 Transitional//EN"
    "http://www.w3.org/TR/xhtml1/DTD/xhtml1-transitional.dtd">
<html xmlns="http://www.w3.org/1999/xhtml" xml:lang="en" lang="en">
 <head>
  <title>
</title>
<meta http-equiv="Content-Type" content="text/html;charset=utf-8" />
  <meta name='ocr-system' content='tesseract 3.04.00' />
  <meta name='ocr-capabilities' content='ocr_page ocr_carea ocr_par ocr_line ocrx_word'/>
</head>
<body>
  <div class='ocr_page' id='page_1' title='image "./bullariumordinis05cath_0248.png"; bbox 0 0 2592 4094; ppageno 0'>
   <div class='ocr_carea' id='block_1_1' title="bbox 459 181 617 263">
    <p class='ocr_par' dir='ltr' id='par_1_1' title="bbox 459 181 617 263">
     <span class='ocr_line' id='line_1_1' title="bbox 459 181 617 263; baseline 0.019 -3"><span class='ocrx_word' id='word_1_1' title='bbox 459 181 617 263; x_wconf 86' lang='lat'><strong>218</strong></span> 
     </span>
    </p>
   </div>
   <div class='ocr_carea' id='block_1_2' title="bbox 394 314 1362 383">
    <p class='ocr_par' dir='ltr' id='par_1_2' title="bbox 394 314 1362 383">
     <span class='ocr_line' id='line_1_2' title="bbox 394 314 1362 383; baseline -0.019 -13"><span class='ocrx_word' id='word_1_2' title='bbox 394 326 624 383; x_wconf 78' lang='lat' dir='ltr'><strong>Apostolica</strong></span> <span class='ocrx_word' id='word_1_3' title='bbox 644 326 882 367; x_wconf 59' lang='lat' dir='ltr'><strong>auctoritate</strong></span> <span class='ocrx_word' id='word_1_4' title='bbox 906 328 1046 359; x_wconf 83' lang='lat' dir='ltr'><strong>tenore</strong></span> <span class='ocrx_word' id='word_1_5' title='bbox 1076 314 1362 369; x_wconf 68' lang='lat' dir='ltr'><strong>praesentium,</strong></span> 
     </span>
    </p>
   </div>
   <div class='ocr_carea' id='block_1_3' title="bbox 393 372 1382 499">
    <p class='ocr_par' dir='ltr' id='par_1_3' title="bbox 393 372 1382 499">
     <span class='ocr_line' id='line_1_3' title="bbox 395 372 1367 435; baseline -0.015 -6"><span class='ocrx_word' id='word_1_6' title='bbox 395 385 675 429; x_wconf 80' lang='lat' dir='ltr'><strong>confirmamus</strong></span> <span class='ocrx_word' id='word_1_7' title='bbox 687 412 700 432; x_wconf 87' lang='lat'><strong>,</strong></span> <span class='ocrx_word' id='word_1_8' title='bbox 717 386 753 424; x_wconf 90' lang='lat'><strong>&amp;</strong></span> <span class='ocrx_word' id='word_1_9' title='bbox 772 377 1036 435; x_wconf 80' lang='lat' dir='ltr'>approbamus</span> <span class='ocrx_word' id='word_1_10' title='bbox 1050 399 1064 422; x_wconf 92' lang='lat'><strong>,</strong></span> <span class='ocrx_word' id='word_1_11' title='bbox 1076 372 1219 428; x_wconf 88' lang='lat' dir='ltr'><strong>illique</strong></span> <span class='ocrx_word' id='word_1_12' title='bbox 1231 374 1367 415; x_wconf 87' lang='lat' dir='ltr'><strong>invio·</strong></span> 
     </span>
     <span class='ocr_line' id='line_1_4' title="bbox 393 430 1382 499; baseline -0.016 -11"><span class='ocrx_word' id='word_1_13' title='bbox 393 445 525 488; x_wconf 83' lang='lat' dir='ltr'><strong>labilis</strong></span> <span class='ocrx_word' id='word_1_14' title='bbox 554 441 790 499; x_wconf 83' lang='lat' dir='ltr'><strong>Apostolicae</strong></span> <span class='ocrx_word' id='word_1_15' title='bbox 817 432 1017 475; x_wconf 86' lang='lat' dir='ltr'><strong>firmitatis</strong></span> <span class='ocrx_word' id='word_1_16' title='bbox 1060 431 1185 473; x_wconf 88' lang='lat' dir='ltr'><strong>robur</strong></span> <span class='ocrx_word' id='word_1_17' title='bbox 1221 430 1382 487; x_wconf 61' lang='lat' dir='ltr'><strong>adjici-¹</strong></span> 
     </span>
    </p>
   </div>
   <div class='ocr_carea' id='block_1_4' title="bbox 350 489 1369 3470">
    <p class='ocr_par' dir='ltr' id='par_1_4' title="bbox 350 489 1369 3296">
     <span class='ocr_line' id='line_1_5' title="bbox 391 489 1363 556; baseline -0.014 -11"><span class='ocrx_word' id='word_1_18' title='bbox 391 517 476 545; x_wconf 87' lang='lat' dir='ltr'><strong>mus</strong></span> <span class='ocrx_word' id='word_1_19' title='bbox 490 515 506 556; x_wconf 82' lang='lat'><em>3</em></span> <span class='ocrx_word' id='word_1_20' title='bbox 523 517 568 544; x_wconf 87' lang='lat' dir='ltr'><strong>ac</strong></span> <span class='ocrx_word' id='word_1_21' title='bbox 587 511 724 542; x_wconf 89' lang='lat' dir='ltr'><strong>omnes</strong></span> <span class='ocrx_word' id='word_1_22' title='bbox 736 520 749 542; x_wconf 69' lang='lat' dir='ltr'><strong>a</strong></span> <span class='ocrx_word' id='word_1_23' title='bbox 764 496 802 534; x_wconf 90' lang='lat'>&amp;</span> <span class='ocrx_word' id='word_1_24' title='bbox 816 490 990 545; x_wconf 84' lang='lat' dir='ltr'><strong>fiugulos</strong></span> <span class='ocrx_word' id='word_1_25' title='bbox 1007 499 1088 532; x_wconf 79' lang='lat' dir='ltr'><strong>tam</strong></span> <span class='ocrx_word' id='word_1_26' title='bbox 1103 489 1199 546; x_wconf 86' lang='lat' dir='ltr'><strong>juris</strong></span> <span class='ocrx_word' id='word_1_27' title='bbox 1215 518 1230 541; x_wconf 89' lang='lat'><strong>,</strong></span> <span class='ocrx_word' id='word_1_28' title='bbox 1245 489 1363 546; x_wconf 67' lang='lat' dir='ltr'><strong>quam</strong></span> 
     </span>
     <span class='ocr_line' id='line_1_6' title="bbox 390 548 1366 606; baseline -0.015 -2"><span class='ocrx_word' id='word_1_29' title='bbox 390 562 481 603; x_wconf 58' lang='lat' dir='ltr'><strong>fasti</strong></span> <span class='ocrx_word' id='word_1_30' title='bbox 510 557 688 602; x_wconf 66' lang='lat' dir='ltr'><strong>defectus</strong></span> <span class='ocrx_word' id='word_1_31' title='bbox 704 581 719 604; x_wconf 88' lang='lat'><strong>,</strong></span> <span class='ocrx_word' id='word_1_32' title='bbox 746 550 770 592; x_wconf 83' lang='lat' dir='ltr'><strong>fi</strong></span> <span class='ocrx_word' id='word_1_33' title='bbox 787 550 852 606; x_wconf 89' lang='lat' dir='ltr'><strong>qui</strong></span> <span class='ocrx_word' id='word_1_34' title='bbox 869 548 1039 604; x_wconf 79' lang='lat' dir='ltr'>desuper</span> <span class='ocrx_word' id='word_1_35' title='bbox 1063 549 1366 591; x_wconf 83' lang='lat' dir='ltr'><strong>intervenerint</strong></span> 
     </span>
     <span class='ocr_line' id='line_1_7' title="bbox 390 607 1366 676; baseline -0.013 -15"><span class='ocrx_word' id='word_1_36' title='bbox 390 615 699 676; x_wconf 88' lang='lat' dir='ltr'><strong>quomodolibet</strong></span> <span class='ocrx_word' id='word_1_37' title='bbox 726 637 741 660; x_wconf 87' lang='lat'><strong>,</strong></span> <span class='ocrx_word' id='word_1_38' title='bbox 770 607 999 663; x_wconf 80' lang='lat' dir='ltr'><strong>supplemus</strong></span> <span class='ocrx_word' id='word_1_39' title='bbox 1028 636 1040 649; x_wconf 92' lang='lat'>.</span> <span class='ocrx_word' id='word_1_40' title='bbox 1082 609 1366 651; x_wconf 88' lang='lat' dir='ltr'><strong>Decernentes</strong></span> 
     </span>
     <span class='ocr_line' id='line_1_8' title="bbox 388 665 1366 722; baseline -0.012 -2"><span class='ocrx_word' id='word_1_41' title='bbox 388 673 678 719; x_wconf 85' lang='lat' dir='ltr'><strong>conceffionem</strong></span> <span class='ocrx_word' id='word_1_42' title='bbox 695 665 918 721; x_wconf 82' lang='lat' dir='ltr'><strong>hujusmodi</strong></span> <span class='ocrx_word' id='word_1_43' title='bbox 937 667 1131 722; x_wconf 78' lang='lat' dir='ltr'><strong>perinde,</strong></span> <span class='ocrx_word' id='word_1_44' title='bbox 1151 681 1196 709; x_wconf 90' lang='lat' dir='ltr'><strong>ac</strong></span> <span class='ocrx_word' id='word_1_45' title='bbox 1225 667 1248 709; x_wconf 85' lang='lat' dir='ltr'>fi</span> <span class='ocrx_word' id='word_1_46' title='bbox 1265 667 1366 709; x_wconf 63' lang='lat' dir='ltr'><strong>illa-2</strong></span> 
     </span>
     <span class='ocr_line' id='line_1_9' title="bbox 388 723 1367 788; baseline -0.008 -14"><span class='ocrx_word' id='word_1_47' title='bbox 388 738 412 778; x_wconf 69' lang='grc' dir='ltr'>ὲ</span> <span class='ocrx_word' id='word_1_48' title='bbox 435 731 632 788; x_wconf 86' lang='lat' dir='ltr'><strong>principio</strong></span> <span class='ocrx_word' id='word_1_49' title='bbox 661 741 754 770; x_wconf 91' lang='lat' dir='ltr'><strong>cum</strong></span> <span class='ocrx_word' id='word_1_50' title='bbox 782 725 1043 781; x_wconf 83' lang='lat' dir='ltr'><strong>beneplacito</strong></span> <span class='ocrx_word' id='word_1_51' title='bbox 1068 724 1294 781; x_wconf 72' lang='lat' dir='ltr'><strong>supradicto</strong></span> <span class='ocrx_word' id='word_1_52' title='bbox 1309 723 1367 766; x_wconf 87' lang='lat' dir='ltr'><strong>fa·</strong></span> 
     </span>
     <span class='ocr_line' id='line_1_10' title="bbox 384 782 1369 842; baseline -0.006 -10"><span class='ocrx_word' id='word_1_53' title='bbox 384 796 443 832; x_wconf 67' lang='lat' dir='ltr'><strong>eta</strong></span> <span class='ocrx_word' id='word_1_54' title='bbox 463 786 587 830; x_wconf 70' lang='lat' dir='ltr'><strong>fuiss&#39;et</strong></span> <span class='ocrx_word' id='word_1_55' title='bbox 603 816 617 838; x_wconf 85' lang='lat'><strong>,</strong></span> <span class='ocrx_word' id='word_1_56' title='bbox 633 785 918 842; x_wconf 74' lang='lat' dir='ltr'><strong>praesentesque</strong></span> <span class='ocrx_word' id='word_1_57' title='bbox 934 784 1087 827; x_wconf 82' lang='lat' dir='ltr'><strong>litteras</strong></span> <span class='ocrx_word' id='word_1_58' title='bbox 1107 784 1257 827; x_wconf 83' lang='lat' dir='ltr'><strong>validas</strong></span> <span class='ocrx_word' id='word_1_59' title='bbox 1274 811 1288 835; x_wconf 94' lang='lat'><strong>,</strong></span> <span class='ocrx_word' id='word_1_60' title='bbox 1301 782 1369 826; x_wconf 91' lang='lat' dir='ltr'><strong>fir-</strong></span> 
     </span>
     <span class='ocr_line' id='line_1_11' title="bbox 382 838 1367 898; baseline -0.004 -9"><span class='ocrx_word' id='word_1_61' title='bbox 382 859 464 890; x_wconf 86' lang='lat' dir='ltr'><strong>mas</strong></span> <span class='ocrx_word' id='word_1_62' title='bbox 478 876 491 898; x_wconf 90' lang='lat'><strong>,</strong></span> <span class='ocrx_word' id='word_1_63' title='bbox 507 848 546 887; x_wconf 90' lang='lat'>&amp;</span> <span class='ocrx_word' id='word_1_64' title='bbox 560 845 742 888; x_wconf 84' lang='lat' dir='ltr'><strong>efficaces</strong></span> <span class='ocrx_word' id='word_1_65' title='bbox 771 843 935 886; x_wconf 80' lang='lat' dir='ltr'><strong>existere</strong></span> <span class='ocrx_word' id='word_1_66' title='bbox 950 872 965 894; x_wconf 90' lang='lat'><strong>,</strong></span> <span class='ocrx_word' id='word_1_67' title='bbox 993 846 1031 885; x_wconf 77' lang='grc' dir='ltr'><strong>δι</strong></span> <span class='ocrx_word' id='word_1_68' title='bbox 1059 838 1146 886; x_wconf 87' lang='lat' dir='ltr'><strong>fore</strong></span> <span class='ocrx_word' id='word_1_69' title='bbox 1161 873 1176 894; x_wconf 95' lang='lat'><strong>,</strong></span> <span class='ocrx_word' id='word_1_70' title='bbox 1205 842 1367 898; x_wconf 87' lang='lat' dir='ltr'><strong>suosque</strong></span> 
     </span>
     <span class='ocr_line' id='line_1_12' title="bbox 382 901 1369 962; baseline -0.005 -14"><span class='ocrx_word' id='word_1_71' title='bbox 382 906 586 962; x_wconf 87' lang='lat' dir='ltr'><strong>plenarios</strong></span> <span class='ocrx_word' id='word_1_72' title='bbox 602 930 617 953; x_wconf 80' lang='lat'><strong>,</strong></span> <span class='ocrx_word' id='word_1_73' title='bbox 632 904 668 946; x_wconf 71' lang='lat'><strong>8:</strong></span> <span class='ocrx_word' id='word_1_74' title='bbox 686 904 866 958; x_wconf 87' lang='lat' dir='ltr'><strong>integros</strong></span> <span class='ocrx_word' id='word_1_75' title='bbox 886 902 1043 945; x_wconf 66' lang='lat' dir='ltr'><strong>effeetus</strong></span> <span class='ocrx_word' id='word_1_76' title='bbox 1058 902 1216 952; x_wconf 82' lang='lat' dir='ltr'><strong>sortiri,</strong></span> <span class='ocrx_word' id='word_1_77' title='bbox 1236 903 1275 943; x_wconf 89' lang='lat'>&amp;</span> <span class='ocrx_word' id='word_1_78' title='bbox 1291 901 1369 943; x_wconf 91' lang='lat' dir='ltr'><strong>ob-</strong></span> 
     </span>
     <span class='ocr_line' id='line_1_13' title="bbox 382 961 1366 1018; baseline -0.006 -11"><span class='ocrx_word' id='word_1_79' title='bbox 382 967 512 1007; x_wconf 87' lang='lat' dir='ltr'><strong>tinere</strong></span> <span class='ocrx_word' id='word_1_80' title='bbox 527 992 541 1016; x_wconf 88' lang='lat'><strong>,</strong></span> <span class='ocrx_word' id='word_1_81' title='bbox 573 977 619 1006; x_wconf 83' lang='lat' dir='ltr'><strong>ac</strong></span> <span class='ocrx_word' id='word_1_82' title='bbox 633 973 849 1018; x_wconf 86' lang='lat' dir='ltr'><strong>propterea</strong></span> <span class='ocrx_word' id='word_1_83' title='bbox 865 989 879 1012; x_wconf 87' lang='lat'><strong>,</strong></span> <span class='ocrx_word' id='word_1_84' title='bbox 895 963 935 1003; x_wconf 78' lang='grc' dir='ltr'><strong>δι</strong></span> <span class='ocrx_word' id='word_1_85' title='bbox 947 961 1044 1004; x_wconf 66' lang='lat' dir='ltr'><strong>alifis</strong></span> <span class='ocrx_word' id='word_1_86' title='bbox 1067 975 1116 1003; x_wconf 84' lang='lat' dir='ltr'><strong>ex</strong></span> <span class='ocrx_word' id='word_1_87' title='bbox 1151 961 1268 1004; x_wconf 86' lang='lat' dir='ltr'><strong>causa</strong></span> <span class='ocrx_word' id='word_1_88' title='bbox 1282 969 1366 1002; x_wconf 83' lang='lat' dir='ltr'><strong>tra-</strong></span> 
     </span>
     <span class='ocr_line' id='line_1_14' title="bbox 381 1015 1364 1075; baseline -0.004 -11"><span class='ocrx_word' id='word_1_89' title='bbox 381 1022 507 1066; x_wconf 64' lang='lat' dir='ltr'><strong>ctatus</strong></span> <span class='ocrx_word' id='word_1_90' title='bbox 529 1021 678 1065; x_wconf 83' lang='lat' dir='ltr'><strong>admiffi</strong></span> <span class='ocrx_word' id='word_1_91' title='bbox 694 1050 709 1071; x_wconf 94' lang='lat'><strong>,</strong></span> <span class='ocrx_word' id='word_1_92' title='bbox 725 1024 761 1064; x_wconf 90' lang='lat'>&amp;</span> <span class='ocrx_word' id='word_1_93' title='bbox 784 1019 999 1063; x_wconf 57' lang='lat' dir='ltr'><strong>consensus</strong></span> <span class='ocrx_word' id='word_1_94' title='bbox 1016 1015 1132 1075; x_wconf 85' lang='lat' dir='ltr'><strong>super</strong></span> <span class='ocrx_word' id='word_1_95' title='bbox 1148 1018 1252 1061; x_wconf 64' lang='lat' dir='ltr'><strong>dicta</strong></span> <span class='ocrx_word' id='word_1_96' title='bbox 1265 1032 1364 1061; x_wconf 86' lang='lat' dir='ltr'><strong>con-</strong></span> 
     </span>
     <span class='ocr_line' id='line_1_15' title="bbox 380 1077 1363 1137; baseline -0.006 -13"><span class='ocrx_word' id='word_1_97' title='bbox 380 1083 551 1124; x_wconf 74' lang='lat' dir='ltr'><strong>cessione</strong></span> <span class='ocrx_word' id='word_1_98' title='bbox 593 1080 756 1137; x_wconf 83' lang='lat' dir='ltr'><strong>praestiti</strong></span> <span class='ocrx_word' id='word_1_99' title='bbox 783 1106 799 1130; x_wconf 91' lang='lat'><strong>,</strong></span> <span class='ocrx_word' id='word_1_100' title='bbox 832 1077 987 1122; x_wconf 88' lang='lat' dir='ltr'><strong>nullum</strong></span> <span class='ocrx_word' id='word_1_101' title='bbox 1015 1078 1108 1123; x_wconf 69' lang='lat' dir='ltr'><strong>dicti</strong></span> <span class='ocrx_word' id='word_1_102' title='bbox 1143 1077 1363 1134; x_wconf 85' lang='lat' dir='ltr'><strong>Hospitalis</strong></span> 
     </span>
     <span class='ocr_line' id='line_1_16' title="bbox 381 1136 1362 1193; baseline -0.007 -8"><span class='ocrx_word' id='word_1_103' title='bbox 381 1145 564 1185; x_wconf 79' lang='lat' dir='ltr'><strong>Fratrem</strong></span> <span class='ocrx_word' id='word_1_104' title='bbox 581 1140 784 1188; x_wconf 86' lang='lat' dir='ltr'><strong>militem,</strong></span> <span class='ocrx_word' id='word_1_105' title='bbox 798 1151 846 1180; x_wconf 90' lang='lat' dir='ltr'><strong>ex</strong></span> <span class='ocrx_word' id='word_1_106' title='bbox 871 1137 934 1188; x_wconf 87' lang='lat' dir='ltr'><strong>iis,</strong></span> <span class='ocrx_word' id='word_1_107' title='bbox 950 1137 1017 1193; x_wconf 92' lang='lat' dir='ltr'><strong>qui</strong></span> <span class='ocrx_word' id='word_1_108' title='bbox 1032 1138 1138 1180; x_wconf 70' lang='lat' dir='ltr'><strong>dicio</strong></span> <span class='ocrx_word' id='word_1_109' title='bbox 1165 1136 1362 1191; x_wconf 77' lang='lat' dir='ltr'><strong>Capitulo</strong></span> 
     </span>
     <span class='ocr_line' id='line_1_17' title="bbox 383 1195 1361 1245; baseline -0.005 -3"><span class='ocrx_word' id='word_1_110' title='bbox 383 1199 629 1242; x_wconf 82' lang='lat' dir='ltr'><strong>Provinciali</strong></span> <span class='ocrx_word' id='word_1_111' title='bbox 645 1196 919 1240; x_wconf 81' lang='lat' dir='ltr'><strong>interfuerunt</strong></span> <span class='ocrx_word' id='word_1_112' title='bbox 933 1223 947 1245; x_wconf 66' lang='lat' dir='ltr'><strong>a</strong></span> <span class='ocrx_word' id='word_1_113' title='bbox 960 1195 1143 1239; x_wconf 89' lang='lat' dir='ltr'><strong>minusve</strong></span> <span class='ocrx_word' id='word_1_114' title='bbox 1169 1196 1361 1238; x_wconf 60' lang='lat' dir='ltr'><strong>dietum-</strong></span> 
     </span>
     <span class='ocr_line' id='line_1_18' title="bbox 385 1253 1359 1311; baseline -0.008 -9"><span class='ocrx_word' id='word_1_115' title='bbox 385 1257 641 1303; x_wconf 70' lang='lat' dir='ltr'><strong>franciscum</strong></span> <span class='ocrx_word' id='word_1_116' title='bbox 668 1256 754 1300; x_wconf 92' lang='lat' dir='ltr'><strong>ullo</strong></span> <span class='ocrx_word' id='word_1_117' title='bbox 795 1269 966 1311; x_wconf 86' lang='lat' dir='ltr'><strong>unquam</strong></span> <span class='ocrx_word' id='word_1_118' title='bbox 997 1266 1184 1309; x_wconf 88' lang='lat' dir='ltr'><strong>ternpore</strong></span> <span class='ocrx_word' id='word_1_119' title='bbox 1214 1253 1359 1310; x_wconf 83' lang='lat' dir='ltr'><strong>quovis</strong></span> 
     </span>
     <span class='ocr_line' id='line_1_19' title="bbox 377 1310 1359 1370; baseline -0.005 -11"><span class='ocrx_word' id='word_1_120' title='bbox 377 1317 503 1359; x_wconf 89' lang='lat' dir='ltr'><strong>modo</strong></span> <span class='ocrx_word' id='word_1_121' title='bbox 532 1315 734 1359; x_wconf 82' lang='lat' dir='ltr'><strong>molestari</strong></span> <span class='ocrx_word' id='word_1_122' title='bbox 768 1310 902 1370; x_wconf 80' lang='lat' dir='ltr'><strong>poffe,</strong></span> <span class='ocrx_word' id='word_1_123' title='bbox 936 1328 1009 1356; x_wconf 90' lang='lat' dir='ltr'><strong>nec</strong></span> <span class='ocrx_word' id='word_1_124' title='bbox 1035 1313 1211 1368; x_wconf 85' lang='lat' dir='ltr'><strong>intelligi</strong></span> <span class='ocrx_word' id='word_1_125' title='bbox 1235 1312 1359 1355; x_wconf 93' lang='lat' dir='ltr'><strong>debe-</strong></span> 
     </span>
     <span class='ocr_line' id='line_1_20' title="bbox 377 1372 1356 1431; baseline -0.005 -13"><span class='ocrx_word' id='word_1_126' title='bbox 377 1391 423 1419; x_wconf 86' lang='lat' dir='ltr'><strong>re</strong></span> <span class='ocrx_word' id='word_1_127' title='bbox 438 1376 613 1431; x_wconf 88' lang='lat' dir='ltr'><strong>aliquam</strong></span> <span class='ocrx_word' id='word_1_128' title='bbox 633 1373 907 1429; x_wconf 83' lang='lat' dir='ltr'><strong>incapacitatis</strong></span> <span class='ocrx_word' id='word_1_129' title='bbox 921 1399 934 1420; x_wconf 87' lang='lat'><strong>,</strong></span> <span class='ocrx_word' id='word_1_130' title='bbox 956 1383 1021 1414; x_wconf 89' lang='lat' dir='ltr'><strong>aut</strong></span> <span class='ocrx_word' id='word_1_131' title='bbox 1035 1372 1134 1414; x_wconf 86' lang='lat' dir='ltr'><strong>alias</strong></span> <span class='ocrx_word' id='word_1_132' title='bbox 1151 1385 1290 1428; x_wconf 84' lang='lat' dir='ltr'><strong>poenas</strong></span> <span class='ocrx_word' id='word_1_133' title='bbox 1305 1373 1356 1412; x_wconf 86' lang='lat' dir='ltr'><strong>ab</strong></span> 
     </span>
     <span class='ocr_line' id='line_1_21' title="bbox 376 1430 1356 1482; baseline -0.006 -5"><span class='ocrx_word' id='word_1_134' title='bbox 376 1434 522 1478; x_wconf 88' lang='lat' dir='ltr'><strong>eisdem</strong></span> <span class='ocrx_word' id='word_1_135' title='bbox 542 1433 697 1475; x_wconf 87' lang='lat' dir='ltr'><strong>statutis</strong></span> <span class='ocrx_word' id='word_1_136' title='bbox 713 1462 727 1482; x_wconf 96' lang='lat'><strong>,</strong></span> <span class='ocrx_word' id='word_1_137' title='bbox 754 1430 819 1473; x_wconf 90' lang='lat' dir='ltr'><strong>seu</strong></span> <span class='ocrx_word' id='word_1_138' title='bbox 846 1431 1121 1474; x_wconf 86' lang='lat' dir='ltr'><strong>stabilimentis</strong></span> <span class='ocrx_word' id='word_1_139' title='bbox 1135 1459 1150 1481; x_wconf 87' lang='lat'><strong>,</strong></span> <span class='ocrx_word' id='word_1_140' title='bbox 1177 1445 1220 1474; x_wconf 86' lang='lat' dir='ltr'><strong>ac</strong></span> <span class='ocrx_word' id='word_1_141' title='bbox 1238 1430 1356 1474; x_wconf 88' lang='lat' dir='ltr'><strong>ordi-</strong></span> 
     </span>
     <span class='ocr_line' id='line_1_22' title="bbox 378 1488 1355 1548; baseline -0.006 -12"><span class='ocrx_word' id='word_1_142' title='bbox 378 1493 614 1536; x_wconf 83' lang='lat' dir='ltr'><strong>nationibus</strong></span> <span class='ocrx_word' id='word_1_143' title='bbox 641 1489 896 1547; x_wconf 84' lang='lat' dir='ltr'><strong>hujusmodi,</strong></span> <span class='ocrx_word' id='word_1_144' title='bbox 924 1499 990 1532; x_wconf 86' lang='lat' dir='ltr'><strong>aut</strong></span> <span class='ocrx_word' id='word_1_145' title='bbox 1008 1491 1030 1532; x_wconf 70' lang='lat' dir='ltr'><strong>a</strong></span> <span class='ocrx_word' id='word_1_146' title='bbox 1051 1490 1136 1548; x_wconf 89' lang='lat' dir='ltr'><strong>jure</strong></span> <span class='ocrx_word' id='word_1_147' title='bbox 1152 1488 1355 1532; x_wconf 81' lang='lat' dir='ltr'><strong>communi</strong></span> 
     </span>
     <span class='ocr_line' id='line_1_23' title="bbox 376 1546 1355 1599; baseline -0.006 -5"><span class='ocrx_word' id='word_1_148' title='bbox 376 1552 542 1594; x_wconf 59' lang='lat' dir='ltr'><strong>inflictas</strong></span> <span class='ocrx_word' id='word_1_149' title='bbox 557 1548 778 1599; x_wconf 70' lang='lat' dir='ltr'><strong>incurrisse,</strong></span> <span class='ocrx_word' id='word_1_150' title='bbox 797 1563 874 1591; x_wconf 91' lang='lat' dir='ltr'><strong>non</strong></span> <span class='ocrx_word' id='word_1_151' title='bbox 897 1549 1001 1592; x_wconf 90' lang='lat' dir='ltr'><strong>secus</strong></span> <span class='ocrx_word' id='word_1_152' title='bbox 1014 1577 1029 1599; x_wconf 96' lang='lat'><strong>,</strong></span> <span class='ocrx_word' id='word_1_153' title='bbox 1057 1563 1101 1591; x_wconf 86' lang='lat' dir='ltr'><strong>ac</strong></span> <span class='ocrx_word' id='word_1_154' title='bbox 1117 1547 1140 1591; x_wconf 84' lang='lat' dir='ltr'>fi</span> <span class='ocrx_word' id='word_1_155' title='bbox 1153 1546 1355 1591; x_wconf 74' lang='lat' dir='ltr'><strong>concerno</strong></span> 
     </span>
     <span class='ocr_line' id='line_1_24' title="bbox 379 1607 1355 1663; baseline -0.005 -11"><span class='ocrx_word' id='word_1_156' title='bbox 379 1609 472 1652; x_wconf 68' lang='lat' dir='ltr'><strong>snus</strong></span> <span class='ocrx_word' id='word_1_157' title='bbox 485 1635 500 1658; x_wconf 88' lang='lat'><strong>,</strong></span> <span class='ocrx_word' id='word_1_158' title='bbox 527 1609 590 1651; x_wconf 92' lang='lat' dir='ltr'><strong>seu</strong></span> <span class='ocrx_word' id='word_1_159' title='bbox 619 1608 776 1650; x_wconf 85' lang='lat' dir='ltr'><strong>terreni</strong></span> <span class='ocrx_word' id='word_1_160' title='bbox 801 1608 966 1663; x_wconf 83' lang='lat' dir='ltr'><strong>praesata</strong></span> <span class='ocrx_word' id='word_1_161' title='bbox 983 1620 1074 1649; x_wconf 90' lang='lat' dir='ltr'><strong>cum</strong></span> <span class='ocrx_word' id='word_1_162' title='bbox 1089 1607 1271 1649; x_wconf 89' lang='lat' dir='ltr'><strong>omnibus</strong></span> <span class='ocrx_word' id='word_1_163' title='bbox 1285 1633 1298 1655; x_wconf 71' lang='lat' dir='ltr'><strong>a</strong></span> <span class='ocrx_word' id='word_1_164' title='bbox 1315 1607 1355 1647; x_wconf 76' lang='grc' dir='ltr'><strong>ὅτ.</strong></span> 
     </span>
     <span class='ocr_line' id='line_1_25' title="bbox 372 1665 1353 1721; baseline -0.001 -12"><span class='ocrx_word' id='word_1_165' title='bbox 372 1667 533 1721; x_wconf 81' lang='lat' dir='ltr'><strong>fiogulis</strong></span> <span class='ocrx_word' id='word_1_166' title='bbox 559 1666 905 1717; x_wconf 83' lang='lat' dir='ltr'><strong>solemnitatibus,</strong></span> <span class='ocrx_word' id='word_1_167' title='bbox 927 1665 1179 1709; x_wconf 80' lang='lat' dir='ltr'><strong>consensibus</strong></span> <span class='ocrx_word' id='word_1_168' title='bbox 1195 1693 1208 1715; x_wconf 88' lang='lat'><strong>,</strong></span> <span class='ocrx_word' id='word_1_169' title='bbox 1225 1667 1261 1707; x_wconf 74' lang='grc' dir='ltr'><strong>δι</strong></span> <span class='ocrx_word' id='word_1_170' title='bbox 1284 1679 1353 1708; x_wconf 88' lang='lat' dir='ltr'><strong>re-</strong></span> 
     </span>
     <span class='ocr_line' id='line_1_26' title="bbox 370 1723 1353 1780; baseline -0.003 -13"><span class='ocrx_word' id='word_1_171' title='bbox 370 1724 524 1780; x_wconf 86' lang='lat' dir='ltr'><strong>quifitis</strong></span> <span class='ocrx_word' id='word_1_172' title='bbox 541 1723 902 1779; x_wconf 80' lang='lat' dir='ltr'><strong>neceffariis,juxta</strong></span> <span class='ocrx_word' id='word_1_173' title='bbox 917 1725 1213 1778; x_wconf 78' lang='lat' dir='ltr'><strong>dispositionem</strong></span> <span class='ocrx_word' id='word_1_174' title='bbox 1230 1734 1353 1765; x_wconf 66' lang='lat' dir='ltr'><strong>tam.»</strong></span> 
     </span>
     <span class='ocr_line' id='line_1_27' title="bbox 369 1781 1350 1838; baseline -0.003 -15"><span class='ocrx_word' id='word_1_175' title='bbox 369 1782 487 1837; x_wconf 86' lang='lat' dir='ltr'><strong>ipfius</strong></span> <span class='ocrx_word' id='word_1_176' title='bbox 515 1781 614 1838; x_wconf 86' lang='lat' dir='ltr'><strong>juris</strong></span> <span class='ocrx_word' id='word_1_177' title='bbox 640 1782 892 1832; x_wconf 88' lang='lat' dir='ltr'><strong>communis,</strong></span> <span class='ocrx_word' id='word_1_178' title='bbox 917 1782 1036 1836; x_wconf 70' lang='lat' dir='ltr'><strong>quam</strong></span> <span class='ocrx_word' id='word_1_179' title='bbox 1058 1781 1350 1823; x_wconf 86' lang='lat' dir='ltr'><strong>stabilimento-</strong></span> 
     </span>
     <span class='ocr_line' id='line_1_28' title="bbox 370 1835 1345 1892; baseline -0.006 -9"><span class='ocrx_word' id='word_1_180' title='bbox 370 1853 461 1883; x_wconf 87' lang='lat' dir='ltr'><strong>rum</strong></span> <span class='ocrx_word' id='word_1_181' title='bbox 474 1868 487 1892; x_wconf 87' lang='lat'><strong>,</strong></span> <span class='ocrx_word' id='word_1_182' title='bbox 512 1841 552 1880; x_wconf 72' lang='grc' dir='ltr'><strong>δι</strong></span> <span class='ocrx_word' id='word_1_183' title='bbox 565 1838 867 1881; x_wconf 86' lang='lat' dir='ltr'><strong>ordinationum</strong></span> <span class='ocrx_word' id='word_1_184' title='bbox 883 1836 1119 1880; x_wconf 85' lang='lat' dir='ltr'><strong>earumdem</strong></span> <span class='ocrx_word' id='word_1_185' title='bbox 1143 1838 1241 1880; x_wconf 65' lang='lat' dir='ltr'><strong>faeta</strong></span> <span class='ocrx_word' id='word_1_186' title='bbox 1253 1835 1345 1877; x_wconf 90' lang='lat' dir='ltr'><strong>fuis·</strong></span> 
     </span>
     <span class='ocr_line' id='line_1_29' title="bbox 368 1895 1350 1954; baseline -0.007 -11"><span class='ocrx_word' id='word_1_187' title='bbox 368 1901 426 1943; x_wconf 92' lang='lat' dir='ltr'><strong>set</strong></span> <span class='ocrx_word' id='word_1_188' title='bbox 449 1912 464 1951; x_wconf 86' lang='lat'><strong>·,</strong></span> <span class='ocrx_word' id='word_1_189' title='bbox 492 1896 621 1954; x_wconf 84' lang='lat' dir='ltr'><strong>licque</strong></span> <span class='ocrx_word' id='word_1_190' title='bbox 663 1900 700 1941; x_wconf 91' lang='lat'>&amp;</span> <span class='ocrx_word' id='word_1_191' title='bbox 722 1909 806 1939; x_wconf 88' lang='lat' dir='ltr'><strong>non</strong></span> <span class='ocrx_word' id='word_1_192' title='bbox 835 1897 954 1938; x_wconf 86' lang='lat' dir='ltr'><strong>aliter</strong></span> <span class='ocrx_word' id='word_1_193' title='bbox 983 1895 1022 1936; x_wconf 89' lang='lat' dir='ltr'><strong>in</strong></span> <span class='ocrx_word' id='word_1_194' title='bbox 1045 1895 1245 1950; x_wconf 85' lang='lat' dir='ltr'><strong>praemiffis</strong></span> <span class='ocrx_word' id='word_1_195' title='bbox 1279 1908 1350 1950; x_wconf 89' lang='lat' dir='ltr'><strong>per</strong></span> 
     </span>
     <span class='ocr_line' id='line_1_30' title="bbox 365 1954 1353 2015; baseline -0.003 -15"><span class='ocrx_word' id='word_1_196' title='bbox 365 1958 633 2015; x_wconf 86' lang='lat' dir='ltr'><strong>quoscumque</strong></span> <span class='ocrx_word' id='word_1_197' title='bbox 651 1957 816 2014; x_wconf 87' lang='lat' dir='ltr'><strong>Judices</strong></span> <span class='ocrx_word' id='word_1_198' title='bbox 841 1955 1066 1998; x_wconf 88' lang='lat' dir='ltr'><strong>ordinarios</strong></span> <span class='ocrx_word' id='word_1_199' title='bbox 1091 1983 1107 2005; x_wconf 92' lang='lat'><strong>,</strong></span> <span class='ocrx_word' id='word_1_200' title='bbox 1132 1956 1171 1996; x_wconf 88' lang='lat'>&amp;</span> <span class='ocrx_word' id='word_1_201' title='bbox 1187 1954 1353 2009; x_wconf 81' lang='lat' dir='ltr'><strong>delega-</strong></span> 
     </span>
     <span class='ocr_line' id='line_1_31' title="bbox 369 2013 1350 2068; baseline -0.006 -8"><span class='ocrx_word' id='word_1_202' title='bbox 369 2029 435 2060; x_wconf 87' lang='lat' dir='ltr'><strong>tos</strong></span> <span class='ocrx_word' id='word_1_203' title='bbox 449 2045 462 2068; x_wconf 83' lang='lat'>‚</span> <span class='ocrx_word' id='word_1_204' title='bbox 477 2017 598 2058; x_wconf 82' lang='lat' dir='ltr'><strong>etiam</strong></span> <span class='ocrx_word' id='word_1_205' title='bbox 616 2016 822 2058; x_wconf 86' lang='lat' dir='ltr'><strong>causarum</strong></span> <span class='ocrx_word' id='word_1_206' title='bbox 841 2014 985 2058; x_wconf 83' lang='lat' dir='ltr'><strong>Palatii</strong></span> <span class='ocrx_word' id='word_1_207' title='bbox 1015 2013 1239 2066; x_wconf 75' lang='lat' dir='ltr'><strong>Apostolici</strong></span> <span class='ocrx_word' id='word_1_208' title='bbox 1270 2018 1350 2054; x_wconf 79' lang='lat' dir='ltr'><strong>Au·</strong></span> 
     </span>
     <span class='ocr_line' id='line_1_32' title="bbox 369 2070 1354 2128; baseline -0.006 -14"><span class='ocrx_word' id='word_1_209' title='bbox 369 2076 547 2128; x_wconf 81' lang='lat' dir='ltr'><strong>ditores,</strong></span> <span class='ocrx_word' id='word_1_210' title='bbox 559 2088 632 2115; x_wconf 89' lang='lat' dir='ltr'><strong>nec</strong></span> <span class='ocrx_word' id='word_1_211' title='bbox 649 2088 728 2114; x_wconf 89' lang='lat' dir='ltr'><strong>non</strong></span> <span class='ocrx_word' id='word_1_212' title='bbox 745 2074 870 2125; x_wconf 88' lang='lat' dir='ltr'><strong>ipsum</strong></span> <span class='ocrx_word' id='word_1_213' title='bbox 887 2077 1079 2124; x_wconf 78' lang='lat' dir='ltr'><strong>Magnum</strong></span> <span class='ocrx_word' id='word_1_214' title='bbox 1099 2070 1354 2120; x_wconf 75' lang='lat' dir='ltr'><strong>Magistrum,</strong></span> 
     </span>
     <span class='ocr_line' id='line_1_33' title="bbox 368 2124 1353 2180; baseline -0.007 -8"><span class='ocrx_word' id='word_1_215' title='bbox 368 2133 408 2172; x_wconf 84' lang='lat'>&amp;</span> <span class='ocrx_word' id='word_1_216' title='bbox 427 2135 692 2172; x_wconf 84' lang='lat' dir='ltr'><strong>Conventum</strong></span> <span class='ocrx_word' id='word_1_217' title='bbox 721 2127 814 2168; x_wconf 68' lang='lat' dir='ltr'><strong>dieti</strong></span> <span class='ocrx_word' id='word_1_218' title='bbox 846 2126 1068 2180; x_wconf 82' lang='lat' dir='ltr'><strong>Hospitalis</strong></span> <span class='ocrx_word' id='word_1_219' title='bbox 1092 2124 1260 2179; x_wconf 86' lang='lat' dir='ltr'><strong>judicari</strong></span> <span class='ocrx_word' id='word_1_220' title='bbox 1282 2125 1353 2172; x_wconf 79' lang='lat'><strong>,&amp;</strong></span> 
     </span>
     <span class='ocr_line' id='line_1_34' title="bbox 361 2178 1346 2235; baseline -0.008 -5"><span class='ocrx_word' id='word_1_221' title='bbox 361 2187 523 2231; x_wconf 83' lang='lat' dir='ltr'><strong>definiri</strong></span> <span class='ocrx_word' id='word_1_222' title='bbox 539 2188 713 2235; x_wconf 81' lang='lat' dir='ltr'><strong>debere,</strong></span> <span class='ocrx_word' id='word_1_223' title='bbox 743 2199 788 2227; x_wconf 89' lang='lat' dir='ltr'><strong>ac</strong></span> <span class='ocrx_word' id='word_1_224' title='bbox 804 2185 989 2233; x_wconf 76' lang='lat' dir='ltr'><strong>irritum,</strong></span> <span class='ocrx_word' id='word_1_225' title='bbox 1013 2183 1049 2223; x_wconf 65' lang='lat'><strong>81</strong></span> <span class='ocrx_word' id='word_1_226' title='bbox 1071 2183 1217 2232; x_wconf 83' lang='lat' dir='ltr'><strong>inane,</strong></span> <span class='ocrx_word' id='word_1_227' title='bbox 1246 2181 1270 2223; x_wconf 78' lang='lat' dir='ltr'><strong>si</strong></span> <span class='ocrx_word' id='word_1_228' title='bbox 1288 2178 1346 2222; x_wconf 91' lang='lat' dir='ltr'><strong>se-</strong></span> 
     </span>
     <span class='ocr_line' id='line_1_35' title="bbox 361 2241 1347 2301; baseline -0.007 -12"><span class='ocrx_word' id='word_1_229' title='bbox 361 2261 431 2289; x_wconf 87' lang='lat' dir='ltr'><strong>cus</strong></span> <span class='ocrx_word' id='word_1_230' title='bbox 447 2248 561 2301; x_wconf 90' lang='lat' dir='ltr'><strong>super</strong></span> <span class='ocrx_word' id='word_1_231' title='bbox 587 2245 648 2287; x_wconf 88' lang='lat' dir='ltr'><strong>his</strong></span> <span class='ocrx_word' id='word_1_232' title='bbox 664 2246 684 2286; x_wconf 75' lang='grc' dir='ltr'><strong>ἐι</strong></span> <span class='ocrx_word' id='word_1_233' title='bbox 699 2257 921 2298; x_wconf 82' lang='lat' dir='ltr'><strong>quoquam,</strong></span> <span class='ocrx_word' id='word_1_234' title='bbox 941 2241 1080 2297; x_wconf 87' lang='lat' dir='ltr'><strong>quavis</strong></span> <span class='ocrx_word' id='word_1_235' title='bbox 1108 2241 1347 2283; x_wconf 56' lang='lat' dir='ltr'><strong>austeritate</strong></span> 
     </span>
     <span class='ocr_line' id='line_1_36' title="bbox 358 2299 1349 2359; baseline -0.008 -11"><span class='ocrx_word' id='word_1_236' title='bbox 358 2305 534 2348; x_wconf 86' lang='lat' dir='ltr'><strong>scienter</strong></span> <span class='ocrx_word' id='word_1_237' title='bbox 555 2333 570 2355; x_wconf 93' lang='lat'><strong>,</strong></span> <span class='ocrx_word' id='word_1_238' title='bbox 598 2304 658 2345; x_wconf 88' lang='lat' dir='ltr'><strong>vel</strong></span> <span class='ocrx_word' id='word_1_239' title='bbox 678 2304 907 2359; x_wconf 78' lang='lat' dir='ltr'><strong>ignoranter</strong></span> <span class='ocrx_word' id='word_1_240' title='bbox 929 2299 1147 2354; x_wconf 86' lang='lat' dir='ltr'><strong>contigerit</strong></span> <span class='ocrx_word' id='word_1_241' title='bbox 1167 2310 1349 2341; x_wconf 85' lang='lat' dir='ltr'><strong>attenta-</strong></span> 
     </span>
     <span class='ocr_line' id='line_1_37' title="bbox 359 2359 1346 2407; baseline -0.007 -1"><span class='ocrx_word' id='word_1_242' title='bbox 359 2365 422 2406; x_wconf 84' lang='lat' dir='ltr'><strong>ri.</strong></span> <span class='ocrx_word' id='word_1_243' title='bbox 438 2369 528 2407; x_wconf 89' lang='lat' dir='ltr'><strong>Non</strong></span> <span class='ocrx_word' id='word_1_244' title='bbox 553 2361 800 2404; x_wconf 75' lang='lat' dir='ltr'><strong>obstantibus</strong></span> <span class='ocrx_word' id='word_1_245' title='bbox 817 2359 1198 2406; x_wconf 77' lang='lat' dir='ltr'><strong>Constitutionibus,</strong></span> <span class='ocrx_word' id='word_1_246' title='bbox 1213 2359 1252 2399; x_wconf 88' lang='lat'>&amp;</span> <span class='ocrx_word' id='word_1_247' title='bbox 1267 2360 1346 2399; x_wconf 92' lang='lat' dir='ltr'><strong>Or-</strong></span> 
     </span>
     <span class='ocr_line' id='line_1_38' title="bbox 358 2411 1346 2471; baseline -0.007 -7"><span class='ocrx_word' id='word_1_248' title='bbox 358 2420 635 2464; x_wconf 86' lang='lat' dir='ltr'><strong>dinationibus</strong></span> <span class='ocrx_word' id='word_1_249' title='bbox 655 2417 961 2471; x_wconf 81' lang='lat' dir='ltr'><strong>Apostolicis,ac</strong></span> <span class='ocrx_word' id='word_1_250' title='bbox 976 2415 1090 2470; x_wconf 79' lang='lat' dir='ltr'><strong>iplius</strong></span> <span class='ocrx_word' id='word_1_251' title='bbox 1106 2411 1346 2471; x_wconf 81' lang='lat' dir='ltr'><strong>Hospitalis,</strong></span> 
     </span>
     <span class='ocr_line' id='line_1_39' title="bbox 358 2473 1345 2533; baseline -0.009 -10"><span class='ocrx_word' id='word_1_252' title='bbox 358 2482 398 2522; x_wconf 72' lang='grc' dir='ltr'><strong>δε</strong></span> <span class='ocrx_word' id='word_1_253' title='bbox 414 2475 837 2533; x_wconf 70' lang='lat' dir='ltr'><strong>Ordinis&#39;hujusmodi,</strong></span> <span class='ocrx_word' id='word_1_254' title='bbox 852 2476 974 2517; x_wconf 88' lang='lat' dir='ltr'><strong>etiam</strong></span> <span class='ocrx_word' id='word_1_255' title='bbox 988 2473 1345 2529; x_wconf 84' lang='lat' dir='ltr'><strong>juramento,con-</strong></span> 
     </span>
     <span class='ocr_line' id='line_1_40' title="bbox 358 2531 1343 2590; baseline -0.005 -9"><span class='ocrx_word' id='word_1_256' title='bbox 358 2538 590 2581; x_wconf 79' lang='lat' dir='ltr'><strong>firmatione</strong></span> <span class='ocrx_word' id='word_1_257' title='bbox 608 2534 862 2590; x_wconf 87' lang='lat' dir='ltr'><strong>Apostolica,</strong></span> <span class='ocrx_word' id='word_1_258' title='bbox 890 2531 953 2574; x_wconf 91' lang='lat' dir='ltr'><strong>vel</strong></span> <span class='ocrx_word' id='word_1_259' title='bbox 981 2534 1120 2588; x_wconf 84' lang='lat' dir='ltr'><strong>quavis</strong></span> <span class='ocrx_word' id='word_1_260' title='bbox 1150 2532 1343 2576; x_wconf 86' lang='lat' dir='ltr'><strong>firmitate</strong></span> 
     </span>
     <span class='ocr_line' id='line_1_41' title="bbox 358 2591 1344 2644; baseline -0.005 -4"><span class='ocrx_word' id='word_1_261' title='bbox 358 2598 437 2639; x_wconf 83' lang='lat' dir='ltr'><strong>alia</strong></span> <span class='ocrx_word' id='word_1_262' title='bbox 465 2596 663 2638; x_wconf 85' lang='lat' dir='ltr'><strong>roboratis</strong></span> <span class='ocrx_word' id='word_1_263' title='bbox 690 2593 872 2644; x_wconf 79' lang='lat' dir='ltr'><strong>statutis,</strong></span> <span class='ocrx_word' id='word_1_264' title='bbox 891 2593 931 2633; x_wconf 78' lang='grc' dir='ltr'><strong>δι</strong></span> <span class='ocrx_word' id='word_1_265' title='bbox 955 2591 1311 2635; x_wconf 88' lang='lat' dir='ltr'><strong>consuetudinibus</strong></span> <span class='ocrx_word' id='word_1_266' title='bbox 1327 2622 1344 2644; x_wconf 91' lang='lat'><strong>,</strong></span> 
     </span>
     <span class='ocr_line' id='line_1_42' title="bbox 361 2650 1343 2704; baseline -0.005 -6"><span class='ocrx_word' id='word_1_267' title='bbox 361 2653 645 2698; x_wconf 83' lang='lat' dir='ltr'><strong>stabilimentis</strong></span> <span class='ocrx_word' id='word_1_268' title='bbox 661 2681 675 2704; x_wconf 90' lang='lat'><strong>,</strong></span> <span class='ocrx_word' id='word_1_269' title='bbox 688 2652 817 2695; x_wconf 85' lang='lat' dir='ltr'><strong>ufibus</strong></span> <span class='ocrx_word' id='word_1_270' title='bbox 830 2676 843 2698; x_wconf 83' lang='grc'>,</span> <span class='ocrx_word' id='word_1_271' title='bbox 857 2652 1087 2698; x_wconf 79' lang='lat' dir='ltr'><strong>&amp;naturis,</strong></span> <span class='ocrx_word' id='word_1_272' title='bbox 1114 2666 1158 2693; x_wconf 93' lang='lat' dir='ltr'><strong>ac</strong></span> <span class='ocrx_word' id='word_1_273' title='bbox 1172 2650 1343 2693; x_wconf 88' lang='lat' dir='ltr'><strong>Ordini-</strong></span> 
     </span>
     <span class='ocr_line' id='line_1_43' title="bbox 360 2709 1343 2768; baseline -0.004 -12"><span class='ocrx_word' id='word_1_274' title='bbox 360 2715 431 2756; x_wconf 89' lang='lat' dir='ltr'><strong>bus</strong></span> <span class='ocrx_word' id='word_1_275' title='bbox 460 2713 655 2768; x_wconf 70' lang='lat' dir='ltr'><strong>praedietis</strong></span> <span class='ocrx_word' id='word_1_276' title='bbox 684 2709 902 2765; x_wconf 63' lang='lat' dir='ltr'><strong>respective</strong></span> <span class='ocrx_word' id='word_1_277' title='bbox 920 2736 934 2759; x_wconf 91' lang='lat'><strong>,</strong></span> <span class='ocrx_word' id='word_1_278' title='bbox 950 2709 1170 2765; x_wconf 86' lang='lat' dir='ltr'><strong>privilegiis</strong></span> <span class='ocrx_word' id='word_1_279' title='bbox 1186 2723 1343 2765; x_wconf 88' lang='lat' dir='ltr'><strong>quoque</strong></span> 
     </span>
     <span class='ocr_line' id='line_1_44' title="bbox 356 2767 1342 2822; baseline -0.004 -7"><span class='ocrx_word' id='word_1_280' title='bbox 356 2772 526 2815; x_wconf 88' lang='lat' dir='ltr'><strong>indultis</strong></span> <span class='ocrx_word' id='word_1_281' title='bbox 539 2799 553 2822; x_wconf 92' lang='lat'><strong>,</strong></span> <span class='ocrx_word' id='word_1_282' title='bbox 567 2770 767 2813; x_wconf 82' lang='lat' dir='ltr'><strong>&amp;litteris</strong></span> <span class='ocrx_word' id='word_1_283' title='bbox 782 2767 1020 2822; x_wconf 83' lang='lat' dir='ltr'><strong>Apostolicis</strong></span> <span class='ocrx_word' id='word_1_284' title='bbox 1037 2769 1074 2810; x_wconf 91' lang='lat' dir='ltr'><strong>in</strong></span> <span class='ocrx_word' id='word_1_285' title='bbox 1092 2770 1342 2811; x_wconf 87' lang='lat' dir='ltr'><strong>contrarium</strong></span> 
     </span>
     <span class='ocr_line' id='line_1_45' title="bbox 351 2826 1341 2888; baseline -0.004 -15"><span class='ocrx_word' id='word_1_286' title='bbox 351 2828 633 2888; x_wconf 67' lang='lat' dir='ltr'><strong>praemissorum</strong></span> <span class='ocrx_word' id='word_1_287' title='bbox 648 2826 954 2885; x_wconf 86' lang='lat' dir='ltr'><strong>quomodolibet</strong></span> <span class='ocrx_word' id='word_1_288' title='bbox 968 2827 1157 2871; x_wconf 75' lang='lat' dir='ltr'><strong>concessis</strong></span> <span class='ocrx_word' id='word_1_289' title='bbox 1171 2857 1184 2878; x_wconf 89' lang='lat'><strong>,</strong></span> <span class='ocrx_word' id='word_1_290' title='bbox 1195 2826 1341 2869; x_wconf 83' lang='lat' dir='ltr'><strong>confir-</strong></span> 
     </span>
     <span class='ocr_line' id='line_1_46' title="bbox 355 2886 1341 2944; baseline -0.005 -11"><span class='ocrx_word' id='word_1_291' title='bbox 355 2891 468 2933; x_wconf 86' lang='lat' dir='ltr'><strong>matis</strong></span> <span class='ocrx_word' id='word_1_292' title='bbox 483 2919 496 2939; x_wconf 94' lang='lat'><strong>,</strong></span> <span class='ocrx_word' id='word_1_293' title='bbox 509 2889 763 2930; x_wconf 87' lang='lat' dir='ltr'><strong>&amp;innovatis</strong></span> <span class='ocrx_word' id='word_1_294' title='bbox 776 2915 786 2927; x_wconf 89' lang='lat'><strong>.</strong></span> <span class='ocrx_word' id='word_1_295' title='bbox 802 2887 962 2944; x_wconf 83' lang='lat' dir='ltr'><strong>Qibus</strong></span> <span class='ocrx_word' id='word_1_296' title='bbox 977 2886 1166 2929; x_wconf 91' lang='lat' dir='ltr'><strong>omnibus</strong></span> <span class='ocrx_word' id='word_1_297' title='bbox 1183 2914 1195 2936; x_wconf 87' lang='lat'><strong>,</strong></span> <span class='ocrx_word' id='word_1_298' title='bbox 1213 2887 1253 2926; x_wconf 77' lang='grc' dir='ltr'><strong>δε</strong></span> <span class='ocrx_word' id='word_1_299' title='bbox 1270 2886 1341 2928; x_wconf 86' lang='lat' dir='ltr'><strong>fin-</strong></span> 
     </span>
     <span class='ocr_line' id='line_1_47' title="bbox 352 2944 1337 3003; baseline -0.004 -13"><span class='ocrx_word' id='word_1_300' title='bbox 352 2948 451 3003; x_wconf 81' lang='lat' dir='ltr'><strong>gulis</strong></span> <span class='ocrx_word' id='word_1_301' title='bbox 467 2947 632 2990; x_wconf 87' lang='lat' dir='ltr'><strong>illorum</strong></span> <span class='ocrx_word' id='word_1_302' title='bbox 659 2958 815 2988; x_wconf 86' lang='lat' dir='ltr'><strong>tenores</strong></span> <span class='ocrx_word' id='word_1_303' title='bbox 832 2945 1089 2999; x_wconf 81' lang='lat' dir='ltr'><strong>praesentibus</strong></span> <span class='ocrx_word' id='word_1_304' title='bbox 1112 2959 1186 3002; x_wconf 87' lang='lat' dir='ltr'><strong>pro</strong></span> <span class='ocrx_word' id='word_1_305' title='bbox 1202 2944 1337 2998; x_wconf 77' lang='lat' dir='ltr'><strong>plene,</strong></span> 
     </span>
     <span class='ocr_line' id='line_1_48' title="bbox 353 3003 1334 3059; baseline -0.003 -12"><span class='ocrx_word' id='word_1_306' title='bbox 353 3010 392 3047; x_wconf 90' lang='lat'>&amp;</span> <span class='ocrx_word' id='word_1_307' title='bbox 418 3007 659 3050; x_wconf 88' lang='lat' dir='ltr'><strong>sufficienter</strong></span> <span class='ocrx_word' id='word_1_308' title='bbox 686 3003 870 3059; x_wconf 82' lang='lat' dir='ltr'><strong>expreffis</strong></span> <span class='ocrx_word' id='word_1_309' title='bbox 886 3006 1079 3047; x_wconf 88' lang='lat' dir='ltr'><strong>habentes</strong></span> <span class='ocrx_word' id='word_1_310' title='bbox 1097 3031 1110 3053; x_wconf 87' lang='lat'><strong>,</strong></span> <span class='ocrx_word' id='word_1_311' title='bbox 1127 3003 1206 3046; x_wconf 85' lang='lat' dir='ltr'><strong>illis</strong></span> <span class='ocrx_word' id='word_1_312' title='bbox 1234 3003 1334 3046; x_wconf 75' lang='lat' dir='ltr'><strong>alias</strong></span> 
     </span>
     <span class='ocr_line' id='line_1_49' title="bbox 351 3058 1334 3120; baseline -0.004 -15"><span class='ocrx_word' id='word_1_313' title='bbox 351 3065 390 3105; x_wconf 86' lang='lat' dir='ltr'><strong>in</strong></span> <span class='ocrx_word' id='word_1_314' title='bbox 416 3065 483 3105; x_wconf 84' lang='lat' dir='ltr'><strong>suo</strong></span> <span class='ocrx_word' id='word_1_315' title='bbox 511 3069 660 3108; x_wconf 85' lang='lat' dir='ltr'><strong>robore</strong></span> <span class='ocrx_word' id='word_1_316' title='bbox 674 3062 934 3120; x_wconf 83' lang='lat' dir='ltr'><strong>permansuris</strong></span> <span class='ocrx_word' id='word_1_317' title='bbox 949 3091 963 3113; x_wconf 87' lang='lat'><strong>,</strong></span> <span class='ocrx_word' id='word_1_318' title='bbox 980 3063 1029 3107; x_wconf 89' lang='lat' dir='ltr'><strong>ad</strong></span> <span class='ocrx_word' id='word_1_319' title='bbox 1046 3058 1334 3117; x_wconf 80' lang='lat' dir='ltr'><strong>praemifforum</strong></span> 
     </span>
     <span class='ocr_line' id='line_1_50' title="bbox 351 3119 1332 3177; baseline -0.004 -12"><span class='ocrx_word' id='word_1_320' title='bbox 351 3122 531 3165; x_wconf 63' lang='lat' dir='ltr'><strong>effectum</strong></span> <span class='ocrx_word' id='word_1_321' title='bbox 553 3124 757 3167; x_wconf 74' lang='lat' dir='ltr'><strong>dumtaxat</strong></span> <span class='ocrx_word' id='word_1_322' title='bbox 786 3123 1007 3177; x_wconf 85' lang='lat' dir='ltr'><strong>specialiter</strong></span> <span class='ocrx_word' id='word_1_323' title='bbox 1030 3150 1044 3172; x_wconf 89' lang='lat'><strong>,</strong></span> <span class='ocrx_word' id='word_1_324' title='bbox 1075 3122 1115 3162; x_wconf 75' lang='grc' dir='ltr'><strong>δι</strong></span> <span class='ocrx_word' id='word_1_325' title='bbox 1145 3119 1332 3174; x_wconf 79' lang='lat' dir='ltr'><strong>expresse</strong></span> 
     </span>
     <span class='ocr_line' id='line_1_51' title="bbox 350 3177 1330 3238; baseline -0.005 -14"><span class='ocrx_word' id='word_1_326' title='bbox 350 3181 588 3236; x_wconf 84' lang='lat' dir='ltr'><strong>derogamus</strong></span> <span class='ocrx_word' id='word_1_327' title='bbox 616 3211 630 3234; x_wconf 84' lang='lat'><strong>,</strong></span> <span class='ocrx_word' id='word_1_328' title='bbox 666 3181 899 3238; x_wconf 88' lang='lat' dir='ltr'><strong>caeterisque</strong></span> <span class='ocrx_word' id='word_1_329' title='bbox 928 3180 1138 3224; x_wconf 82' lang='lat' dir='ltr'><strong>contrariis</strong></span> <span class='ocrx_word' id='word_1_330' title='bbox 1171 3177 1330 3234; x_wconf 90' lang='lat' dir='ltr'><strong>quibus-</strong></span> 
     </span>
     <span class='ocr_line' id='line_1_52' title="bbox 350 3254 543 3296; baseline -0.005 -14"><span class='ocrx_word' id='word_1_331' title='bbox 350 3254 543 3296; x_wconf 89' lang='lat' dir='ltr'><strong>cumque.</strong></span> 
     </span>
    </p>

    <p class='ocr_par' dir='ltr' id='par_1_5' title="bbox 351 3299 1327 3470">
     <span class='ocr_line' id='line_1_53' title="bbox 466 3299 1327 3353; baseline -0.003 -14"><span class='ocrx_word' id='word_1_332' title='bbox 466 3302 618 3339; x_wconf 85' lang='lat' dir='ltr'><strong>Datum</strong></span> <span class='ocrx_word' id='word_1_333' title='bbox 641 3301 778 3339; x_wconf 80' lang='lat' dir='ltr'><strong>Romae</strong></span> <span class='ocrx_word' id='word_1_334' title='bbox 803 3300 908 3353; x_wconf 83' lang='lat' dir='ltr'><strong>apud</strong></span> <span class='ocrx_word' id='word_1_335' title='bbox 948 3301 1132 3342; x_wconf 63' lang='lat' dir='ltr'><strong>Sannum</strong></span> <span class='ocrx_word' id='word_1_336' title='bbox 1162 3299 1327 3338; x_wconf 74' lang='lat' dir='ltr'><strong>petrum</strong></span> 
     </span>
     <span class='ocr_line' id='line_1_54' title="bbox 351 3354 1326 3402; baseline -0.005 -3"><span class='ocrx_word' id='word_1_337' title='bbox 351 3357 420 3401; x_wconf 90' lang='lat' dir='ltr'><strong>sub</strong></span> <span class='ocrx_word' id='word_1_338' title='bbox 453 3356 621 3399; x_wconf 92' lang='lat' dir='ltr'><strong>Annulo</strong></span> <span class='ocrx_word' id='word_1_339' title='bbox 637 3358 845 3399; x_wconf 74' lang='lat' dir='ltr'><strong>piscatoris</strong></span> <span class='ocrx_word' id='word_1_340' title='bbox 870 3361 935 3402; x_wconf 91' lang='lat' dir='ltr'><strong>die</strong></span> <span class='ocrx_word' id='word_1_341' title='bbox 960 3372 1033 3401; x_wconf 84' lang='lat' dir='ltr'><strong>xxi</strong></span> <span class='ocrx_word' id='word_1_342' title='bbox 1051 3370 1082 3399; x_wconf 85' lang='grc' dir='ltr'><strong>ι.</strong></span> <span class='ocrx_word' id='word_1_343' title='bbox 1116 3354 1326 3399; x_wconf 80' lang='lat' dir='ltr'><strong>Februarii</strong></span> 
     </span>
     <span class='ocr_line' id='line_1_55' title="bbox 351 3414 1265 3470; baseline -0.007 -10"><span class='ocrx_word' id='word_1_344' title='bbox 351 3428 543 3460; x_wconf 72' lang='lat' dir='ltr'><strong>mncxrv.</strong></span> <span class='ocrx_word' id='word_1_345' title='bbox 573 3414 834 3460; x_wconf 65' lang='lat' dir='ltr'><strong>pontificatus</strong></span> <span class='ocrx_word' id='word_1_346' title='bbox 850 3419 970 3462; x_wconf 84' lang='lat' dir='ltr'><strong>nostri</strong></span> <span class='ocrx_word' id='word_1_347' title='bbox 987 3419 1106 3458; x_wconf 86' lang='lat' dir='ltr'><strong>Anno</strong></span> <span class='ocrx_word' id='word_1_348' title='bbox 1119 3415 1265 3470; x_wconf 89' lang='lat' dir='ltr'><strong>primo.</strong></span> 
     </span>
    </p>
   </div>
   <div class='ocr_carea' id='block_1_5' title="bbox 406 3522 1331 3710">
    <p class='ocr_par' dir='ltr' id='par_1_6' title="bbox 406 3522 1331 3710">
     <span class='ocr_line' id='line_1_56' title="bbox 406 3522 1331 3588; baseline -0.005 -11"><span class='ocrx_word' id='word_1_349' title='bbox 406 3532 639 3588; x_wconf 78' lang='lat' dir='ltr'><strong>Autograph</strong></span> <span class='ocrx_word' id='word_1_350' title='bbox 678 3536 719 3574; x_wconf 85' lang='lat' dir='ltr'><strong>in</strong></span> <span class='ocrx_word' id='word_1_351' title='bbox 746 3537 914 3578; x_wconf 69' lang='lat' dir='ltr'><strong>Archino</strong></span> <span class='ocrx_word' id='word_1_352' title='bbox 943 3522 1089 3578; x_wconf 59' lang='lat' dir='ltr'><strong>sacre).</strong></span> <span class='ocrx_word' id='word_1_353' title='bbox 1106 3530 1331 3572; x_wconf 55' lang='lat' dir='ltr'><strong>Bavium,</strong></span> 
     </span>
     <span class='ocr_line' id='line_1_57' title="bbox 457 3589 1326 3652; baseline -0.002 -20"><span class='ocrx_word' id='word_1_354' title='bbox 457 3592 917 3652; x_wconf 76' lang='lat' dir='ltr'><strong>ApostolicorumRegcsto</strong></span> <span class='ocrx_word' id='word_1_355' title='bbox 931 3594 1100 3652; x_wconf 75' lang='lat' dir='ltr'><strong>mens&amp;</strong></span> <span class='ocrx_word' id='word_1_356' title='bbox 1117 3589 1326 3646; x_wconf 75' lang='lat' dir='ltr'><strong>anniprae-</strong></span> 
     </span>
     <span class='ocr_line' id='line_1_58' title="bbox 460 3649 726 3710; baseline 0.004 -17"><span class='ocrx_word' id='word_1_357' title='bbox 460 3649 726 3710; x_wconf 59' lang='lat' dir='ltr'><strong>diffenfola.</strong></span> 
     </span>
    </p>
   </div>
   <div class='ocr_carea' id='block_1_6' title="bbox 1121 172 1689 256">
    <p class='ocr_par' dir='ltr' id='par_1_7' title="bbox 1121 172 1689 256">
     <span class='ocr_line' id='line_1_59' title="bbox 1121 172 1689 256; baseline 0.009 -6"><span class='ocrx_word' id='word_1_358' title='bbox 1121 172 1689 256; x_wconf 77' lang='lat' dir='ltr'><strong>Provincia</strong></span> 
     </span>
    </p>
   </div>
   <div class='ocr_carea' id='block_1_7' title="bbox 1429 313 2414 874">
    <p class='ocr_par' dir='ltr' id='par_1_8' title="bbox 1429 313 2414 874">
     <span class='ocr_line' id='line_1_60' title="bbox 1429 313 2408 386; baseline -0.003 -20"><span class='ocrx_word' id='word_1_359' title='bbox 1429 317 1684 382; x_wconf 83' lang='lat' dir='ltr'><strong>Antiquam</strong></span> <span class='ocrx_word' id='word_1_360' title='bbox 1712 313 1955 365; x_wconf 74' lang='lat' dir='ltr'><strong>Ecclesiam</strong></span> <span class='ocrx_word' id='word_1_361' title='bbox 1978 333 2086 364; x_wconf 86' lang='lat' dir='ltr'><strong>cum</strong></span> <span class='ocrx_word' id='word_1_362' title='bbox 2121 318 2271 386; x_wconf 84' lang='lat' dir='ltr'><strong>agello</strong></span> <span class='ocrx_word' id='word_1_363' title='bbox 2300 334 2408 365; x_wconf 89' lang='lat' dir='ltr'><strong>con-</strong></span> 
     </span>
     <span class='ocr_line' id='line_1_61' title="bbox 1497 386 2412 455; baseline 0 -20"><span class='ocrx_word' id='word_1_364' title='bbox 1497 390 1630 455; x_wconf 89' lang='lat' dir='ltr'><strong>tiguo</strong></span> <span class='ocrx_word' id='word_1_365' title='bbox 1655 419 1671 442; x_wconf 97' lang='lat'><strong>,</strong></span> <span class='ocrx_word' id='word_1_366' title='bbox 1701 387 1748 434; x_wconf 88' lang='lat' dir='ltr'><strong>in</strong></span> <span class='ocrx_word' id='word_1_367' title='bbox 1772 387 1877 433; x_wconf 85' lang='lat' dir='ltr'><strong>loco</strong></span> <span class='ocrx_word' id='word_1_368' title='bbox 1913 386 1964 431; x_wconf 86' lang='lat' dir='ltr'><strong>B.</strong></span> <span class='ocrx_word' id='word_1_369' title='bbox 1987 387 2059 431; x_wconf 87' lang='grc' dir='ltr'><strong>Μ.</strong></span> <span class='ocrx_word' id='word_1_370' title='bbox 2084 387 2289 454; x_wconf 85' lang='lat' dir='ltr'><strong>Virginis</strong></span> <span class='ocrx_word' id='word_1_371' title='bbox 2324 388 2412 436; x_wconf 63' lang='lat' dir='ltr'><strong>de,</strong></span> 
     </span>
     <span class='ocr_line' id='line_1_62' title="bbox 1499 453 2412 512; baseline 0.001 -6"><span class='ocrx_word' id='word_1_372' title='bbox 1499 459 1697 507; x_wconf 85' lang='lat' dir='ltr'><strong>Oriente</strong></span> <span class='ocrx_word' id='word_1_373' title='bbox 1712 485 1726 512; x_wconf 87' lang='lat'>‚</span> <span class='ocrx_word' id='word_1_374' title='bbox 1751 454 1861 504; x_wconf 63' lang='lat' dir='ltr'><strong>alias</strong></span> <span class='ocrx_word' id='word_1_375' title='bbox 1881 454 1936 502; x_wconf 89' lang='lat' dir='ltr'><strong>ab</strong></span> <span class='ocrx_word' id='word_1_376' title='bbox 1953 453 2187 503; x_wconf 83' lang='lat' dir='ltr'><strong>AEditimis</strong></span> <span class='ocrx_word' id='word_1_377' title='bbox 2202 457 2412 506; x_wconf 80' lang='lat' dir='ltr'><strong>Ecclefiae</strong></span> 
     </span>
     <span class='ocr_line' id='line_1_63' title="bbox 1495 523 2412 590; baseline -0.003 -12"><span class='ocrx_word' id='word_1_378' title='bbox 1495 530 1544 578; x_wconf 88' lang='lat' dir='ltr'><strong>S.</strong></span> <span class='ocrx_word' id='word_1_379' title='bbox 1572 525 1802 578; x_wconf 84' lang='lat' dir='ltr'><strong>Saturnini</strong></span> <span class='ocrx_word' id='word_1_380' title='bbox 1831 523 2178 590; x_wconf 87' lang='lat' dir='ltr'><strong>dependentem,</strong></span> <span class='ocrx_word' id='word_1_381' title='bbox 2198 525 2255 574; x_wconf 87' lang='lat' dir='ltr'><strong>ad</strong></span> <span class='ocrx_word' id='word_1_382' title='bbox 2285 524 2412 576; x_wconf 83' lang='lat' dir='ltr'><strong>favo-</strong></span> 
     </span>
     <span class='ocr_line' id='line_1_64' title="bbox 1494 593 2414 652; baseline 0 -5"><span class='ocrx_word' id='word_1_383' title='bbox 1494 615 1590 647; x_wconf 89' lang='lat' dir='ltr'><strong>rem</strong></span> <span class='ocrx_word' id='word_1_384' title='bbox 1615 601 1829 646; x_wconf 82' lang='lat' dir='ltr'><strong>Fratrum</strong></span> <span class='ocrx_word' id='word_1_385' title='bbox 1854 593 1991 645; x_wconf 91' lang='lat' dir='ltr'><strong>vendi</strong></span> <span class='ocrx_word' id='word_1_386' title='bbox 2021 595 2319 652; x_wconf 81' lang='lat' dir='ltr'><strong>committit,</strong></span> <span class='ocrx_word' id='word_1_387' title='bbox 2353 598 2414 647; x_wconf 80' lang='lat' dir='ltr'><strong>ita</strong></span> 
     </span>
     <span class='ocr_line' id='line_1_65' title="bbox 1495 661 2412 725; baseline -0.004 -8"><span class='ocrx_word' id='word_1_388' title='bbox 1495 681 1719 725; x_wconf 85' lang='lat' dir='ltr'><strong>tamen,ut</strong></span> <span class='ocrx_word' id='word_1_389' title='bbox 1735 679 1918 715; x_wconf 84' lang='lat' dir='ltr'><strong>centurn</strong></span> <span class='ocrx_word' id='word_1_390' title='bbox 1931 661 2058 713; x_wconf 85' lang='lat' dir='ltr'><strong>scuta</strong></span> <span class='ocrx_word' id='word_1_391' title='bbox 2074 679 2265 714; x_wconf 74' lang='lat' dir='ltr'><strong>moneta:</strong></span> <span class='ocrx_word' id='word_1_392' title='bbox 2277 667 2412 714; x_wconf 88' lang='lat' dir='ltr'><strong>Fran-</strong></span> 
     </span>
     <span class='ocr_line' id='line_1_66' title="bbox 1497 733 2410 803; baseline -0.002 -16"><span class='ocrx_word' id='word_1_393' title='bbox 1497 741 1575 789; x_wconf 87' lang='lat' dir='ltr'><strong>ciae</strong></span> <span class='ocrx_word' id='word_1_394' title='bbox 1596 741 1641 786; x_wconf 88' lang='lat' dir='ltr'><strong>in</strong></span> <span class='ocrx_word' id='word_1_395' title='bbox 1657 741 1760 786; x_wconf 89' lang='lat' dir='ltr'><strong>loco</strong></span> <span class='ocrx_word' id='word_1_396' title='bbox 1786 733 1944 784; x_wconf 88' lang='lat' dir='ltr'><strong>securo</strong></span> <span class='ocrx_word' id='word_1_397' title='bbox 1958 734 2016 784; x_wconf 86' lang='lat' dir='ltr'><strong>ad</strong></span> <span class='ocrx_word' id='word_1_398' title='bbox 2033 753 2233 784; x_wconf 86' lang='lat' dir='ltr'><strong>annuum</strong></span> <span class='ocrx_word' id='word_1_399' title='bbox 2256 736 2410 803; x_wconf 88' lang='lat' dir='ltr'><strong>praedi·</strong></span> 
     </span>
     <span class='ocr_line' id='line_1_67' title="bbox 1493 804 2412 874; baseline -0.003 -16"><span class='ocrx_word' id='word_1_400' title='bbox 1493 809 1675 858; x_wconf 68' lang='lat' dir='ltr'><strong>&amp;orum</strong></span> <span class='ocrx_word' id='word_1_401' title='bbox 1702 804 2034 858; x_wconf 85' lang='lat' dir='ltr'><strong>AEditimorum</strong></span> <span class='ocrx_word' id='word_1_402' title='bbox 2061 804 2261 856; x_wconf 65' lang='lat' dir='ltr'><strong>frustum</strong></span> <span class='ocrx_word' id='word_1_403' title='bbox 2276 805 2412 874; x_wconf 87' lang='lat' dir='ltr'><strong>depo-</strong></span> 
     </span>
    </p>
   </div>
   <div class='ocr_carea' id='block_1_8' title="bbox 1423 893 2410 1177">
    <p class='ocr_par' dir='ltr' id='par_1_9' title="bbox 1423 893 2410 1177">
     <span class='ocr_line' id='line_1_68' title="bbox 1495 893 1687 929; baseline -0.01 0"><span class='ocrx_word' id='word_1_404' title='bbox 1495 893 1660 929; x_wconf 86' lang='lat' dir='ltr'><strong>nantur</strong></span> <span class='ocrx_word' id='word_1_405' title='bbox 1675 914 1687 927; x_wconf 90' lang='lat'>.</span> 
     </span>
     <span class='ocr_line' id='line_1_69' title="bbox 1518 1003 2325 1067; baseline -0.009 -14"><span class='ocrx_word' id='word_1_406' title='bbox 1518 1003 1740 1053; x_wconf 79' lang='lat' dir='ltr'><strong>Venerabili</strong></span> <span class='ocrx_word' id='word_1_407' title='bbox 1753 1006 1900 1050; x_wconf 78' lang='lat' dir='ltr'><strong>Fratri</strong></span> <span class='ocrx_word' id='word_1_408' title='bbox 1913 1003 2096 1062; x_wconf 79' lang='lat' dir='ltr'><strong>Ep&#39;ifiopo&#39;</strong></span> <span class='ocrx_word' id='word_1_409' title='bbox 2120 1003 2306 1067; x_wconf 61' lang='lat' dir='ltr'><strong>qurenst</strong></span> <span class='ocrx_word' id='word_1_410' title='bbox 2313 1034 2325 1046; x_wconf 91' lang='lat'>.</span> 
     </span>
     <span class='ocr_line' id='line_1_70' title="bbox 1423 1125 2410 1177; baseline -0.005 0"><span class='ocrx_word' id='word_1_411' title='bbox 1423 1126 1946 1177; x_wconf 85' lang='lat' dir='ltr'>ALEXANDER</span> <span class='ocrx_word' id='word_1_412' title='bbox 1995 1125 2206 1175; x_wconf 90' lang='lat' dir='ltr'>PAPA</span> <span class='ocrx_word' id='word_1_413' title='bbox 2259 1126 2410 1174; x_wconf 83' lang='lat' dir='ltr'><strong>VII.</strong></span> 
     </span>
    </p>
   </div>
   <div class='ocr_carea' id='block_1_9' title="bbox 1486 1247 2354 1360">
    <p class='ocr_par' dir='ltr' id='par_1_10' title="bbox 1486 1247 2354 1360">
     <span class='ocr_line' id='line_1_71' title="bbox 1486 1247 2354 1307; baseline -0.012 -8"><span class='ocrx_word' id='word_1_414' title='bbox 1486 1252 1719 1299; x_wconf 76' lang='lat' dir='ltr'><strong>Venerabilis</strong></span> <span class='ocrx_word' id='word_1_415' title='bbox 1749 1253 1923 1300; x_wconf 57' lang='lat' dir='ltr'><strong>Frater,</strong></span> <span class='ocrx_word' id='word_1_416' title='bbox 1942 1249 2119 1307; x_wconf 59' lang='lat' dir='ltr'><strong>salutem</strong></span> <span class='ocrx_word' id='word_1_417' title='bbox 2137 1278 2151 1301; x_wconf 90' lang='lat'><strong>,</strong></span> <span class='ocrx_word' id='word_1_418' title='bbox 2177 1247 2226 1297; x_wconf 60' lang='grc' dir='ltr'><strong>δ’</strong></span> <span class='ocrx_word' id='word_1_419' title='bbox 2245 1249 2354 1304; x_wconf 84' lang='lat' dir='ltr'><strong>Apo-</strong></span> 
     </span>
     <span class='ocr_line' id='line_1_72' title="bbox 1648 1308 2174 1360; baseline -0.01 -5"><span class='ocrx_word' id='word_1_420' title='bbox 1648 1312 1824 1360; x_wconf 76' lang='lat' dir='ltr'><strong>stolicam</strong></span> <span class='ocrx_word' id='word_1_421' title='bbox 1838 1308 2151 1353; x_wconf 69' lang='lat' dir='ltr'><strong>Benedifflonem</strong></span> <span class='ocrx_word' id='word_1_422' title='bbox 2162 1335 2174 1349; x_wconf 89' lang='lat'><strong>.</strong></span> 
     </span>
    </p>
   </div>
   <div class='ocr_carea' id='block_1_10' title="bbox 1423 1423 2408 1544">
    <p class='ocr_par' dir='ltr' id='par_1_11' title="bbox 1423 1423 2408 1544">
     <span class='ocr_line' id='line_1_73' title="bbox 1552 1423 2407 1486; baseline -0.006 -12"><span class='ocrx_word' id='word_1_423' title='bbox 1552 1432 1661 1486; x_wconf 88' lang='lat' dir='ltr'><strong>Uper</strong></span> <span class='ocrx_word' id='word_1_424' title='bbox 1679 1444 1753 1486; x_wconf 88' lang='lat' dir='ltr'><strong>pro</strong></span> <span class='ocrx_word' id='word_1_425' title='bbox 1767 1437 1883 1486; x_wconf 85' lang='lat' dir='ltr'><strong>parte</strong></span> <span class='ocrx_word' id='word_1_426' title='bbox 1898 1427 2141 1471; x_wconf 56' lang='lat' dir='ltr'><strong>dilectorum</strong></span> <span class='ocrx_word' id='word_1_427' title='bbox 2169 1423 2407 1469; x_wconf 80' lang='lat' dir='ltr'><strong>Filiorum...</strong></span> 
     </span>
     <span class='ocr_line' id='line_1_74' title="bbox 1423 1433 2408 1544; baseline -0.01 -10"><span class='ocrx_word' id='word_1_428' title='bbox 1423 1433 1545 1544; x_wconf 85' lang='lat' dir='ltr'>N</span> <span class='ocrx_word' id='word_1_429' title='bbox 1579 1489 1745 1532; x_wconf 84' lang='lat' dir='ltr'><strong>Ministri</strong></span> <span class='ocrx_word' id='word_1_430' title='bbox 1764 1486 2028 1533; x_wconf 79' lang='lat' dir='ltr'><strong>provincialis</strong></span> <span class='ocrx_word' id='word_1_431' title='bbox 2044 1515 2060 1538; x_wconf 88' lang='lat'><strong>,</strong></span> <span class='ocrx_word' id='word_1_432' title='bbox 2075 1487 2114 1528; x_wconf 88' lang='lat'>&amp;</span> <span class='ocrx_word' id='word_1_433' title='bbox 2134 1482 2408 1527; x_wconf 88' lang='lat' dir='ltr'><strong>Diffinitorum</strong></span> 
     </span>
    </p>
   </div>
   <div class='ocr_carea' id='block_1_11' title="bbox 1385 1539 2408 3770">
    <p class='ocr_par' dir='ltr' id='par_1_12' title="bbox 1385 1539 2408 3770">
     <span class='ocr_line' id='line_1_75' title="bbox 1413 1539 2407 1592; baseline -0.01 0"><span class='ocrx_word' id='word_1_434' title='bbox 1413 1549 1580 1592; x_wconf 89' lang='lat' dir='ltr'><strong>Ordinis</strong></span> <span class='ocrx_word' id='word_1_435' title='bbox 1594 1550 1781 1591; x_wconf 76' lang='lat' dir='ltr'><strong>Fratrum</strong></span> <span class='ocrx_word' id='word_1_436' title='bbox 1811 1546 2017 1590; x_wconf 87' lang='lat' dir='ltr'><strong>Minorum</strong></span> <span class='ocrx_word' id='word_1_437' title='bbox 2051 1544 2182 1589; x_wconf 68' lang='lat' dir='ltr'><strong>Sancti</strong></span> <span class='ocrx_word' id='word_1_438' title='bbox 2202 1539 2407 1585; x_wconf 83' lang='lat' dir='ltr'><strong>Francisci</strong></span> 
     </span>
     <span class='ocr_line' id='line_1_76' title="bbox 1414 1599 2403 1664; baseline -0.011 -11"><span class='ocrx_word' id='word_1_439' title='bbox 1414 1608 1714 1664; x_wconf 87' lang='lat' dir='ltr'><strong>Capucinorum</strong></span> <span class='ocrx_word' id='word_1_440' title='bbox 1755 1614 2083 1661; x_wconf 83' lang='lat' dir='ltr'><strong>nuncupatorum</strong></span> <span class='ocrx_word' id='word_1_441' title='bbox 2121 1630 2136 1655; x_wconf 86' lang='lat'><strong>,</strong></span> <span class='ocrx_word' id='word_1_442' title='bbox 2178 1599 2403 1643; x_wconf 67' lang='lat' dir='ltr'><strong>Provincias</strong></span> 
     </span>
     <span class='ocr_line' id='line_1_77' title="bbox 1414 1657 2406 1722; baseline -0.009 -12"><span class='ocrx_word' id='word_1_443' title='bbox 1414 1665 1639 1715; x_wconf 75' lang='lat' dir='ltr'><strong>Tolosmae,</strong></span> <span class='ocrx_word' id='word_1_444' title='bbox 1654 1665 1786 1722; x_wconf 81' lang='lat' dir='ltr'><strong>Nobis</strong></span> <span class='ocrx_word' id='word_1_445' title='bbox 1798 1664 2022 1720; x_wconf 75' lang='lat' dir='ltr'><strong>expositum</strong></span> <span class='ocrx_word' id='word_1_446' title='bbox 2038 1660 2112 1704; x_wconf 90' lang='lat' dir='ltr'><strong>fuit</strong></span> <span class='ocrx_word' id='word_1_447' title='bbox 2126 1687 2141 1710; x_wconf 86' lang='lat'><strong>,</strong></span> <span class='ocrx_word' id='word_1_448' title='bbox 2156 1658 2263 1717; x_wconf 89' lang='lat' dir='ltr'><strong>quod</strong></span> <span class='ocrx_word' id='word_1_449' title='bbox 2282 1657 2406 1714; x_wconf 89' lang='lat' dir='ltr'><strong>usque</strong></span> 
     </span>
     <span class='ocr_line' id='line_1_78' title="bbox 1411 1717 2404 1776; baseline -0.008 -10"><span class='ocrx_word' id='word_1_450' title='bbox 1411 1725 1465 1767; x_wconf 89' lang='lat' dir='ltr'><strong>de</strong></span> <span class='ocrx_word' id='word_1_451' title='bbox 1489 1739 1596 1766; x_wconf 85' lang='lat' dir='ltr'><strong>anno</strong></span> <span class='ocrx_word' id='word_1_452' title='bbox 1626 1725 1750 1776; x_wconf 84' lang='lat'><strong>1644.</strong></span> <span class='ocrx_word' id='word_1_453' title='bbox 1773 1723 1826 1766; x_wconf 90' lang='lat' dir='ltr'><strong>de</strong></span> <span class='ocrx_word' id='word_1_454' title='bbox 1845 1725 1962 1773; x_wconf 87' lang='lat' dir='ltr'><strong>Tua,</strong></span> <span class='ocrx_word' id='word_1_455' title='bbox 1988 1721 2056 1765; x_wconf 77' lang='lat' dir='ltr'><strong>seu</strong></span> <span class='ocrx_word' id='word_1_456' title='bbox 2085 1731 2182 1763; x_wconf 90' lang='lat' dir='ltr'><strong>tunc</strong></span> <span class='ocrx_word' id='word_1_457' title='bbox 2198 1717 2404 1762; x_wconf 87' lang='lat' dir='ltr'><strong>existentis</strong></span> 
     </span>
     <span class='ocr_line' id='line_1_79' title="bbox 1411 1777 2403 1837; baseline -0.008 -13"><span class='ocrx_word' id='word_1_458' title='bbox 1411 1782 1596 1837; x_wconf 85' lang='lat' dir='ltr'><strong>Episcopi</strong></span> <span class='ocrx_word' id='word_1_459' title='bbox 1630 1781 1850 1823; x_wconf 85' lang='lat' dir='ltr'><strong>Vabrenfis</strong></span> <span class='ocrx_word' id='word_1_460' title='bbox 1876 1782 2043 1823; x_wconf 88' lang='lat' dir='ltr'><strong>licentia</strong></span> <span class='ocrx_word' id='word_1_461' title='bbox 2071 1805 2087 1825; x_wconf 66' lang='lat'>2</span> <span class='ocrx_word' id='word_1_462' title='bbox 2109 1777 2262 1820; x_wconf 84' lang='lat' dir='ltr'><strong>fabrica</strong></span> <span class='ocrx_word' id='word_1_463' title='bbox 2288 1779 2403 1818; x_wconf 84' lang='lat' dir='ltr'><strong>Con-</strong></span> 
     </span>
     <span class='ocr_line' id='line_1_80' title="bbox 1410 1834 2405 1893; baseline -0.005 -13"><span class='ocrx_word' id='word_1_464' title='bbox 1410 1837 1550 1881; x_wconf 68' lang='lat' dir='ltr'><strong>ventus</strong></span> <span class='ocrx_word' id='word_1_465' title='bbox 1574 1839 1789 1893; x_wconf 80' lang='lat' dir='ltr'><strong>nuncupati</strong></span> <span class='ocrx_word' id='word_1_466' title='bbox 1815 1841 1945 1881; x_wconf 86' lang='lat' dir='ltr'><strong>Beatae</strong></span> <span class='ocrx_word' id='word_1_467' title='bbox 1974 1836 2110 1879; x_wconf 84' lang='lat' dir='ltr'><strong>Mariae</strong></span> <span class='ocrx_word' id='word_1_468' title='bbox 2138 1836 2191 1876; x_wconf 90' lang='lat' dir='ltr'><strong>de</strong></span> <span class='ocrx_word' id='word_1_469' title='bbox 2207 1834 2405 1885; x_wconf 76' lang='lat' dir='ltr'><strong>Oriente,</strong></span> 
     </span>
     <span class='ocr_line' id='line_1_81' title="bbox 1412 1891 2404 1951; baseline -0.008 -11"><span class='ocrx_word' id='word_1_470' title='bbox 1412 1897 1507 1940; x_wconf 65' lang='lat' dir='ltr'><strong>dic&#39;ti</strong></span> <span class='ocrx_word' id='word_1_471' title='bbox 1539 1895 1730 1947; x_wconf 87' lang='lat' dir='ltr'><strong>Ordinis,</strong></span> <span class='ocrx_word' id='word_1_472' title='bbox 1764 1896 1856 1951; x_wconf 89' lang='lat' dir='ltr'><strong>quia</strong></span> <span class='ocrx_word' id='word_1_473' title='bbox 1879 1894 1976 1938; x_wconf 90' lang='lat' dir='ltr'><strong>inibi</strong></span> <span class='ocrx_word' id='word_1_474' title='bbox 2005 1891 2187 1937; x_wconf 77' lang='lat' dir='ltr'><strong>Ecclefia</strong></span> <span class='ocrx_word' id='word_1_475' title='bbox 2210 1893 2404 1948; x_wconf 37' lang='lat' dir='ltr'><strong>antiquas</strong></span> 
     </span>
     <span class='ocr_line' id='line_1_82' title="bbox 1413 1951 2408 2008; baseline -0.008 -8"><span class='ocrx_word' id='word_1_476' title='bbox 1413 1954 1624 2000; x_wconf 83' lang='lat' dir='ltr'><strong>confimilis</strong></span> <span class='ocrx_word' id='word_1_477' title='bbox 1647 1955 1990 1998; x_wconf 87' lang='lat' dir='ltr'><strong>denominationis</strong></span> <span class='ocrx_word' id='word_1_478' title='bbox 2006 1954 2224 2008; x_wconf 87' lang='lat' dir='ltr'><strong>reperitur,</strong></span> <span class='ocrx_word' id='word_1_479' title='bbox 2241 1951 2280 1993; x_wconf 88' lang='lat' dir='ltr'><strong>in</strong></span> <span class='ocrx_word' id='word_1_480' title='bbox 2289 1953 2408 1993; x_wconf 83' lang='lat' dir='ltr'><strong>choa—</strong></span> 
     </span>
     <span class='ocr_line' id='line_1_83' title="bbox 1414 2010 2407 2062; baseline -0.004 -5"><span class='ocrx_word' id='word_1_481' title='bbox 1414 2026 1482 2062; x_wconf 83' lang='lat' dir='ltr'><strong>ta,</strong></span> <span class='ocrx_word' id='word_1_482' title='bbox 1512 2014 1659 2056; x_wconf 88' lang='lat' dir='ltr'><strong>deinde</strong></span> <span class='ocrx_word' id='word_1_483' title='bbox 1688 2014 1810 2055; x_wconf 86' lang='lat' dir='ltr'><strong>etiam</strong></span> <span class='ocrx_word' id='word_1_484' title='bbox 1843 2013 2112 2056; x_wconf 89' lang='lat' dir='ltr'><strong>benedicente</strong></span> <span class='ocrx_word' id='word_1_485' title='bbox 2137 2010 2316 2052; x_wconf 86' lang='lat' dir='ltr'><strong>Domino</strong></span> <span class='ocrx_word' id='word_1_486' title='bbox 2348 2011 2407 2053; x_wconf 83' lang='lat' dir='ltr'><strong>{at</strong></span> 
     </span>
     <span class='ocr_line' id='line_1_84' title="bbox 1412 2068 2402 2122; baseline -0.002 -10"><span class='ocrx_word' id='word_1_487' title='bbox 1412 2071 1526 2112; x_wconf 90' lang='lat' dir='ltr'><strong>brevi</strong></span> <span class='ocrx_word' id='word_1_488' title='bbox 1553 2081 1735 2122; x_wconf 85' lang='lat' dir='ltr'><strong>tempore</strong></span> <span class='ocrx_word' id='word_1_489' title='bbox 1749 2069 1950 2121; x_wconf 66' lang='lat' dir='ltr'><strong>perfecta,</strong></span> <span class='ocrx_word' id='word_1_490' title='bbox 1977 2072 2018 2109; x_wconf 77' lang='grc' dir='ltr'><strong>δε</strong></span> <span class='ocrx_word' id='word_1_491' title='bbox 2040 2069 2090 2109; x_wconf 89' lang='lat' dir='ltr'><strong>ab</strong></span> <span class='ocrx_word' id='word_1_492' title='bbox 2113 2068 2271 2120; x_wconf 89' lang='lat' dir='ltr'><strong>aliquot</strong></span> <span class='ocrx_word' id='word_1_493' title='bbox 2288 2068 2402 2122; x_wconf 62' lang='lat' dir='ltr'><strong>jam-⁴</strong></span> 
     </span>
     <span class='ocr_line' id='line_1_85' title="bbox 1411 2124 2402 2175; baseline -0.005 -3"><span class='ocrx_word' id='word_1_494' title='bbox 1411 2127 1524 2172; x_wconf 87' lang='lat' dir='ltr'><strong>annis</strong></span> <span class='ocrx_word' id='word_1_495' title='bbox 1539 2125 1705 2169; x_wconf 86' lang='lat' dir='ltr'><strong>Familia</strong></span> <span class='ocrx_word' id='word_1_496' title='bbox 1718 2124 1815 2167; x_wconf 71' lang='lat' dir='ltr'><strong>dieti</strong></span> <span class='ocrx_word' id='word_1_497' title='bbox 1835 2126 2001 2168; x_wconf 86' lang='lat' dir='ltr'><strong>Ordinis</strong></span> <span class='ocrx_word' id='word_1_498' title='bbox 2017 2138 2107 2166; x_wconf 88' lang='lat' dir='ltr'><strong>cum</strong></span> <span class='ocrx_word' id='word_1_499' title='bbox 2127 2124 2320 2175; x_wconf 80' lang='lat' dir='ltr'><strong>Custode,</strong></span> <span class='ocrx_word' id='word_1_500' title='bbox 2336 2124 2402 2167; x_wconf 87' lang='lat' dir='ltr'><strong>seu</strong></span> 
     </span>
     <span class='ocr_line' id='line_1_86' title="bbox 1410 2183 2396 2229; baseline -0.004 -1"><span class='ocrx_word' id='word_1_501' title='bbox 1410 2185 1647 2229; x_wconf 85' lang='lat' dir='ltr'><strong>Guardiano</strong></span> <span class='ocrx_word' id='word_1_502' title='bbox 1670 2184 1708 2225; x_wconf 88' lang='lat' dir='ltr'><strong>in</strong></span> <span class='ocrx_word' id='word_1_503' title='bbox 1723 2183 1894 2226; x_wconf 87' lang='lat' dir='ltr'><strong>eundem</strong></span> <span class='ocrx_word' id='word_1_504' title='bbox 1918 2187 2186 2228; x_wconf 89' lang='lat' dir='ltr'><strong>Conventum</strong></span> <span class='ocrx_word' id='word_1_505' title='bbox 2212 2183 2396 2224; x_wconf 86' lang='lat' dir='ltr'><strong>introdu-</strong></span> 
     </span>
     <span class='ocr_line' id='line_1_87' title="bbox 1410 2240 2397 2303; baseline -0.006 -14"><span class='ocrx_word' id='word_1_506' title='bbox 1410 2249 1470 2289; x_wconf 67' lang='lat' dir='ltr'><strong>aa</strong></span> <span class='ocrx_word' id='word_1_507' title='bbox 1487 2241 1708 2298; x_wconf 63' lang='lat' dir='ltr'><strong>respective</strong></span> <span class='ocrx_word' id='word_1_508' title='bbox 1723 2240 1886 2286; x_wconf 87' lang='lat' dir='ltr'><strong>fuerunt</strong></span> <span class='ocrx_word' id='word_1_509' title='bbox 1902 2272 1913 2283; x_wconf 91' lang='lat'><strong>.</strong></span> <span class='ocrx_word' id='word_1_510' title='bbox 1927 2242 2130 2303; x_wconf 85' lang='lat' dir='ltr'><strong>Qoniam</strong></span> <span class='ocrx_word' id='word_1_511' title='bbox 2153 2250 2287 2284; x_wconf 83' lang='lat' dir='ltr'><strong>autem</strong></span> <span class='ocrx_word' id='word_1_512' title='bbox 2300 2269 2315 2293; x_wconf 88' lang='lat'><strong>,</strong></span> <span class='ocrx_word' id='word_1_513' title='bbox 2346 2241 2397 2283; x_wconf 82' lang='lat' dir='ltr'><strong>fi-</strong></span> 
     </span>
     <span class='ocr_line' id='line_1_88' title="bbox 1409 2299 2394 2358; baseline -0.005 -11"><span class='ocrx_word' id='word_1_514' title='bbox 1409 2314 1479 2347; x_wconf 87' lang='lat' dir='ltr'><strong>cut</strong></span> <span class='ocrx_word' id='word_1_515' title='bbox 1496 2303 1636 2346; x_wconf 88' lang='lat' dir='ltr'><strong>eadem</strong></span> <span class='ocrx_word' id='word_1_516' title='bbox 1652 2300 1848 2357; x_wconf 85' lang='lat' dir='ltr'><strong>expolitio</strong></span> <span class='ocrx_word' id='word_1_517' title='bbox 1867 2301 2132 2358; x_wconf 85' lang='lat' dir='ltr'><strong>subjungebat</strong></span> <span class='ocrx_word' id='word_1_518' title='bbox 2149 2327 2163 2349; x_wconf 89' lang='lat'><strong>,</strong></span> <span class='ocrx_word' id='word_1_519' title='bbox 2174 2299 2279 2342; x_wconf 65' lang='lat' dir='ltr'><strong>dicta</strong></span> <span class='ocrx_word' id='word_1_520' title='bbox 2291 2301 2394 2342; x_wconf 88' lang='lat' dir='ltr'><strong>anti·</strong></span> 
     </span>
     <span class='ocr_line' id='line_1_89' title="bbox 1408 2358 2392 2420; baseline -0.005 -16"><span class='ocrx_word' id='word_1_521' title='bbox 1408 2377 1485 2420; x_wconf 91' lang='lat' dir='ltr'><strong>qua</strong></span> <span class='ocrx_word' id='word_1_522' title='bbox 1514 2360 1690 2403; x_wconf 71' lang='lat' dir='ltr'><strong>Ecclesia</strong></span> <span class='ocrx_word' id='word_1_523' title='bbox 1709 2373 1800 2401; x_wconf 90' lang='lat' dir='ltr'><strong>cum</strong></span> <span class='ocrx_word' id='word_1_524' title='bbox 1815 2359 1950 2415; x_wconf 87' lang='lat' dir='ltr'><strong>agello</strong></span> <span class='ocrx_word' id='word_1_525' title='bbox 1977 2359 2036 2401; x_wconf 89' lang='lat' dir='ltr'><strong>illi</strong></span> <span class='ocrx_word' id='word_1_526' title='bbox 2055 2358 2270 2413; x_wconf 85' lang='lat' dir='ltr'><strong>contiguo,</strong></span> <span class='ocrx_word' id='word_1_527' title='bbox 2296 2371 2392 2413; x_wconf 82' lang='lat' dir='ltr'><strong>quas</strong></span> 
     </span>
     <span class='ocr_line' id='line_1_90' title="bbox 1407 2416 2397 2478; baseline -0.007 -14"><span class='ocrx_word' id='word_1_528' title='bbox 1407 2421 1476 2478; x_wconf 66' lang='lat' dir='ltr'><strong>ips:</strong></span> <span class='ocrx_word' id='word_1_529' title='bbox 1504 2423 1667 2462; x_wconf 82' lang='lat' dir='ltr'><strong>Fratres</strong></span> <span class='ocrx_word' id='word_1_530' title='bbox 1707 2419 1900 2473; x_wconf 86' lang='lat' dir='ltr'><strong>Capucini</strong></span> <span class='ocrx_word' id='word_1_531' title='bbox 1936 2419 1991 2461; x_wconf 85' lang='lat' dir='ltr'><strong>usl</strong></span> <span class='ocrx_word' id='word_1_532' title='bbox 2020 2417 2105 2459; x_wconf 89' lang='lat' dir='ltr'><strong>sunt</strong></span> <span class='ocrx_word' id='word_1_533' title='bbox 2132 2445 2147 2468; x_wconf 85' lang='lat'><strong>,</strong></span> <span class='ocrx_word' id='word_1_534' title='bbox 2185 2416 2397 2470; x_wconf 85' lang='lat' dir='ltr'><strong>depende-</strong></span> 
     </span>
     <span class='ocr_line' id='line_1_91' title="bbox 1406 2476 2394 2533; baseline -0.006 -10"><span class='ocrx_word' id='word_1_535' title='bbox 1406 2484 1471 2525; x_wconf 85' lang='lat' dir='ltr'><strong>bat</strong></span> <span class='ocrx_word' id='word_1_536' title='bbox 1486 2477 1799 2533; x_wconf 86' lang='lat' dir='ltr'><strong>‚dependetque</strong></span> <span class='ocrx_word' id='word_1_537' title='bbox 1813 2479 1862 2520; x_wconf 90' lang='lat' dir='ltr'><strong>ab</strong></span> <span class='ocrx_word' id='word_1_538' title='bbox 1878 2476 2082 2520; x_wconf 85' lang='lat' dir='ltr'><strong>AEditimis</strong></span> <span class='ocrx_word' id='word_1_539' title='bbox 2108 2489 2183 2530; x_wconf 91' lang='lat' dir='ltr'><strong>pro</strong></span> <span class='ocrx_word' id='word_1_540' title='bbox 2209 2485 2394 2530; x_wconf 89' lang='lat' dir='ltr'><strong>tempore</strong></span> 
     </span>
     <span class='ocr_line' id='line_1_92' title="bbox 1406 2532 2395 2584; baseline -0.007 -3"><span class='ocrx_word' id='word_1_541' title='bbox 1406 2539 1591 2582; x_wconf 85' lang='lat' dir='ltr'><strong>Ecclefiae</strong></span> <span class='ocrx_word' id='word_1_542' title='bbox 1617 2542 1658 2580; x_wconf 87' lang='lat' dir='ltr'><strong>S.</strong></span> <span class='ocrx_word' id='word_1_543' title='bbox 1689 2533 2148 2584; x_wconf 86' lang='lat' dir='ltr'><strong>Saturnini,Vabrenfis</strong></span> <span class='ocrx_word' id='word_1_544' title='bbox 2183 2532 2395 2584; x_wconf 87' lang='lat' dir='ltr'><strong>Dioecefis,</strong></span> 
     </span>
     <span class='ocr_line' id='line_1_93' title="bbox 1406 2593 2396 2652; baseline -0.005 -12"><span class='ocrx_word' id='word_1_545' title='bbox 1406 2599 1503 2640; x_wconf 80' lang='lat' dir='ltr'><strong>inibi</strong></span> <span class='ocrx_word' id='word_1_546' title='bbox 1519 2595 1938 2652; x_wconf 66' lang='lat' dir='ltr'><strong>contigua22quialias</strong></span> <span class='ocrx_word' id='word_1_547' title='bbox 1961 2593 2056 2637; x_wconf 89' lang='lat' dir='ltr'><strong>inde</strong></span> <span class='ocrx_word' id='word_1_548' title='bbox 2087 2593 2253 2648; x_wconf 88' lang='lat' dir='ltr'><strong>aliquod</strong></span> <span class='ocrx_word' id='word_1_549' title='bbox 2281 2605 2396 2636; x_wconf 87' lang='lat' dir='ltr'><strong>emo-</strong></span> 
     </span>
     <span class='ocr_line' id='line_1_94' title="bbox 1405 2649 2391 2711; baseline -0.007 -11"><span class='ocrx_word' id='word_1_550' title='bbox 1405 2658 1630 2700; x_wconf 83' lang='lat' dir='ltr'><strong>lumentum</strong></span> <span class='ocrx_word' id='word_1_551' title='bbox 1646 2653 1939 2711; x_wconf 78' lang='lat' dir='ltr'><strong>percipiebant,</strong></span> <span class='ocrx_word' id='word_1_552' title='bbox 1954 2652 2055 2696; x_wconf 78' lang='lat' dir='ltr'><strong>licet</strong></span> <span class='ocrx_word' id='word_1_553' title='bbox 2074 2650 2177 2694; x_wconf 91' lang='lat' dir='ltr'><strong>illud</strong></span> <span class='ocrx_word' id='word_1_554' title='bbox 2194 2649 2286 2693; x_wconf 66' lang='lat' dir='ltr'><strong>raro</strong></span> <span class='ocrx_word' id='word_1_555' title='bbox 2308 2651 2391 2693; x_wconf 86' lang='lat' dir='ltr'><strong>illis</strong></span> 
     </span>
     <span class='ocr_line' id='line_1_95' title="bbox 1406 2710 2394 2772; baseline -0.007 -14"><span class='ocrx_word' id='word_1_556' title='bbox 1406 2716 1662 2772; x_wconf 71' lang='lat' dir='ltr'><strong>praestaretur</strong></span> <span class='ocrx_word' id='word_1_557' title='bbox 1676 2741 1689 2763; x_wconf 86' lang='lat'><strong>,</strong></span> <span class='ocrx_word' id='word_1_558' title='bbox 1704 2713 1724 2755; x_wconf 73' lang='lat' dir='ltr'><strong>a</strong></span> <span class='ocrx_word' id='word_1_559' title='bbox 1738 2713 1901 2760; x_wconf 67' lang='lat' dir='ltr'><strong>,dilectis</strong></span> <span class='ocrx_word' id='word_1_560' title='bbox 1932 2713 2053 2755; x_wconf 85' lang='lat' dir='ltr'><strong>etiam</strong></span> <span class='ocrx_word' id='word_1_561' title='bbox 2078 2710 2219 2762; x_wconf 79' lang='lat' dir='ltr'><strong>Filiis,</strong></span> <span class='ocrx_word' id='word_1_562' title='bbox 2235 2711 2394 2752; x_wconf 73' lang='lat' dir='ltr'><strong>fratri-</strong></span> 
     </span>
     <span class='ocr_line' id='line_1_96' title="bbox 1402 2770 2394 2826; baseline -0.009 -7"><span class='ocrx_word' id='word_1_563' title='bbox 1402 2777 1473 2819; x_wconf 87' lang='lat' dir='ltr'><strong>bus</strong></span> <span class='ocrx_word' id='word_1_564' title='bbox 1491 2773 1713 2817; x_wconf 87' lang='lat' dir='ltr'><strong>Minoribus</strong></span> <span class='ocrx_word' id='word_1_565' title='bbox 1727 2772 1892 2814; x_wconf 89' lang='lat' dir='ltr'><strong>Ordinis</strong></span> <span class='ocrx_word' id='word_1_566' title='bbox 1907 2770 2102 2826; x_wconf 66' lang='lat' dir='ltr'><strong>praedicti,</strong></span> <span class='ocrx_word' id='word_1_567' title='bbox 2121 2773 2394 2812; x_wconf 78' lang='lat' dir='ltr'><strong>conventua-</strong></span> 
     </span>
     <span class='ocr_line' id='line_1_97' title="bbox 1404 2827 2394 2887; baseline -0.009 -10"><span class='ocrx_word' id='word_1_568' title='bbox 1404 2837 1505 2878; x_wconf 89' lang='lat' dir='ltr'><strong>libus</strong></span> <span class='ocrx_word' id='word_1_569' title='bbox 1520 2833 1759 2887; x_wconf 78' lang='lat' dir='ltr'><strong>nuncupatis</strong></span> <span class='ocrx_word' id='word_1_570' title='bbox 1776 2859 1791 2883; x_wconf 87' lang='lat'><strong>,</strong></span> <span class='ocrx_word' id='word_1_571' title='bbox 1804 2832 1870 2886; x_wconf 89' lang='lat' dir='ltr'><strong>qni</strong></span> <span class='ocrx_word' id='word_1_572' title='bbox 1894 2831 1990 2873; x_wconf 90' lang='lat' dir='ltr'><strong>inibi</strong></span> <span class='ocrx_word' id='word_1_573' title='bbox 2008 2829 2092 2872; x_wconf 89' lang='lat' dir='ltr'><strong>duo</strong></span> <span class='ocrx_word' id='word_1_574' title='bbox 2105 2856 2118 2879; x_wconf 88' lang='lat'><strong>,</strong></span> <span class='ocrx_word' id='word_1_575' title='bbox 2140 2838 2207 2871; x_wconf 88' lang='lat' dir='ltr'><strong>aut</strong></span> <span class='ocrx_word' id='word_1_576' title='bbox 2221 2837 2304 2871; x_wconf 87' lang='lat' dir='ltr'><strong>tres</strong></span> <span class='ocrx_word' id='word_1_577' title='bbox 2321 2827 2394 2869; x_wconf 63' lang='lat' dir='ltr'><strong>‘ha-</strong></span> 
     </span>
     <span class='ocr_line' id='line_1_98' title="bbox 1402 2885 2389 2946; baseline -0.009 -10"><span class='ocrx_word' id='word_1_578' title='bbox 1402 2896 1531 2937; x_wconf 84' lang='lat' dir='ltr'><strong>bitare</strong></span> <span class='ocrx_word' id='word_1_579' title='bbox 1556 2890 1869 2943; x_wconf 82' lang='lat' dir='ltr'><strong>consueverant3</strong></span> <span class='ocrx_word' id='word_1_580' title='bbox 1894 2891 2042 2946; x_wconf 89' lang='lat' dir='ltr'><strong>quique</strong></span> <span class='ocrx_word' id='word_1_581' title='bbox 2069 2885 2322 2943; x_wconf 81' lang='lat' dir='ltr'><strong>postmodum</strong></span> <span class='ocrx_word' id='word_1_582' title='bbox 2335 2886 2389 2929; x_wconf 93' lang='lat' dir='ltr'><strong>ob</strong></span> 
     </span>
     <span class='ocr_line' id='line_1_99' title="bbox 1401 2946 2389 3006; baseline -0.009 -10"><span class='ocrx_word' id='word_1_583' title='bbox 1401 2952 1493 2996; x_wconf 69' lang='lat' dir='ltr'><strong>situs</strong></span> <span class='ocrx_word' id='word_1_584' title='bbox 1524 2951 1762 3006; x_wconf 84' lang='lat' dir='ltr'><strong>penuriam,</strong></span> <span class='ocrx_word' id='word_1_585' title='bbox 1790 2959 1859 2992; x_wconf 83' lang='lat' dir='ltr'><strong>aut</strong></span> <span class='ocrx_word' id='word_1_586' title='bbox 1881 2950 1996 2998; x_wconf 70' lang='lat' dir='ltr'><strong>alias,</strong></span> <span class='ocrx_word' id='word_1_587' title='bbox 2014 2946 2193 2991; x_wconf 78' lang='lat' dir='ltr'><strong>secundo</strong></span> <span class='ocrx_word' id='word_1_588' title='bbox 2210 2946 2389 2988; x_wconf 65' lang='lat' dir='ltr'><strong>dietam..</strong></span> 
     </span>
     <span class='ocr_line' id='line_1_100' title="bbox 1399 3003 2387 3064; baseline -0.011 -10"><span class='ocrx_word' id='word_1_589' title='bbox 1399 3012 1616 3054; x_wconf 81' lang='lat' dir='ltr'><strong>Ecclesiam</strong></span> <span class='ocrx_word' id='word_1_590' title='bbox 1647 3007 1871 3064; x_wconf 85' lang='lat' dir='ltr'><strong>hujusmodi</strong></span> <span class='ocrx_word' id='word_1_591' title='bbox 1902 3007 2199 3050; x_wconf 82' lang='lat' dir='ltr'><strong>deseruerunt:</strong></span> <span class='ocrx_word' id='word_1_592' title='bbox 2233 3003 2387 3046; x_wconf 84' lang='lat' dir='ltr'><strong>nihilo—</strong></span> 
     </span>
     <span class='ocr_line' id='line_1_101' title="bbox 1395 3064 2387 3122; baseline -0.008 -11"><span class='ocrx_word' id='word_1_593' title='bbox 1395 3072 1523 3113; x_wconf 88' lang='lat' dir='ltr'><strong>minus</strong></span> <span class='ocrx_word' id='word_1_594' title='bbox 1551 3069 1723 3111; x_wconf 65' lang='lat' dir='ltr'><strong>dilee&#39;tus</strong></span> <span class='ocrx_word' id='word_1_595' title='bbox 1749 3067 1901 3122; x_wconf 86' lang='lat' dir='ltr'><strong>pariter</strong></span> <span class='ocrx_word' id='word_1_596' title='bbox 1931 3066 2056 3109; x_wconf 83' lang='lat' dir='ltr'><strong>Filius</strong></span> <span class='ocrx_word' id='word_1_597' title='bbox 2078 3065 2274 3106; x_wconf 86' lang='lat' dir='ltr'><strong>Albertus</strong></span> <span class='ocrx_word' id='word_1_598' title='bbox 2298 3064 2387 3105; x_wconf 89' lang='lat' dir='ltr'><strong>Co-</strong></span> 
     </span>
     <span class='ocr_line' id='line_1_102' title="bbox 1392 3119 2383 3183; baseline -0.009 -13"><span class='ocrx_word' id='word_1_599' title='bbox 1392 3129 1443 3170; x_wconf 85' lang='lat' dir='ltr'><strong>sta</strong></span> <span class='ocrx_word' id='word_1_600' title='bbox 1471 3127 1701 3183; x_wconf 78' lang='lat' dir='ltr'><strong>jamdudum</strong></span> <span class='ocrx_word' id='word_1_601' title='bbox 1727 3140 1803 3180; x_wconf 90' lang='lat' dir='ltr'><strong>pro</strong></span> <span class='ocrx_word' id='word_1_602' title='bbox 1836 3136 2021 3179; x_wconf 84' lang='lat' dir='ltr'><strong>tempore</strong></span> <span class='ocrx_word' id='word_1_603' title='bbox 2055 3119 2233 3166; x_wconf 71' lang='lat' dir='ltr'><strong>secundo</strong></span> <span class='ocrx_word' id='word_1_604' title='bbox 2269 3121 2383 3162; x_wconf 63' lang='lat' dir='ltr'><strong>diez</strong></span> 
     </span>
     <span class='ocr_line' id='line_1_103' title="bbox 1396 3179 2381 3233; baseline -0.008 -5"><span class='ocrx_word' id='word_1_605' title='bbox 1396 3187 1578 3229; x_wconf 83' lang='lat' dir='ltr'><strong>Ecclesiae</strong></span> <span class='ocrx_word' id='word_1_606' title='bbox 1599 3185 1811 3228; x_wconf 86' lang='lat' dir='ltr'><strong>AEditimus</strong></span> <span class='ocrx_word' id='word_1_607' title='bbox 1827 3182 2051 3233; x_wconf 80' lang='lat' dir='ltr'><strong>consenfit,</strong></span> <span class='ocrx_word' id='word_1_608' title='bbox 2088 3182 2124 3221; x_wconf 91' lang='lat'>&amp;</span> <span class='ocrx_word' id='word_1_609' title='bbox 2147 3179 2196 3220; x_wconf 86' lang='lat' dir='ltr'><strong>ad</strong></span> <span class='ocrx_word' id='word_1_610' title='bbox 2212 3180 2381 3232; x_wconf 85' lang='lat' dir='ltr'><strong>praesens</strong></span> 
     </span>
     <span class='ocr_line' id='line_1_104' title="bbox 1389 3236 2385 3296; baseline -0.004 -11"><span class='ocrx_word' id='word_1_611' title='bbox 1389 3244 1458 3288; x_wconf 87' lang='lat' dir='ltr'><strong>suo</strong></span> <span class='ocrx_word' id='word_1_612' title='bbox 1475 3275 1489 3296; x_wconf 89' lang='lat'><strong>,</strong></span> <span class='ocrx_word' id='word_1_613' title='bbox 1506 3247 1545 3287; x_wconf 88' lang='lat'>&amp;</span> <span class='ocrx_word' id='word_1_614' title='bbox 1560 3243 1821 3285; x_wconf 78' lang='lat' dir='ltr'><strong>successorum</strong></span> <span class='ocrx_word' id='word_1_615' title='bbox 1852 3242 2014 3283; x_wconf 90' lang='lat' dir='ltr'><strong>suorum</strong></span> <span class='ocrx_word' id='word_1_616' title='bbox 2041 3236 2270 3282; x_wconf 88' lang='lat' dir='ltr'><strong>nominibus</strong></span> <span class='ocrx_word' id='word_1_617' title='bbox 2288 3252 2385 3281; x_wconf 83' lang='lat' dir='ltr'><strong>con-</strong></span> 
     </span>
     <span class='ocr_line' id='line_1_105' title="bbox 1388 3295 2384 3346; baseline -0.012 0"><span class='ocrx_word' id='word_1_618' title='bbox 1388 3304 1506 3346; x_wconf 89' lang='lat' dir='ltr'><strong>sentit</strong></span> <span class='ocrx_word' id='word_1_619' title='bbox 1536 3300 1764 3345; x_wconf 88' lang='lat' dir='ltr'><strong>venditioni</strong></span> <span class='ocrx_word' id='word_1_620' title='bbox 1792 3297 1883 3340; x_wconf 76' lang='lat' dir='ltr'><strong>fitfis</strong></span> <span class='ocrx_word' id='word_1_621' title='bbox 1914 3295 2207 3341; x_wconf 65' lang='lat' dir='ltr'><strong>secundodieae</strong></span> <span class='ocrx_word' id='word_1_622' title='bbox 2235 3296 2384 3339; x_wconf 75' lang='lat' dir='ltr'><strong>Eccle-</strong></span> 
     </span>
     <span class='ocr_line' id='line_1_106' title="bbox 1387 3356 2379 3415; baseline -0.007 -10"><span class='ocrx_word' id='word_1_623' title='bbox 1387 3363 1550 3415; x_wconf 84' lang='lat' dir='ltr'><strong>fiae,quae</strong></span> <span class='ocrx_word' id='word_1_624' title='bbox 1572 3361 1734 3403; x_wconf 82' lang='lat' dir='ltr'><strong>aliunde</strong></span> <span class='ocrx_word' id='word_1_625' title='bbox 1755 3357 1913 3399; x_wconf 88' lang='lat' dir='ltr'><strong>deserta</strong></span> <span class='ocrx_word' id='word_1_626' title='bbox 1929 3356 2051 3399; x_wconf 75' lang='lat' dir='ltr'><strong>facile</strong></span> <span class='ocrx_word' id='word_1_627' title='bbox 2066 3366 2315 3405; x_wconf 78' lang='lat' dir='ltr'><strong>remaneret,</strong></span> <span class='ocrx_word' id='word_1_628' title='bbox 2339 3357 2379 3398; x_wconf 71' lang='grc' dir='ltr'><strong>δε</strong></span> 
     </span>
     <span class='ocr_line' id='line_1_107' title="bbox 1392 3413 2378 3473; baseline -0.008 -9"><span class='ocrx_word' id='word_1_629' title='bbox 1392 3420 1514 3473; x_wconf 79' lang='lat' dir='ltr'><strong>agelli</strong></span> <span class='ocrx_word' id='word_1_630' title='bbox 1532 3419 1682 3462; x_wconf 89' lang='lat' dir='ltr'><strong>eisdem</strong></span> <span class='ocrx_word' id='word_1_631' title='bbox 1697 3416 1911 3460; x_wconf 87' lang='lat' dir='ltr'><strong>Fratribus</strong></span> <span class='ocrx_word' id='word_1_632' title='bbox 1927 3414 2151 3472; x_wconf 88' lang='lat' dir='ltr'><strong>Capucinis</strong></span> <span class='ocrx_word' id='word_1_633' title='bbox 2170 3413 2378 3466; x_wconf 86' lang='lat' dir='ltr'><strong>faciendae,</strong></span> 
     </span>
     <span class='ocr_line' id='line_1_108' title="bbox 1390 3473 2382 3530; baseline -0.009 -6"><span class='ocrx_word' id='word_1_634' title='bbox 1390 3480 1438 3524; x_wconf 66' lang='lat' dir='ltr'><strong>ea</strong></span> <span class='ocrx_word' id='word_1_635' title='bbox 1461 3491 1595 3521; x_wconf 89' lang='lat' dir='ltr'><strong>tamen</strong></span> <span class='ocrx_word' id='word_1_636' title='bbox 1611 3476 1725 3530; x_wconf 88' lang='lat' dir='ltr'><strong>lege,</strong></span> <span class='ocrx_word' id='word_1_637' title='bbox 1743 3484 1788 3517; x_wconf 91' lang='lat' dir='ltr'><strong>ut</strong></span> <span class='ocrx_word' id='word_1_638' title='bbox 1811 3475 1880 3530; x_wconf 80' lang='lat' dir='ltr'><strong>ipsi</strong></span> <span class='ocrx_word' id='word_1_639' title='bbox 1896 3477 2059 3517; x_wconf 73' lang='lat' dir='ltr'><strong>fratres</strong></span> <span class='ocrx_word' id='word_1_640' title='bbox 2088 3473 2289 3527; x_wconf 88' lang='lat' dir='ltr'><strong>Capucini</strong></span> <span class='ocrx_word' id='word_1_641' title='bbox 2319 3483 2382 3516; x_wconf 82' lang='lat' dir='ltr'><strong>te-</strong></span> 
     </span>
     <span class='ocr_line' id='line_1_109' title="bbox 1395 3530 2378 3589; baseline -0.008 -7"><span class='ocrx_word' id='word_1_642' title='bbox 1395 3547 1564 3582; x_wconf 84' lang='lat' dir='ltr'><strong>neantur</strong></span> <span class='ocrx_word' id='word_1_643' title='bbox 1586 3549 1730 3577; x_wconf 83' lang='lat' dir='ltr'><strong>curare</strong></span> <span class='ocrx_word' id='word_1_644' title='bbox 1752 3535 1815 3585; x_wconf 82' lang='lat'><strong>,&amp;</strong></span> <span class='ocrx_word' id='word_1_645' title='bbox 1837 3533 1972 3576; x_wconf 87' lang='lat' dir='ltr'><strong>facere</strong></span> <span class='ocrx_word' id='word_1_646' title='bbox 1986 3532 2133 3589; x_wconf 89' lang='lat' dir='ltr'><strong>deponi</strong></span> <span class='ocrx_word' id='word_1_647' title='bbox 2149 3530 2257 3574; x_wconf 86' lang='lat' dir='ltr'><strong>scuta</strong></span> <span class='ocrx_word' id='word_1_648' title='bbox 2279 3545 2378 3575; x_wconf 84' lang='lat' dir='ltr'><strong>cen-</strong></span> 
     </span>
     <span class='ocr_line' id='line_1_110' title="bbox 1393 3589 2377 3648; baseline -0.007 -9"><span class='ocrx_word' id='word_1_649' title='bbox 1393 3604 1664 3640; x_wconf 85' lang='lat' dir='ltr'><strong>tummonetae</strong></span> <span class='ocrx_word' id='word_1_650' title='bbox 1694 3594 1826 3647; x_wconf 83' lang='lat' dir='ltr'><strong>Regni</strong></span> <span class='ocrx_word' id='word_1_651' title='bbox 1856 3594 2031 3635; x_wconf 84' lang='lat' dir='ltr'><strong>Franciae</strong></span> <span class='ocrx_word' id='word_1_652' title='bbox 2051 3605 2172 3648; x_wconf 87' lang='lat' dir='ltr'><strong>penes</strong></span> <span class='ocrx_word' id='word_1_653' title='bbox 2199 3589 2377 3647; x_wconf 87' lang='lat' dir='ltr'><strong>aliquem</strong></span> 
     </span>
     <span class='ocr_line' id='line_1_111' title="bbox 1391 3648 2377 3708; baseline -0.007 -9"><span class='ocrx_word' id='word_1_654' title='bbox 1391 3658 1523 3699; x_wconf 92' lang='lat' dir='ltr'><strong>locum</strong></span> <span class='ocrx_word' id='word_1_655' title='bbox 1548 3664 1708 3697; x_wconf 85' lang='lat' dir='ltr'><strong>cautum</strong></span> <span class='ocrx_word' id='word_1_656' title='bbox 1725 3682 1738 3703; x_wconf 93' lang='lat'><strong>,</strong></span> <span class='ocrx_word' id='word_1_657' title='bbox 1766 3655 1806 3694; x_wconf 75' lang='grc' dir='ltr'><strong>δε</strong></span> <span class='ocrx_word' id='word_1_658' title='bbox 1837 3652 2046 3702; x_wconf 71' lang='lat' dir='ltr'><strong>securum,</strong></span> <span class='ocrx_word' id='word_1_659' title='bbox 2070 3662 2240 3708; x_wconf 89' lang='lat' dir='ltr'><strong>quorum</strong></span> <span class='ocrx_word' id='word_1_660' title='bbox 2266 3648 2377 3693; x_wconf 89' lang='lat' dir='ltr'><strong>dein-</strong></span> 
     </span>
     <span class='ocr_line' id='line_1_112' title="bbox 1385 3707 2375 3770; baseline -0.003 -14"><span class='ocrx_word' id='word_1_661' title='bbox 1385 3730 1477 3770; x_wconf 88' lang='lat' dir='ltr'><strong>ceps</strong></span> <span class='ocrx_word' id='word_1_662' title='bbox 1493 3725 1624 3756; x_wconf 84' lang='lat' dir='ltr'><strong>annuo</strong></span> <span class='ocrx_word' id='word_1_663' title='bbox 1648 3711 1778 3754; x_wconf 71' lang='lat' dir='ltr'><strong>fructu</strong></span> <span class='ocrx_word' id='word_1_664' title='bbox 1807 3711 1933 3753; x_wconf 62' lang='lat' dir='ltr'><strong>dietus</strong></span> <span class='ocrx_word' id='word_1_665' title='bbox 1955 3710 2174 3760; x_wconf 81' lang='lat' dir='ltr'><strong>Albertus,</strong></span> <span class='ocrx_word' id='word_1_666' title='bbox 2200 3707 2375 3763; x_wconf 62' lang='lat' dir='ltr'><strong>suiqueae</strong></span> 
     </span>
    </p>
   </div>
   <div class='ocr_carea' id='block_1_12' title="bbox 1383 3765 2375 3868">
    <p class='ocr_par' dir='ltr' id='par_1_13' title="bbox 1383 3765 2375 3868">
     <span class='ocr_line' id='line_1_113' title="bbox 1383 3765 2375 3868; baseline -0.006 -52"><span class='ocrx_word' id='word_1_667' title='bbox 1383 3772 1622 3831; x_wconf 73' lang='lat' dir='ltr'><strong>succeffores</strong></span> <span class='ocrx_word' id='word_1_668' title='bbox 1649 3771 1832 3816; x_wconf 83' lang='lat' dir='ltr'><strong>AEditimi</strong></span> <span class='ocrx_word' id='word_1_669' title='bbox 1855 3769 2080 3827; x_wconf 82' lang='lat' dir='ltr'><strong>hujusmodi</strong></span> <span class='ocrx_word' id='word_1_670' title='bbox 2109 3765 2288 3868; x_wconf 47' lang='lat' dir='ltr'><strong>gauzere</strong></span> <span class='ocrx_word' id='word_1_671' title='bbox 2301 3766 2375 3866; x_wconf 61' lang='lat' dir='ltr'><strong>:le-</strong></span> 
     </span>
     <span class='ocr_line' id='line_1_114' title="bbox 2224 3837 2295 3866; baseline 0 0"><span class='ocrx_word' id='word_1_672' title='bbox 2224 3837 2295 3866; x_wconf 87' lang='lat' dir='ltr'><strong>ean</strong></span> 
     </span>
    </p>
   </div>
  </div>
 </body>
</html>
