2592 4094
962 261 1613 379 Insulensts.'
2051 304 2214 384 243

270 400 366 436 Deo
391 411 449 446 per
478 411 562 438 vota
585 401 740 439 initiandi
755 405 895 446 amore,
918 400 1015 442 iilius
1034 404 1272 442 incrementum
1295 406 1494 452 promovit,
1518 408 1565 443 ita
1578 415 1640 451 ,ut
1655 407 1789 445 Domus
1809 406 1942 445 iliafum
1966 416 2109 445 numero
2125 414 2157 448 δε
2183 416 2277 450 habi.

276 447 403 483 rationi
427 460 495 485 non
523 451 667 498 amplius
690 451 850 488 sufficeret
864 475 879 495 ,
904 453 939 489 81
961 453 1042 491 ideo
1068 463 1198 488 novum
1223 453 1445 490 Conventum
1460 477 1473 495 ,
1495 456 1592 502 cujus
1617 455 1720 502 prima
1745 466 1836 503 petra
1858 467 1948 494 anno
1966 457 2062 501 1617.
2079 458 2184 501 posita
2195 462 2278 506 fuit,

275 496 424 532 construi
448 498 610 535 necessum
635 498 757 536 fuerit.
780 499 932 536 Gentem
961 510 1071 536 tamen
1090 511 1135 535 ne
1161 501 1425 547 multiplicaret,
1443 501 1481 538 8(
1499 502 1645 539 laetitiam
1671 504 1894 551 dispergeret,
1917 515 1978 540 eos
2001 505 2130 540 tantum
2143 505 2177 539 in
2194 520 2274 542 con-

267 542 416 579 sortium
441 542 654 591 segregavit,
678 559 762 595 quas
789 545 1059 584 Reformationis
1082 547 1214 593 spiritui
1235 547 1451 593 judicaverat
1473 550 1650 596 aptiores3
1671 553 1723 588 Ex
1734 564 1804 599 quo
1833 553 2002 590 Dominus
2015 553 2189 588 benedixir
2205 556 2274 590 Do.

274 591 347 627 mui
360 592 475 638 israel,
491 595 525 630 &
539 594 648 641 sparse
661 595 786 642 ubique
802 592 882 631 sacri
892 595 1021 632 decoris
1047 593 1145 635 fama,
1159 594 1337 632 consilium
1350 596 1553 634 Monasteria
1571 599 1671 647 hujus
1686 601 1832 638 instituti
1844 600 2018 637 excitandi
2036 600 2186 647 pluribus
2198 600 2277 645 sug-

268 638 387 684 gessit.
419 642 455 677 in
481 642 582 690 hujus
602 644 737 689 quidem
757 642 1027 690 approbatione,
1050 641 1252 688 Episcopum
1268 642 1354 690 juris
1377 644 1427 681 sui
1451 646 1610 691 sphaeram
1632 648 1821 692 excessisse,
1847 649 1946 693 rigidi
1960 649 2096 696 quidem
2121 648 2286 687 censores,

270 687 463 731 vulgabant
478 713 491 733 ,
514 691 653 728 occlusit
676 701 787 728 autem
809 701 850 726 os
875 690 1086 738 ioquentium
1115 692 1161 726 D.
1188 691 1280 726 Petri
1305 691 1432 733 Sedes,
1457 693 1537 729 dum
1562 694 1636 730 aeta
1663 696 1821 743 Episcopi
1841 697 2056 733 confirmavit
2083 722 2094 732 .
2118 696 2272 732 Minaba-

269 741 328 770 tur
351 736 386 772 8(
409 737 517 774 eidem
539 738 704 777 infelicem
722 739 834 776 casum
848 760 862 782 ‚
885 749 944 775 aut
967 749 1035 774 non
1060 738 1136 774 leve
1160 737 1388 785 praejudicium
1408 751 1497 775 mors
1523 741 1679 789 Episcopi
1705 744 1854 785 Biazaei3
1879 746 2008 781 sustulit
2034 745 2188 781 timorem
2211 756 2290 782 au:

267 782 391 828 spicata
423 785 578 823 sueceffio
599 811 613 832 ,
634 787 673 823 in
698 786 988 824 Reverendisiimo
1015 787 1126 822 Paulo
1149 785 1279 822 Boudat
1305 785 1389 823 faeta
1411 812 1424 829 ‚
1447 799 1549 834 quem
1574 801 1642 824 non
1668 790 1775 826 solum
1797 794 1930 829 virtutis
1953 816 1965 835 ,
1991 793 2046 829 sed
2070 793 2106 829 8(
2126 791 2273 831 >effeetus

268 830 393 869 Blazaei
415 833 604 877 haeredem,
628 834 748 882 pusilio
772 834 1014 882 congregatio
1036 834 1132 871 iilico
1153 844 1294 880 experta
1317 836 1366 872 esi:
1379 857 1392 877 ‚
1419 835 1501 871 dum
1526 835 1667 882 primam
1693 839 1791 885 hujus
1819 841 1994 876 Ecclesiam
2027 841 2236 878 consecravit
2254 860 2275 882 ,¹

267 878 443 919 MoniaIes
463 881 548 918 miro
569 881 757 919 dulcedinis
777 881 896 928 spiritu
922 882 1067 917 visitavit
1084 906 1098 925 ,
1119 895 1159 919 ac
1180 880 1389 918 austoritatis
1426 884 1490 918 suae
1522 885 1746 928 patrocinium
1769 888 1960 933 adpromifit
1979 913 1988 922 .
2018 889 2179 927 Patefecit
2203 891 2266 927 hac

266 927 438 965 occasione
461 929 631 966 Francisca
662 929 853 976 Episcopo,
869 928 1032 965 francisci
1059 930 1228 973 Datami,
1253 931 1356 967 Civis
1382 931 1576 975 Berghensis
1601 933 1644 967 ad
1669 934 1908 971 S.Winokurn
1934 959 1946 978 ,
1971 936 2204 983 propositum,
2227 938 2278 973 in,

265 972 324 1009 sua
349 976 454 1020 patria
479 976 635 1023 incoeptae
660 974 930 1012 Reformationis
947 978 1201 1015 contubernium
1227 978 1440 1014 construendi
1461 991 1474 1018 3
1497 981 1557 1025 qui
1584 990 1695 1016 autem
1718 994 1845 1018 novam
1882 983 1965 1020 hanc
1991 985 2140 1030 plantam
2169 987 2269 1032 priits

264 1020 302 1056 in
327 1021 384 1058 sua
410 1022 554 1068 Dioecefi
567 1047 580 1066 ,
599 1023 702 1070 quam
723 1032 818 1059 extra
841 1021 1024 1061 soecundari
1044 1026 1183 1072 cupiens
1197 1050 1208 1066 ,
1233 1025 1443 1071 Berghenses
1461 1026 1630 1064 instantias
1654 1028 1831 1076 suspendi,
1855 1031 1890 1066 &
1912 1031 1948 1067 in
1965 1032 2021 1067 sua
2034 1055 2047 1075 ,
2060 1033 2116 1068 seu
2137 1034 2175 1070 S.
2193 1036 2271 1070 Au-

262 1068 393 1105 domati
417 1069 591 1114 Civitate,
614 1082 745 1108 novum
767 1070 1031 1109 Reformationis
1048 1073 1271 1109 Domicilium
1293 1074 1380 1117 erigi
1404 1075 1541 1110 voluit.
1567 1076 1749 1122 Displicuit
1773 1090 1865 1114 mora
1892 1080 2072 1124 Duranto,
2099 1082 2134 1117 8(
2149 1106 2160 1122 ,
2190 1093 2269 1117 cum

259 1124 308 1152 ex
334 1116 408 1153 solo
429 1118 566 1154 motivo
586 1144 598 1160 ‚
622 1119 716 1167 quod
742 1118 927 1167 Episcopus
954 1120 1159 1157 Franciscam
1181 1121 1200 1158 ὲ
1240 1121 1385 1158 Dioecesi
1411 1122 1560 1158 recedere
1591 1126 1700 1161 nollet
1722 1148 1736 1166 ,
1762 1126 1871 1163 fuisset
1894 1126 2021 1164 indicta
2042 1152 2054 1171 ,
2092 1129 2201 1164 divisa
2222 1130 2270 1165 cst

259 1163 355 1210 sors,
375 1166 546 1203 Francisca
571 1178 636 1215 pro
660 1167 786 1205 sabtica
809 1167 847 1204 S.
872 1167 1062 1206 Audomari
1086 1169 1252 1207 reservata
1278 1193 1292 1215 ,
1319 1171 1354 1206 &
1378 1180 1524 1217 quatuor
1542 1172 1686 1210 Sorores
1712 1198 1724 1218 ,
1749 1186 1813 1222 pro
1835 1176 1893 1212 iila
1913 1176 2054 1220 Bcrghis
2082 1176 2272 1224 incipienda

261 1223 352 1249 anno
382 1213 479 1250 1620.
502 1215 641 1252 fuerunt
666 1214 824 1253 dimissae.

356 1261 505 1300 Suffecta
529 1264 631 1311 proin
656 1264 827 1309 Burbutgi
847 1263 883 1300 in
913 1265 962 1302 sui
995 1267 1112 1304 iocum
1134 1279 1196 1305 ceu
1217 1270 1328 1305 Matre
1351 1291 1364 1311 ,
1387 1266 1515 1304 Sorore
1542 1268 1710 1313 Agnae,
1737 1271 1819 1307 Filia
1838 1295 1850 1314 ,
1878 1272 2043 1310 valedixit
2064 1274 2269 1310 francisca..

258 1308 468 1351 Sororibus,
491 1311 535 1347 de
560 1311 655 1349 iilius
677 1312 814 1350 disceffu
838 1313 929 1350 haud
951 1326 1068 1362 parum
1093 1315 1238 1352 turbatis
1256 1341 1267 1357 ‚
1290 1317 1326 1352 &
1353 1317 1456 1361 opera
1487 1317 1537 1355 R.
1563 1319 1610 1353 D.
1636 1317 1776 1354 Morleti
1803 1319 2044 1356 Archidiaconi
2063 1344 2078 1363 ,
2096 1321 2268 1367 inceptam

257 1357 296 1394 S.
313 1357 502 1393 Audomari
525 1358 706 1404 fabricam,
730 1372 832 1408 quam
858 1364 1077 1400 Aiumnarum
1101 1365 1202 1411 copia
1227 1364 1407 1408 largiorem
1430 1386 1444 1407 ,
1467 1365 1502 1401 8c
1522 1365 1719 1402 habitationi
1745 1366 1994 1413 quinquaginta
2019 1370 2183 1405 Sororum
2210 1380 2269 1414 pa.

253 1414 327 1440 rem
351 1404 636 1449 voluit,feliciter
657 1421 747 1446 anno
778 1411 879 1456 1624.
903 1412 1121 1450 terminavit.
1146 1413 1243 1449 Prius
1268 1423 1404 1453 tamen,
1428 1412 1463 1448 &
1482 1413 1555 1461 jam
1575 1425 1671 1450 anno
1701 1416 1802 1451 1622.
1829 1414 2070 1451 Monasterium
2093 1417 2269 1459 Berghen·

255 1451 290 1487 se
319 1452 363 1488 ad
389 1452 630 1501 perfeStionem
653 1457 723 1504 jam
751 1458 923 1497 redaetum
945 1459 1122 1504 visitavit,
1137 1461 1293 1497 Chorum
1316 1460 1480 1505 induxit,
1500 1462 1536 1498 8(
1558 1463 1704 1500 Sorores
1727 1462 1762 1499 in
1789 1462 1941 1510 primaevi
1967 1462 2103 1507 spiritns
2126 1465 2203 1500 zelo
2217 1464 2269 1499 so.

254 1499 406 1537 iidavit.
433 1501 562 1539 Redux
587 1507 846 1549 Andomarum,
873 1508 1074 1553 potisiimum
1099 1509 1134 1544 in
1154 1509 1190 1545 id
1211 1509 1387 1551 incubuit,
1412 1518 1451 1545 ut
1476 1509 1752 1548 Constitutiones
1777 1532 1787 1551 ,
1815 1522 1901 1557 quas
1931 1511 2024 1547 varic
2047 1510 2118 1559 jam
2139 1512 2267 1548 mutari

254 1557 473 1594 oportuerat,
495 1551 650 1588 censorio
673 1554 954 1591 Reverendisiimi
981 1556 1162 1605 Episcopi,
1186 1556 1335 1604 praedifiti
1363 1558 1665 1595 D.Archidiaconi
1693 1559 1914 1602 Morleti,&
1938 1559 2047 1595 nostri
2073 1560 2111 1595 P.
2141 1561 2266 1604 Augu-

252 1595 331 1631 stini
365 1597 582 1635 Bethunensis
616 1602 776 1638 examine
809 1613 1038 1649 purgarentur
1064 1628 1079 1649 ‚
1117 1605 1251 1643 Sancta
1286 1605 1384 1644 Sedis
1412 1606 1658 1654 approbatione
1694 1608 1885 1644 muniendae
1912 1631 1922 1643 .
1948 1607 2062 1652 Operi
2100 1607 2179 1643 huic
2203 1609 2261 1644 in-

255 1652 383 1680 tentam
397 1668 410 1688 ,
433 1657 522 1683 nova
543 1646 697 1686 fundatio
710 1651 873 1689 Leodium
887 1676 900 1697 ‚
923 1652 959 1688 &
973 1652 1090 1689 Airam
1109 1656 1270 1696 vocavit;
1292 1662 1449 1691 neutram
1470 1655 1598 1692 acceffit
1619 1679 1633 1698 ,
1658 1667 1735 1692 cum
1763 1667 1837 1692 eam
1859 1655 2070 1702 gubernIum
2095 1656 2230 1691 Domt'is
2243 1677 2260 1699 ,
2277 1659 2281 1663 ‘

250 1691 287 1728 &
309 1691 557 1739 juvenescentis
578 1697 693 1742 gregis
718 1699 867 1737 custodia
889 1701 1091 1737 Audomaro
1111 1700 1248 1740 distrahi
1268 1714 1338 1739 non
1363 1700 1479 1739 smeret
1504 1727 1515 1739 .
1539 1703 1611 1740 Ubi
1634 1705 1716 1740 dum
1748 1701 1954 1741 Serenisiima
1977 1702 2261 1748 Hispaniarum..

252 1737 364 1776 infans
393 1741 534 1779 isabella
559 1745 665 1781 Clara
690 1747 840 1790 Eugenia
862 1760 937 1785 eam
957 1748 1094 1792 invisit,
1113 1749 1149 1786 &
1170 1760 1242 1786 tum
1267 1750 1299 1786 se
1320 1773 1335 1792 ,
1355 1759 1429 1785 tum
1456 1751 1569 1793 magni
1589 1751 1745 1798 ponderis
1764 1751 1942 1795 negotium
1959 1772 1972 1793 ,
1995 1749 2139 1785 orationi
2163 1751 2260 1787 iliius

250 1790 526 1832 commendavit,
549 1791 615 1826 fuit
642 1793 678 1828 &
703 1794 831 1830 erectio
855 1794 1047 1833 monasterii
1070 1794 1107 1831 in
1137 1798 1291 1833 Civitate
1316 1798 1528 1833 Bruxeliensi
1556 1797 1714 1834 decreta.
1741 1797 1924 1834 Antecesiit
1951 1807 2064 1833 tamen
2088 1796 2185 1833 illam
2211 1798 2268 1834 sam

249 1834 341 1871 brica
371 1837 544 1874 insulensis
559 1862 572 1881 ,
592 1850 695 1885 quam
722 1842 887 1887 personali
907 1842 1090 1879 Franciscae
1110 1843 1253 1880 consilio
1281 1843 1351 1888 regi
1375 1844 1411 1879 8(
1435 1844 1552 1890 perfici
1574 1867 1588 1888 ,
1616 1844 1803 1892 Episcopus
1819 1869 1831 1886 ,
1857 1844 2056 1888 Morietus,
2075 1844 2110 1880 8(
2135 1847 2263 1890 Augu«

248 1882 356 1919 stinus
379 1886 521 1922 voluere
535 1910 545 1921 .
573 1885 695 1925 Veloci
719 1889 829 1933 gressu
852 1899 976 1926 nutum
1000 1891 1197 1928 obedientiae
1215 1891 1368 1939 explevit
1387 1914 1400 1934 ‚
1430 1892 1783 1930 nec'Audomarensis
1806 1892 1931 1940 quietis
1952 1892 2143 1938 privatione
2158 1918 2170 1934 ‚
2195 1905 2261 1930 acc

248 1930 380 1967 viarum
404 1932 602 1971 difficultate
630 1936 789 1974 deterrita
813 1965 822 1974 .
857 1936 1000 1974 Affatim
1034 1939 1118 1976 hanc
1146 1939 1271 1976 lenivit
1303 1949 1373 1975 tum
1403 1939 1547 1976 Morleti
1580 1966 1591 1982 ‚
1618 1950 1692 1976 tum
1719 1942 1864 1978 Domini
1893 1941 2081 1976 Le-Grand
2105 1942 2258 1978 Semina-

246 1978 291 2014 rii
318 1980 575 2018 Audomarensis
605 1982 753 2021 Proestdis
773 1986 925 2022 Societas
950 2010 963 2029 ,
999 1995 1072 2022 tum
1093 1985 1236 2024 charitas
1260 2010 1275 2029 ,
1308 1999 1376 2033 qua
1400 1987 1643 2024 Monasterium
1671 1989 1814 2025 Ordinis
1833 1987 2061 2025 Cisterciensis
2075 1988 2116 2025 de
2139 1988 2258 2026 ‘Beuu-

241 2034 329 2074 prez
349 2028 393 2063 ad
417 2029 554 2076 Lyssam
577 2030 674 2065 situm
696 2032 772 2066 ilias
794 2033 933 2077 excepit
955 2056 967 2075 ,
994 2045 1033 2068 ac
1056 2035 1148 2069 aliud
1170 2035 1320 2079 ejusdem
1350 2034 1499 2071 Ordinis
1528 2037 1726 2082 Marguette
1750 2037 1878 2072 diatim
1903 2059 1916 2078 ,
1938 2047 1997 2083 per
2014 2036 2096 2072 οξὶο
2110 2037 2181 2073 dies
2196 2037 2255 2074 de-

247 2074 351 2110 tinuit
366 2097 381 2117 ,
406 2075 448 2109 de
474 2085 595 2119 nova,
620 2076 682 2111 vili
708 2101 719 2117 ,
743 2077 778 2112 &
805 2088 953 2123 paupere
981 2079 1119 2113 vivendi
1146 2080 1282 2114 ratione
1303 2104 1313 2120 ,
1337 2081 1429 2113 haud
1455 2093 1573 2123 parum
1599 2083 1800 2118 :edificatum
1829 2108 1839 2118 .
1864 2084 2022 2129 Cumque
2047 2085 2261 2121 Abbatisi'aa·

244 2119 318 2164 ibi,
345 2121 379 2156 in
403 2122 594 2166 francisca,
620 2124 800 2168 peculiaris
821 2134 900 2170 erga
928 2125 967 2159 Β.
982 2124 1027 2160 V.
1049 2125 1193 2160 Mariam
1218 2126 1334 2161 cultus
1354 2124 1537 2168 specimina
1564 2130 1782 2172 adverteret,
1799 2130 1962 2173 sculptam
1984 2131 2025 2165 de
2043 2131 2153 2174 Ligno
2172 2132 2263 2166 Dei--

245 2167 397 2253 8:332?
412 2169 683 2254 ’ςέἕηὲωὲἔὲῗῗω
693 2182 845 2256 ὸξὲἒνηῗ
862 2171 1081 2265 ἑὶῗῗῖἐὲἓξ
1101 2174 1291 2257 irim:
1317 2171 1572 2260 ssffiaiifliwic
1585 2175 2256 2269 'gsxlfffiffcsnss'fta‘ieffihrigatis?

398 2239 412 2261 a
653 2243 662 2253 ·
1502 2248 1513 2264 ,
2243 2246 2257 2255 .

243 2264 432 2301 bernatrice
460 2266 524 2302 &c.
548 2266 592 2301 ad
615 2276 745 2311 portam
767 2268 925 2310 Domus,
951 2268 1107 2304 interinae
1130 2269 1331 2305 habitationi
1352 2268 1522 2306 destinatae
1545 2297 1556 2312 ,
1581 2272 1765 2317 Episcopus
1786 2272 2014 2309 Tornaeenfis
2038 2275 2094 2309 sua
2118 2274 2253 2310 benedi·

242 2312 357 2348 aione
373 2313 510 2359 excepit
524 2337 534 2351 ‚
555 2313 590 2349 8(
614 2324 754 2350 cantato
771 2316 899 2362 hymno
929 2315 1153 2351 Ambrosiano
1169 2338 1182 2357 ,
1204 2315 1422 2364 Missa-dieta
1445 2340 1458 2359 ‚
1477 2319 1511 2354 &
1534 2320 1686 2355 sermone
1710 2319 1808 2355 finito
1831 2343 1843 2361 ‚
1869 2322 2047 2357 novellum
2075 2322 2254 2360 francisce

239 2371 388 2403 emtum,
414 2362 458 2398 R.
472 2362 520 2397 D.
542 2362 711 2405 ingelbert
734 2385 746 2405 ‚
774 2361 946 2399 insulensis
970 2363 1120 2399 Eccieiiae
1143 2363 1315 2410 Praepositi
1339 2387 1352 2406 ,
1376 2365 1412 2399 &
1435 2366 1550 2410 postea
1580 2366 1736 2411 Episcopi
1761 2367 1999 2403 Namurcensis
2019 2370 2128 2406 tutelae
2154 2381 2252 2406 com-

243 2407 421 2444 mendavit
444 2432 456 2443 .
484 2408 685 2452 Cogitatum
711 2411 806 2446 suum
830 2409 872 2446 ad
901 2410 1028 2457 lapides
1057 2411 1233 2448 Francisca
1247 2422 1315 2446 non
1339 2410 1466 2452 vertit,
1485 2413 1617 2448 aedificii
1641 2412 1824 2455 spiritualis
1848 2414 1914 2448 basi
1942 2415 2036 2457 prius
2058 2416 2249 2460 consuluit,

244 2457 287 2493 Ρ.
306 2455 504 2492 Onesimum
527 2457 742 2495 Montensem
769 2458 817 2494 ibi
842 2458 1085 2495 Guardianum
1112 2459 1284 2506 requirens
1300 2469 1363 2501 ‚ut
1387 2469 1525 2506 paterno
1552 2459 1714 2497 consilio,
1743 2460 1775 2494 se
1792 2481 1802 2496 ,
1827 2460 1860 2494 8(
1887 2460 1991 2496 socias
2003 2460 2078 2498 suas
2103 2462 2251 2509 adjuva-

242 2514 316 2547 ret,
339 2502 635 2552 spiritualibusque
663 2505 782 2543 officiis
810 2505 987 2543 muniret:
1015 2517 1101 2543 vero
1123 2508 1180 2543 ille
1194 2505 1318 2543 affeetu
1341 2530 1354 2550 ,
1375 2518 1476 2553 quem
1498 2507 1667 2544 Francisca
1693 2506 1740 2542 sat
1769 2508 1940 2544 celebrare
1957 2520 2026 2542 non
2053 2512 2193 2555 potuit,
2215 2511 2252 2547 id

241 2550 346 2593 fecit,
372 2564 411 2588 ac
437 2551 535 2588 etiam
557 2555 627 2600 qua
655 2554 878 2592 Provinciaiis
903 2555 1116 2592 continuavit
1134 2581 1145 2592 .
1170 2557 1220 2590 Eo
1242 2553 1318 2601 ipso
1345 2554 1445 2600 proin
1478 2566 1596 2595 anno,
1618 2554 1779 2590 videlicet
1808 2554 1910 2600 1630.
1933 2565 2004 2600 quo
2031 2557 2142 2592 Roma
2170 2569 2251 2603 pro·

239 2599 393 2636 sessiones
418 2600 545 2636 validas
569 2601 777 2647 declaravit,
799 2605 835 2640 8(
857 2603 1130 2639 constitutiones
1154 2602 1361 2648 approbavit
1386 2627 1397 2644 ,
1420 2602 1512 2649 jaEta
1540 2604 1616 2638 sunt
1638 2602 1854 2638 fundamenta
1881 2627 1893 2644 ,
1918 2602 1953 2637 &
1978 2611 2151 2648 tempore,
2177 2618 2250 2652 quo

241 2647 422 2684 aedificium
447 2648 592 2685 surrexit
613 2649 650 2685 iu
682 2651 789 2687 aitttm
811 2673 826 2695 ‚
847 2650 974 2698 incepit
998 2651 1033 2686 &
1058 2649 1286 2687 Cortracensis
1318 2649 1516 2687 Monasterii
1544 2650 1668 2687 fabrica
1689 2674 1703 2693 ‚
1730 2651 1881 2686 Domino
1904 2650 2064 2687 Wuliens
2086 2651 2250 2691 Civitatis

243 2695 492 2738 Pensionario,
516 2697 690 2735 instantias
706 2698 778 2745 jam
799 2709 887 2735 anno
919 2699 1020 2735 1628.
1044 2697 1148 2735 fastas
1178 2707 1349 2744 repetente
1375 2722 1386 2734 .
1419 2699 1598 2744 implicuit
1626 2699 1761 2745 quidem
1795 2699 1864 2734 haee
1896 2699 2069 2735 Fundatio
2093 2702 2249 2737 nonnihil

243 2744 480 2788 franciscam,
504 2755 582 2782 cum
606 2745 643 2782 8t
665 2747 785 2783 eodem
811 2756 966 2792 tempore
991 2748 1051 2782 ilia
1077 2746 1188 2782 Duaci
1215 2755 1414 2790 urgeretur,
1439 2749 1561 2783 annuit
1583 2757 1691 2783 tamen
1712 2746 1881 2790 consiliis,
1909 2747 2034 2794 quibus
2045 2747 2092 2782 uti
2107 2747 2248 2791 solebat,

240 2801 333 2826 mota
355 2814 368 2834 ,
393 2792 429 2827 &
448 2792 528 2827 dum
554 2792 760 2830 Cortracum
778 2804 843 2829 tres
868 2794 1013 2831 Sorores
1037 2794 1160 2829 dimisit
1187 2817 1200 2838 ‚
1218 2795 1276 2830 ilia
1304 2793 1464 2830 insulensi
1493 2794 1700 2831 Monasterio
1726 2819 1736 2835 ‚
1763 2795 1861 2839 quod
1886 2807 1949 2833 ceu
1968 2794 2032 2830 sine
2049 2796 2151 2839 dote,
2178 2795 2246 2832 sinc

244 2838 321 2874 fixo
343 2837 490 2874 subsidio
504 2862 516 2882 ‚
539 2840 574 2874 8(
600 2839 710 2877 solum
728 2852 790 2876 tere
814 2850 971 2876 mutuato
988 2841 1161 2885 ereetum,
1185 2840 1208 2878 ἃ
1233 2842 1380 2878 Dievina
1404 2842 1629 2879 Providentia
1648 2843 1837 2888 nuncupari
1864 2842 1979 2880 voluit
2002 2866 2014 2885 ,
2040 2845 2243 2885 terminato,

246 2881 405 2921 Duacum
427 2897 506 2922 cum
523 2886 580 2923 sex
603 2887 791 2925 Sororibus
811 2887 956 2932 seeeffit,
981 2890 1001 2923 a
1025 2889 1181 2926 Domino
1205 2891 1352 2935 sylvio,
1381 2891 1490 2927 Sacrae
1512 2891 1716 2935 Theologiae
1743 2892 1898 2927 DoRore
1919 2890 1954 2926 &
1979 2889 2244 2935 Professore,ac

245 2932 394 2970 Ecclesiae
415 2934 617 2979 Collegiatae
645 2936 770 2973 ibidem
794 2938 962 2978 Decano,
985 2938 1120 2975 nomine
1138 2938 1292 2984 Episcopi
1307 2939 1548 2976 Artrebatensis
1570 2950 1700 2986 recepta
1713 2964 1723 2974 .
1750 2940 1821 2974 Sex
1840 2940 1932 2974 annis
1958 2939 2005 2974 ibi
2028 2939 2169 2984 perstitit
2183 2966 2192 2979 ‚
2207 2941 2243 2976 &

240 2980 373 3019 fabricat
398 2981 605 3029 progressum
624 3007 638 3029 ,
663 2984 699 3021 &
722 2984 903 3032 disciplinae
921 2986 1083 3029 regularis
1101 2987 1259 3022 decorem
1282 2998 1402 3022 curans
1426 3014 1433 3022 .
1461 2987 1632 3024 Diutioris
1665 2986 1823 3023 absentiae
1845 2996 1955 3023 autem
1986 2985 2075 3032 quasi
2101 2990 2240 3034 pertael'ae

240 3030 387 3068 Sorores
406 3031 701 3076 Audomarenses,
725 3033 842 3076 iiiam,
873 3034 1016 3069 termino
1040 3033 1241 3070 obedientiae
1263 3034 1332 3082 jam
1359 3034 1488 3078 finito,
1512 3035 1666 3072 revocari
1692 3033 1860 3081 Episcopo
1886 3045 1966 3070 tunc
1987 3034 2238 3082 christophoro

240 3077 283 3113 de
307 3080 428 3115 Francc
451 3078 658 3116 institerunt:
684 3082 730 3118 eo
748 3079 910 3117 libentius
930 3083 984 3118 hic
1010 3081 1149 3123 annuit,
1172 3084 1246 3128 quo
1268 3084 1373 3128 magis
1397 3084 1432 3118 &
1459 3083 1594 3129 ipsemet
1615 3083 1708 3118 iliam
1734 3081 1926 3118 Audomari
1951 3081 2158 3118 necessariam
2181 3083 2239 3129 ju-

239 3124 390 3162 dicavit:
417 3126 593 3164 Nuntium
614 3140 754 3176 quoque
777 3128 841 3165 suae
869 3129 1053 3167 voluntatis
1079 3129 1147 3177 ipse
1178 3132 1288 3167 Duaci
1302 3156 1316 3175 ,
1344 3133 1416 3178 quo
1444 3132 1512 3168 alia
1535 3130 1671 3174 negotia
1691 3140 1766 3164 eum
1794 3140 2000 3166 vocaverant
2025 3152 2038 3172 ,
2064 3131 2238 3168 Franciscae

239 3172 360 3218 dedit,
382 3185 454 3211 non
475 3185 593 3222 parum
613 3177 695 3214 exin
722 3178 867 3213 turbate
899 3201 911 3218 ,
946 3190 1022 3215 cum
1043 3187 1166 3224 graves
1191 3180 1339 3215 rationes
1365 3180 1551 3223 longiorem
1579 3178 1671 3212 illius
1692 3176 1802 3212 Duaci
1826 3188 1953 3213 moram
1975 3179 2142 3224 requirere
2162 3190 2236 3215 cre-

239 3221 358 3259 deret.
383 3223 542 3260 Modeste
563 3225 598 3261 &
619 3224 788 3262 humiliter
816 3226 874 3262 has
899 3225 933 3262 &
954 3225 1137 3273 Episcopi,
1160 3228 1195 3263 8(
1217 3229 1252 3262 Ρ.
1280 3228 1462 3271 Augustini
1489 3225 1638 3263 examini
1662 3225 1832 3263 subdidit;
1857 3236 1935 3263 cum
1960 3237 2073 3263 autern
2094 3226 2126 3263 hi
2142 3227 2237 3263 Con-

239 3279 380 3307 ventum
404 3271 697 3310 Andomarensem
720 3274 814 3311 iilius
836 3275 941 3319 opera
964 3275 1044 3312 vere
1069 3275 1225 3322 indigere
1247 3275 1444 3316 censerent,
1469 3273 1648 3317 regressum
1674 3283 1797 3308 mutuo
1808 3273 1977 3310 firmflrunt
2001 3275 2161 3311 consilio.
2180 3277 2240 3312 Ad

240 3314 344 3363 hujus
367 3319 600 3357 executionem
621 3331 818 3368 opportuna
844 3322 981 3358 influxit
1004 3323 1133 3359 occasio
1160 3336 1174 3363 ;
1201 3335 1276 3359 cum
1306 3324 1395 3359 enim
1422 3323 1529 3357 Mater
1556 3321 1693 3357 Ancilla
1717 3321 1907 3358 Andomari
1942 3323 2050 3359 Maria
2079 3324 2120 3358 de
2150 3323 2238 3360 Beil-

241 3362 345 3400 sthein
369 3365 415 3400 ob
440 3368 549 3404 varias
574 3369 789 3406 infirmitates
810 3371 852 3406 ab
879 3369 995 3407 officio
1018 3371 1121 3407 eximi
1144 3370 1315 3416 rogsssset,
1336 3372 1370 3407 8(
1397 3370 1585 3417 Episcopus
1603 3370 1741 3404 alterius
1770 3369 1872 3405 etiarn
1896 3369 1937 3406 de
1956 3372 2025 3406 aiio
2049 3372 2239 3408 Conventu

240 3410 404 3455 eligenda
427 3416 562 3459 copiam
586 3417 749 3462 dedisset,
770 3419 917 3455 Sorores
944 3419 1153 3456 franciscam
1177 3431 1247 3454 uno
1269 3431 1356 3454 voto
1372 3420 1405 3453 in
1433 3419 1580 3454 Matrem
1607 3417 1774 3454 Ancillam
1795 3418 1972 3463 elegerunt
1990 3444 1999 3453 .
2023 3419 2132 3455 Grata
2161 3420 2236 3467 qui-

241 3459 319 3494 dem
333 3460 400 3495 haec
411 3461 545 3499 iliarum
572 3465 715 3507 agnovit
735 3465 894 3502 affefitum
906 3489 919 3509 ,
936 3466 1066 3502 horruit
1080 3478 1188 3502 tamen
1216 3467 1257 3502 ad
1273 3466 1466 3503 Monasterii
1480 3465 1678 3508 gubernium
1693 3487 1704 3506 ,
1718 3466 1809 3510 quod
1822 3466 1856 3502 8(
1871 3466 2034 3502 Sororum
2054 3478 2212 3502 numerus
2223 3490 2238 3510 ,

239 3506 277 3541 &
299 3517 411 3546 rerum
436 3510 604 3555 penuria,
629 3522 696 3547 non
721 3521 858 3557 poterat
880 3524 947 3550 non
972 3515 1109 3551 reddere
1135 3514 1285 3559 asperum
1311 3538 1321 3549 .
1361 3512 1515 3550 Dissuasit
1540 3518 1571 3548 &
1595 3514 1658 3547 iter
1687 3523 1758 3547 tum
1778 3515 1902 3549 bellum
1918 3538 1928 3554 ,
1954 3516 2047 3560 quod
2064 3516 2238 3550 Ditionem

240 3554 484 3600 infestaverat,
512 3568 583 3594 tum
609 3560 803 3603 contagiosa
826 3561 926 3606 lues,
950 3573 1024 3609 quae
1035 3561 1271 3598 Audomarum
1294 3562 1363 3608 jam
1386 3562 1555 3597 invaserat
1571 3585 1580 3594 .
1604 3560 1700 3595 Sicut
1726 3572 1836 3598 autem
1867 3573 1959 3597 mora
1986 3562 2106 3597 amoris
2127 3565 2237 3598 nomi-

241 3601 277 3638 ni
296 3614 441 3649 cognata
463 3605 511 3642 est
534 3627 548 3649 ‚
571 3605 607 3642 8(
632 3607 777 3645 amantis
797 3609 909 3645 animo
939 3609 1039 3647 exosa
1065 3634 1075 3649 ,
1101 3608 1144 3644 sic
1165 3621 1281 3645 amore
1308 3610 1433 3653 percita
1453 3607 1624 3644 Francisca
1653 3618 1784 3655 tempus
1806 3609 1932 3645 itineris
1958 3609 2034 3644 fixit
2063 3635 2073 3650 ,
2098 3612 2133 3646 8(
2171 3622 2236 3645 vo-

243 3652 278 3689 ci
299 3653 394 3697 Dei,
418 3650 479 3688 fibi
503 3664 563 3700 per
587 3654 787 3700 Superiores
812 3657 991 3700 nuntiatae,
1015 3657 1242 3692 obediendum
1267 3656 1357 3700 esse,
1378 3656 1478 3692 etiarn
1502 3668 1577 3691 cum
1606 3654 1681 3690 vitoe
1708 3658 1858 3701 periculo
1878 3678 1891 3699 ,
1910 3657 1951 3691 iis
1966 3681 1975 3696 ,
2001 3658 2159 3704 quiiilud
2174 3659 2237 3693 im-

243 3701 363 3749 pedire
390 3699 580 3744 nitebantur
606 3725 617 3741 ,
637 3702 796 3738 audacter
812 3705 962 3749 reposuit
987 3716 997 3743 3
1031 3704 1129 3739 Abiit
1151 3715 1288 3751 quoque
1311 3707 1432 3740 Duaco
1457 3715 1489 3749 9.
1514 3704 1721 3750 Septembris
1755 3704 1852 3750 1636.
1877 3705 2111 3741 comitantibus
2131 3719 2237 3744 eam...

238 3751 406 3789 Sororum
429 3749 633 3797 lachrymis,
658 3749 692 3785 8(
716 3750 822 3786 totius
844 3751 1006 3787 Civitatis
1033 3751 1190 3798 pianftu.
1218 3753 1370 3788 Hilarem
1389 3751 1523 3798 quidem
1555 3751 1741 3786 Audomari
1767 3750 1943 3795 appulsum
1963 3751 2074 3789 effecit
2096 3754 2233 3798 laetitia,

236 3808 306 3847 qua
330 3797 474 3835 Sorores
495 3798 649 3835 reducem
684 3797 853 3845 suscepere
882 3799 1028 3835 Matrem
1049 3811 1058 3835 ε
1082 3801 1167 3837 mala
1187 3809 1294 3836 autem
1323 3799 1457 3847 praevisa
1483 3799 1666 3835 incolatum
1691 3799 1724 3833 in
1751 3799 1898 3844 pondere
1923 3802 2141 3838 amaricatum
2168 3813 2238 3844 tum

336 3842 477 3883 Tomff.
1432 3849 1466 3882 Η
1481 3847 1502 3881 h
1529 3856 1547 3879 z
2118 3851 2197 3886 stra-
