2586 4088
995 226 1529 323 Hiberniae.

520 433 954 497 nscasro

245 554 380 606 Saffrae
400 552 737 624 Congregaetionis
750 554 800 603 dc
815 553 1084 618 Propaganda
1102 553 1226 613 Fide,

347 623 498 674 habitae
512 625 579 674 die
596 633 676 675 26.
688 623 951 675 Novembris
974 631 1064 684 165
1076 640 1097 671 1
1106 657 1120 671 .

243 805 301 852 In
328 799 597 851 beneficium
628 801 838 852 Militum
860 798 908 853 ἃ
925 804 1223 851 Nauarum-2

259 882 263 886 '
312 873 574 941 Anglorum
589 869 680 922 ὅτε.
696 873 742 920 in
762 872 929 921 Galliis
942 869 1223 940 existentium

311 942 533 1008 Capucini
549 975 566 998 ,
593 939 902 995 Miffionarios
920 940 1223 996 declarantur,

311 1010 361 1061 δι·
395 1006 476 1059 sub
522 1006 788 1058 Praefediura
828 1011 881 1058 P.
915 1006 1222 1061 Commiffarii

305 1077 498 1130 Hiberni
511 1075 843 1129 constituuntur
856 1113 871 1129 .

339 1258 586 1314 Roponente
599 1253 913 1299 Eminentiffimo
929 1256 1104 1299 Domino
1120 1258 1222 1299 Car-

250 1345 252 1347 >
367 1315 721 1359 dinaliBarbcrino
746 1313 932 1358 libellum
961 1314 1222 1370 supplicem,

235 1373 283 1414 P.
298 1375 578 1417 Procuratoris
594 1372 808 1417 Generalis
820 1375 1139 1430 Capucinorum‚
1156 1387 1219 1428 pe.

236 1432 360 1473 tentis
373 1461 390 1483 ,
418 1441 464 1474 ut
482 1434 602 1474 Sacra
617 1431 899 1488 congregatio
923 1434 962 1475 in
980 1431 1217 1475 beneficium

235 1489 416 1532 Militum
429 1492 469 1532 Gt.
483 1493 703 1535 Nautarum
729 1490 959 1546 Anglorum
975 1521 990 1543 ‚
1016 1492 1219 1534 Hiberno-

235 1560 350 1599 rum‚
369 1549 409 1589 δε
424 1552 641 1592 Scotorum
657 1576 672 1600 ,
698 1563 770 1592 nec
796 1563 876 1591 non
896 1552 1219 1600 Germanorum,

235 1606 487 1662 aliorumque
502 1617 736 1649 exterorum
750 1634 764 1656 a
792 1608 862 1663 qui
877 1608 1034 1662 degunt
1060 1607 1100 1650 in
1118 1610 1220 1650 Gal·

238 1663 322 1712 lia,
353 1664 517 1720 aliisque
535 1665 757 1709 Provinciis
783 1666 1088 1722 adjacentibus,
1120 1664 1221 1708 velit

235 1721 496 1765 Miffionarios
519 1724 745 1779 Capucinos
761 1725 968 1768 declarare
990 1723 1058 1767 sub
1073 1724 1220 1770 Praefe-

236 1784 345 1824 &ura
362 1781 678 1825 P.Commilsarii
693 1782 870 1839 ejusdem
885 1783 1050 1824 Ordinis
1064 1784 1220 1825 Hiber-

234 1841 305 1890 ni,
336 1841 375 1880 δι
400 1839 441 1880 Ρ.
459 1840 690 1895 Bernardini
718 1840 900 1883 [imiliter
923 1839 1096 1882 Hiberni
1120 1838 1218 1881 Mis-

233 1897 392 1940 ssonarii
410 1896 638 1940 Sedanenfis
651 1898 851 1952 Capucini
865 1927 879 1950 ,
910 1897 1219 1940 Eminentiffimi

233 1958 377 2000 Patres
397 1955 582 2010 petitioni
607 1965 826 1998 annuentes
848 1984 863 2007 ‚
886 1969 959 2011 pro
980 1955 1219 1999 necestitati·

170 2041 191 2056 ,κ
235 2017 306 2058 bus
323 2013 595 2068 spiritualibus
613 2013 928 2069 supradictorum
950 2014 1154 2066 Militum,
1179 2015 1219 2055 δε

233 2075 462 2115 Nautarum
474 2099 489 2122 ,
505 2070 724 2114 Miffionem
741 2072 910 2126 petitam
943 2070 1217 2114 decreverunt

231 2130 302 2172 sub
317 2126 556 2172 Praefeetura
570 2131 615 2171 P.
629 2126 895 2169 Commiffarii
909 2129 1121 2169 Generalis
1139 2131 1218 2169 Ca-

227 2187 468 2244 pucinorum
503 2185 706 2228 Hiberniae
729 2211 744 2234 2
785 2184 1061 2227 constituendo
1094 2184 1215 2228 Vice.

226 2246 461 2288 Praefectum
489 2242 862 2286 Fr.Bernardinum
890 2241 1068 2299 ejuldem
1091 2242 1217 2285 Ordi-

231 2303 293 2347 nis
322 2302 614 2346 Miffionarium
629 2300 930 2352 Sedanenstm,
956 2314 1048 2342 cum
1074 2300 1215 2342 condi-

231 2362 343 2406 tione
358 2372 508 2410 tamen,
521 2359 631 2416 quod
645 2359 772 2400 dictus
790 2358 1018 2408 Praefectus,
1034 2357 1223 2399 velVice-

227 2419 439 2465 Praesee’tus
455 2418 553 2460 infra
579 2426 660 2460 tres
678 2415 828 2458 menses
850 2415 900 2459 ad
928 2419 1090 2458 Sacram
1103 2419 1219 2458 Con-

232 2478 509 2533 gregationem
524 2477 688 2518 mittere
703 2474 881 2518 debeant
913 2473 1098 2517 notulam
1125 2486 1218 2515 cum

231 2538 393 2579 nomine
406 2563 420 2585 ,
445 2535 572 2589 patria
586 2560 600 2582 2
627 2535 665 2576 δι
679 2547 849 2577 numero
867 2531 1217 2582 Miffionariorum‚

230 2593 527 2651 quifacultates
552 2591 635 2633 suas
667 2603 781 2635 extra
813 2590 967 2635 Milites
993 2593 1030 2633 δι
1066 2594 1217 2632 Nautas

227 2663 389 2696 exteros
418 2650 578 2693 minime
598 2665 788 2694 exercere
813 2678 827 2701 ,
855 2658 923 2691 aut
956 2648 1215 2691 extendere)

227 2710 372 2767 poffint
383 2735 396 2758 a
412 2723 488 2752 nec
507 2711 694 2760 valeant,
707 2709 771 2753 sed
788 2720 928 2750 eorum
945 2706 1101 2750 tantum
1117 2720 1218 2749 con-

229 2768 412 2812 feffiones
433 2768 574 2810 audire
587 2796 601 2820 ,
623 2766 1062 2823 eisquemdmonitiones
1075 2766 1112 2806 δι
1129 2778 1218 2806 mo-

228 2831 312 2871 nita
328 2827 513 2869 salutaria
527 2824 689 2876 facere,
716 2823 1008 2868 absolutionem
1034 2824 1218 2878 imperti-

230 2887 266 2928 ri
282 2913 296 2936 ‚
311 2883 484 2937 aliasque
509 2883 725 2926 facultates
741 2893 936 2925 exercere
952 2909 966 2931 ,
993 2896 1042 2925 ne
1056 2880 1216 2924 defectu

233 2941 531 2993 sacerdotum,
555 2942 622 2999 qui
651 2941 823 2995 linguam
851 2953 990 2981 eorum
1015 2938 1215 2988 calleant,

230 3003 271 3044 in
298 3001 499 3055 peccatis,
523 3014 570 3043 ac
594 3000 762 3057 propria
791 2999 1022 3054 ignorantia
1045 3013 1211 3055 compu-

230 3058 405 3104 trescant
421 3060 499 3115 &c-

676 3174 819 3227 Card.
838 3174 1140 3244 Pamphilius;

230 3355 438 3408 Exemplar
452 3356 497 3396 in
513 3353 682 3398 Archino
691 3353 870 3408 generali
887 3351 1046 3396 Ordinis
1065 3354 1215 3396 Arma-³

287 3415 349 3453 rio
365 3413 572 3457 Provincia
587 3412 814 3456 Hibernia..

341 3891 378 3933 T
373 3903 444 3934 om.
456 3892 499 3934 V.

2041 235 2202 351 289

1544 412 2071 482 DECRETO-

1371 552 1466 604 Sac.
1485 555 1728 626 Congregat.
1760 554 1896 622 Epifi.
1913 554 1968 604 (θ’
1995 551 2157 621 Regul.'
2233 516 2236 519 -

1283 677 1534 725 Decretum
1550 678 1757 745 generale
1771 675 1825 724 de
1836 668 2260 739 Commiffario,seu

1352 744 1557 795 Custode
1573 763 1652 811 per
1666 747 1927 794 canonicam
1956 741 2262 792 eleffionem..

1353 815 1558 878 quolibet
1572 816 1765 863 triennio
1787 811 2099 881 constituendo
2110 847 2127 871 ,
2145 810 2194 863 ὅ(
2206 811 2262 859 de

1350 881 1623 933 facultativo
1656 884 1785 946 hujus
1807 884 1864 932 ad
1894 884 2105 950 Capitula
2132 879 2271 952 gene:

1352 954 1519 1001 neralia
1550 950 1719 1001 accessu
1735 986 1752 1009 ,
1788 951 1837 1003 δε
1855 951 2078 1003 concursu
2103 949 2264 1002 confir-

1351 1036 1504 1072 matur
1523 1057 1535 1070 .

1546 1142 1594 1181 In
1621 1139 1779 1182 nomine
1797 1139 1962 1183 Domini
1977 1168 1989 1182 .

1323 1258 1400 1300 Nos
1422 1257 1495 1299 Fr.
1518 1239 1689 1309 ‘joannes
1717 1260 1850 1299 Petrus
1875 1258 1902 1299 a*
1931 1257 2046 1301 Busta
2073 1256 2230 1299 Ordinis

1406 1313 1554 1357 Minor.
1574 1317 1614 1354 5.
1632 1314 1834 1371 Francifci
1850 1315 2135 1369 capuanorum

1535 1371 1735 1430 -Mimsser
1760 1375 1962 1416 Generalis
1977 1402 1990 1415 .
2069 1380 2071 1382 '

1414 1490 1591 1535 Uoniam
1608 1491 1660 1533 R.
1675 1491 1719 1532 P.
1741 1489 1967 1546 Cyprianus
1983 1489 2259 1539 Armachanus

1280 1491 1736 1651 QCommiffarius
1753 1550 1892 1591 nostrae
1914 1548 2103 1591 Miffionis
2118 1548 2265 1589 Hiber-

1468 1610 1540 1651 niae
1553 1637 1567 1660 ‚
1584 1607 1714 1651 Nobis
1730 1608 1934 1650 humiliter
1949 1607 2080 1662 dignis
2105 1605 2156 1647 de
2169 1618 2266 1647 cau-

1280 1666 1327 1710 fis
1352 1666 1588 1724 supplicavit
1609 1667 1650 1708 in
1675 1666 1872 1720 Capitulo
1905 1665 2095 1708 Generali
2119 1664 2159 1705 in
2186 1665 2273 1705 hac·

1279 1726 1398 1769 Alma
1414 1728 1528 1770 Urbe
1554 1723 1690 1768 mense
1713 1724 1807 1779 Maji
1836 1725 1957 1780 1698.
1986 1731 2264 1777 congregatO,

1279 1793 1325 1826 ut
1358 1785 1594 1827 constitutio
1607 1781 1875 1827 Commissarii
1903 1784 2015 1824 dietae
2044 1779 2263 1828 Miffionis,

1280 1856 1365 1897 quae
1378 1842 1496 1897 usque
1511 1842 1562 1883 ad
1581 1844 1660 1883 haec
1685 1851 1868 1895 tempora
1886 1839 1983 1880 facta
2015 1839 2093 1883 fuit.
2110 1839 2160 1880 ab
2175 1836 2264 1880 Ad-

1281 1898 1443 1941 modum
1460 1902 1513 1941 R.
1529 1901 1572 1941 P.
1589 1898 1766 1940 Ministro
1780 1898 1972 1940 Generali
1988 1925 2003 1946 ,
2019 1897 2262 1953 inposterum

1279 1956 1370 1999 effet
1385 1957 1574 2005 electiva,
1601 1957 1787 2012 dictoque
1801 1953 2080 1999 Commiffario
2095 1966 2266 2010 utraque

1280 2029 1357 2059 vox
1375 2017 1414 2057 in
1432 2015 1631 2072 Capitulis
1648 2017 1910 2058 Generalibus
1935 2015 2263 2064 concederetur3

1281 2077 1367 2116 Nos
1384 2075 1523 2116 habito
1538 2088 1611 2129 per
1638 2085 1728 2116 vota
1750 2073 1903 2117 secreta
1931 2072 2119 2116 consensu
2133 2071 2262 2127 majo-

1276 2132 1334 2171 ris
1351 2133 1473 2185 partis
1500 2132 1676 2186 ejusdem
1690 2133 1900 2186 Capituli,
1925 2133 1992 2174 cui
2005 2145 2054 2174 ex
2068 2131 2261 2173 mandato

1278 2188 1512 2230 Sanffiffimi
1544 2188 1707 2228 Domini
1740 2191 1875 2231 Nostri
1906 2193 2019 2243 Papae
2034 2189 2262 2232 Innocentii

1279 2246 1523 2289 Duodecimi
1539 2256 1751 2302 utrumque
1766 2249 1953 2300 punflum
1968 2248 2261 2301 proposuimus,

1282 2304 1428 2347 diuam
1457 2305 1696 2360 petitionem
1720 2303 1854 2358 justam
1880 2306 1919 2346 &
1947 2305 2259 2347 rationabilem,

1281 2360 1358 2402 effe
1381 2362 1650 2417 judicavimus
1671 2374 1686 2412 ;
1712 2362 1889 2417 Ideoque
1915 2370 2062 2404 tenore
2094 2367 2262 2418 praesen*

1280 2419 1380 2460 tium
1398 2418 1654 2461 decernimus
1669 2421 1705 2459 ὅτ
1720 2419 1980 2461 concedimus
1996 2448 2011 2469 ‚
2024 2428 2070 2461 ut
2086 2421 2262 2475 inposte-

1280 2477 1369 2520 rum
1392 2477 1593 2532 perpetuis
1612 2475 1859 2529 temporibus
1873 2476 2169 2518 Commissarius
2197 2478 2261 2518 di-

1279 2536 1348 2577 &ae
1362 2534 1548 2576 Miffionis
1566 2532 1792 2582 Hiberniae,
1806 2531 1873 2574 sub
1888 2534 2046 2575 nomine
2070 2534 2257 2577 Custodis

1276 2592 1546 2635 constituatur
1572 2593 1610 2633 in
1642 2590 1718 2634 fine
1746 2585 1958 2644 cujuslibet
1993 2593 2158 2634 triennii
2185 2606 2256 2646 per

1277 2650 1509 2693 canonicam
1538 2650 1801 2698 electionem,
1828 2648 1879 2691 ad
1902 2647 2060 2692 modum
2086 2650 2150 2691 steu
2171 2649 2258 2697 foi·-¹

1277 2724 1380 2753 mam
1395 2708 1666 2764 compromissi
1683 2707 1844 2749 limitati
1857 2705 2145 2759 faciendam,&
2161 2723 2257 2751 con-

1277 2766 1429 2811 cursum
1458 2767 1680 2810 nostrorum
1712 2764 2008 2820 Religiosorum
2038 2775 2257 2821 quartum-2

1276 2826 1501 2879 Religionis
1518 2839 1663 2868 annum
1685 2822 1966 2866 excedentium
1979 2849 1994 2872 a
2006 2824 2046 2864 δι
2063 2823 2113 2865 de
2124 2825 2256 2866 Fami·-

1279 2886 1332 2930 lia
1354 2885 1393 2926 in
1409 2884 1691 2927 Conventibus
1705 2880 1873 2933 Galliae,
1891 2882 1940 2927 ad
1968 2882 2137 2927 ean-dem
2162 2883 2255 2924 Mis-

1278 2944 1426 2989 fionem
1447 2943 1738 2998 pertinentibus
1749 2941 2004 2988 existentium
2034 2939 2252 2992 constitua-

1275 3013 1340 3045 tur
1355 3031 1370 3053 ,
1393 3016 1466 3044 nec
1483 3017 1560 3047 non
1576 3030 1590 3053 ‚
1605 3011 1646 3042 ut
1660 3000 1852 3042 idemmet
1869 2998 2012 3041 Custos
2042 2996 2107 3039 tali
2131 2998 2252 3040 modo

1273 3060 1423 3105 electus
1447 3061 1495 3108 fit
1510 3060 1659 3103 vocalis
1675 3061 1710 3100 in
1727 3057 1881 3112 singulis
1899 3057 2098 3110 Capitulis
2113 3058 2251 3098 Gene-

1272 3119 1422 3165 talibus
1435 3149 1449 3171 ‚
1464 3118 1710 3175 gaudeatque
1723 3115 1906 3158 omnibus
1929 3112 2187 3157 facultatibus
2211 3118 2249 3155 &

1271 3178 1543 3233 praerogativis
1560 3205 1574 3227 ‚
1598 3177 1734 3231 quibus
1763 3172 1830 3213 alii
1855 3171 2054 3216 Custodes
2083 3174 2122 3213 in
2139 3172 2249 3217 dieto

1270 3237 1467 3292 Capitulo
1482 3233 1678 3277 Generali
1705 3229 1878 3286 gaudere
1902 3230 2031 3272 solent
2047 3238 2249 3286 ,atun

1273 3296 1328 3337 ita
1344 3294 1564 3348 judicamus
1578 3321 1592 3343 ‚
1604 3289 1879 3340 decernimus,
1895 3291 2153 3334 concedimus
2170 3291 2253 3334 hoc,

1273 3353 1433 3397 &omni
1457 3351 1536 3394 alio
1559 3347 1719 3391 meliori
1737 3347 1887 3397 modo,
1914 3349 1952 3388 &
1971 3346 2097 3390 forma
2112 3349 2188 3389 διε.

1470 3466 1715 3521 Ετ.]οαοηεε
1732 3465 1873 3509 Petrus
1896 3463 1963 3521 qui
1980 3463 2095 3521 supra
2108 3467 2186 3506 &c.

1399 3649 1523 3688 Sacra
1555 3641 1810 3697 congregatio
1836 3639 2217 3697 Eminentlffimomm
2234 3668 2247 3692 ,

1272 3708 1320 3755 Β
1345 3698 1742 3757 Reverendiffimorum
1758 3699 1908 3741 sanelae
1926 3702 2109 3739 Romana
2119 3700 2250 3741 Eccle-

1256 3765 1332 3821 stae
1351 3761 1620 3805 Cardinalium
1643 3761 1802 3813 negotiis
1818 3786 1830 3806 ,
1847 3757 1894 3802 ζῇ·
1907 3756 2249 3811 confitlcatiom‘bus

1272 3822 1542 3880 Epistoporum
1558 3818 1604 3869 ἐς
1624 3818 1878 3915 Regulag’um
1896 3814 2125 3915 prfpositat‚
2148 3819 2249 3885 qra-

1818 3887 1842 3914 0
2120 3886 2197 3915 orn
