2756 4074
327 230 486 318 rem
518 293 539 323 ‚
590 222 682 314 &²
725 218 926 307 ‘Tibi
979 225 1060 304 in
1113 214 1302 302 libro
1342 220 1751 330 acceptam
1798 216 2213 308 materiam
2270 220 2395 309 de-

331 343 508 463 disse
566 343 903 430 arbitror
946 407 958 419 .
1028 333 1274 441 ‘Primi
1327 361 1478 418 non
1539 332 1915 451 linquitur
1978 336 2337 427 dubietas
2363 411 2384 440 ,

329 467 464 552 ubi
487 459 818 577 secundi
850 450 1095 568 divffa
1118 452 1484 569 praecedit
1528 459 1772 540 ratio.
1810 455 2039 541 Liber
2072 456 2385 577 comple-

330 586 557 671 clitur
606 577 1143 666 monumenta
1187 568 1623 688 Apostolica
1649 641 1669 671 ‚
1722 602 1883 689 qua
1935 575 2390 664 Provincias

323 699 618 816 nostras
656 690 913 780 Gallia
939 757 962 793 ‚
999 690 1089 778 δέ
1132 687 1526 807 Hispania
1581 719 2102 797 concernunt-3
2158 696 2248 784 Εὖ*
2282 702 2390 811 ip-

301 816 398 935 se
441 885 463 919 ,
519 816 651 930 qui
707 808 824 895 Te
878 810 1273 897 inter—'85³
1339 821 1767 924 utramque
1800 810 2005 899 banc
2071 815 2390 899 Monar-

327 933 587 1020 cbiam
617 925 811 1044 ‚sub
849 923 1134 1042 duplici
1179 930 1407 1012 unius
1460 935 1672 1044 regia
1719 928 1808 1016 δέ
1857 929 2038 1016 Tibi
2082 958 2392 1047 agnata

327 1051 635 1140 Domus
682 1049 997 1161 Sceptro
1028 1043 1217 1161 jam
1290 1048 1823 1163 conflorentem
1901 1055 2112 1166 viget
2174 1119 2197 1149 ‚
2266 1079 2392 1136 ne-

324 1198 470 1255 xus
515 1234 537 1268 ‚
608 1163 1073 1279 beneplaciti
1134 1169 1255 1249 tui
1310 1164 1712 1281 pollicetur
1768 1164 2173 1282 sequelam
2231 1238 2244 1252 .
2311 1171 2396 1256 Si

325 1291 456 1383 iis,
503 1288 637 1399 qui
679 1308 951 1368 contra
978 1280 1244 1397 plures
1291 1310 1541 1400 agunt
1582 1278 2049 1401 Genealogos
2087 1354 2109 1388 ,
2138 1283 2390 1398 fidem

327 1403 837 1489 adhibeamus
892 1469 914 1498 ,
971 1399 1227 1486 Gallia
1284 1411 1366 1487 in
1406 1400 1569 1517 sua
1634 1400 2009 1518 Phocenst
2070 1404 2395 1489 ⁶Provin-

329 1527 491 1619 cia,
557 1519 978 1607 Brinolium
1008 1590 1029 1618 ,
1086 1521 1294 1637 quod
1308 1517 1479 1638 juri
1526 1522 1797 1608 Patris
1860 1526 1980 1609 tui
2019 1547 2217 1610 tunc
2263 1523 2386 1607 ob-

302 1639 794 1756 sequebatur
819 1710 839 1738 ,
856 1662 1002 1757 pro
1041 1637 1198 1725 loco
1221 1639 1477 1754 felicis
1529 1645 1647 1727 tui
1692 1644 1909 1728 ortus
1938 1640 2198 1727 dedit:
2230 1643 2392 1726 De-

327 1759 441 1845 dit
487 1758 669 1843 Tibi
717 1757 1306 1874 &sanguinem
1352 1791 1444 1843 ex
1497 1756 1648 1874 ipso
1700 1763 1775 1844 S.
1826 1759 2197 1844 Ludovici
2245 1761 2391 1845 Re·-

317 1882 447 1993 gis
486 1905 769 1991 genere
816 1943 838 1973 ,
899 1905 1072 1958 cum
1119 1901 1306 1958 tuus
1356 1874 1478 1958 bic
1527 1874 1781 1987 fuerit
1850 1876 2344 1988 Propatruus
2378 1945 2396 1961 .

334 1994 544 2081 dedit
587 1996 675 2082 &³
717 1990 818 2077 bu
813 1988 953 2108 jus
1001 1996 1083 2075 in
1131 1987 1530 2108 Baptffmo
1578 2020 1851 2074 nomen
1900 2061 1920 2089 ‚
1974 2016 2064 2076 ut
2107 2061 2128 2090 ,
2169 2022 2396 2107 quem

334 2113 699 2210 imiteris,
742 2142 836 2197 ex
889 2116 1185 2196 nomine
1219 2108 1495 2195 collato
1531 2106 1977 2225 agnosceres
2014 2177 2030 2195 .
2070 2114 2396 2198 Lutetia

338 2231 860 2333 Parifiorum‚
907 2225 1444 2346 Monspellium
1489 2298 1510 2327 ,
1562 2227 2041 2343 Tarascum‚
2093 2229 2183 2316 δέ
2230 2230 2395 2318 alia

329 2357 543 2466 regni
584 2351 749 2436 loca
790 2377 1051 2434 vocem
1094 2375 1317 2436 tua-m
1356 2355 1436 2433 in
1475 2352 1767 2435 virtute
1810 2346 2217 2463 Evangelii
2252 2378 2395 2436 au-

330 2469 696 2555 diverunt
734 2500 749 2548 :
796 2464 1070 2582 Tolosa
1123 2467 1558 2585 Testupuit
1597 2462 2053 2584 Epffcopum
2086 2466 2398 2554 dotibus
2523 2556 2525 2558 ,

333 2590 728 2682 omnibus,
777 2617 976 2703 quas
1013 2589 1130 2673 ⁶1).
1184 2585 1488 2673 Paulus
1530 2583 1927 2698 recenset,
1978 2611 2397 2672 ornatum:

332 2707 759 2795 Brinolium
795 2701 1306 2824 ipsum‚quod
1335 2734 1579 2793 cunas
1613 2705 1847 2804 dedit,
1866 2707 2070 2820 aque
2088 2709 2399 2820 patien-

332 2830 451 2911 tia
491 2895 512 2930 ‚
556 2854 718 2942 qua
769 2825 1154 2943 rigidioris
1191 2826 1435 2912 morbi
1474 2825 1763 2911 dolores
1788 2822 2178 2940 pertulisti
2227 2892 2248 2922 ,
2306 2850 2404 2910 ac

335 2952 620 3056 magni
664 2943 983 3052 spiritfis
1019 3015 1039 3044 ,
1092 2975 1240 3061 quo
1293 2946 1590 3030 ultima
1632 2944 1889 3029 vidisti
1928 3009 1952 3043 ,
1996 2941 2086 3043 &²
2136 2967 2399 3030 matu-

336 3094 507 3148 rum
552 3067 729 3148 vita
783 3061 1130 3175 occasum
1169 3063 1605 3181 acceptasti·
1644 3131 1666 3161 ‚
1731 3088 2036 3148 marens
2070 3056 2244 3174 ficit
2287 3087 2400 3148 te-

338 3183 476 3266 slis
526 3214 543 3261 ε
582 3179 942 3268 Cadaver
988 3208 1212 3271 tuum
1256 3183 1611 3302 fflslaffilia
1650 3249 1671 3279 ‚
1713 3182 1862 3298 quo*
1902 3177 2267 3266 cadentes
2309 3179 2403 3268 de

343 3300 509 3384 coelo
570 3301 771 3385 radii
806 3302 893 3386 id
924 3306 1546 3398 comitabantur,
1597 3301 1884 3388 devota
1932 3301 2405 3415 excepit‚&

343 3441 486 3502 tua
515 3418 1375 3537 apotheofieossolemnia
1413 3425 1630 3538 regid
1649 3419 2067 3506 celebravit
2084 3422 2397 3535 pompd.

357 3598 359 3601 ·
466 3540 638 3623 Nec
673 3570 968 3626 minora
980 3539 1181 3655 sunt
1202 3614 1224 3648 ,
1259 3544 1545 3662 quibus
1579 3534 2045 3655 Hffpaniam
2077 3541 2413 3624 exorna-⁴.

347 3653 471 3749 fii,
491 3679 654 3739 tum
700 3683 844 3745 tua
872 3668 1214 3766 virtutis,
1242 3689 1410 3751 tum
1420 3660 1582 3778 sua
1588 3656 1856 3774 sortis,
1885 3656 2180 3743 decora.
2202 3658 2396 3743 Bar·-

2138 3801 2338 3861 cmo-
