2612 4100
1064 202 1147 292 P
1166 227 1209 288 r
1229 230 1273 288 o
1291 199 1346 289 t)
1382 203 1404 223 ”
1417 230 1470 289 n
1488 202 1578 289 'ci
1600 214 1655 290 a

302 360 443 408 'templa
461 357 537 397 solo
549 353 762 406 aquaverit2
787 365 847 400 per
861 350 1036 389 Miffiones
1059 349 1095 386 &
1111 347 1347 386 auctoritatem
1360 371 1371 389 ‚
1391 359 1455 404 qua
1487 347 1522 383 in
1537 345 1627 383 Aula
1645 344 1808 402 Josephus
1833 343 1982 392 pollebat
1994 348 2196 400 ,privilegia
2217 362 2281 399 per
2293 350 2372 389 Edi-¹

302 413 396 449 dum
405 408 618 447 Nannetense
636 407 714 443 aliiis
730 403 786 440 fibi
800 402 948 438 concessa
962 426 972 441 ‚
998 408 1056 435 aut
1071 398 1259 438 demenda,
1286 404 1344 433 aut
1385 396 1553 434 limitanda
1566 396 1642 432 fore
1657 403 1766 432 timuit
1780 420 1792 438 ,
1814 398 1849 433 δε
1862 397 1945 433 vere
1960 399 2117 443 praedixit
2128 420 2140 442 -‚
2166 401 2372 440 namsamu.

302 462 359 497 rio
374 460 648 497 Gubernatorem
660 479 672 496 ,
693 461 746 489 Du
761 449 868 496 Bleffis
878 456 1015 497 Mornay
1033 471 1044 488 ,
1063 447 1122 495 qui
1137 446 1174 483 ὅ(
1185 445 1268 483 alios
1280 445 1311 482 in
1324 457 1486 483 errorem
1499 445 1669 482 abducere
1685 467 1696 486 ,
1721 452 1778 481 aut
1798 445 1832 483 in
1844 457 1889 481 eo
1909 454 2059 482 nutantes
2073 448 2205 486 firmare
2216 474 2227 491 ,
2252 452 2367 487 nativa

303 509 362 545 sua
373 507 525 545 facundia
535 504 629 541 facile
643 509 775 549 poterat
791 522 806 540 ,
829 497 983 543 elongari
1006 495 1159 533 curavit·
1181 495 1274 531 Dum
1287 496 1324 531 &
1335 495 1414 532 Rex
1426 520 1438 536 ,
1466 493 1633 532 &locum
1648 494 1683 529 S·
1695 494 1834 531 Joannis
1851 496 1883 530 d’
1895 494 2033 542 Angeli
2047 518 2059 536 ‚
2075 494 2284 535 Montalbani
2300 500 2369 535 &c.

302 557 523 603 subiugavit,
546 555 580 590 &
601 549 817 597 pertinaciam
841 545 1092 583 Haeretieorum
1104 543 1203 583 armis
1225 543 1348 590 fregit,
1372 544 1537 588 Josephus
1556 544 1684 578 donum
1705 542 1784 578 fidei
1799 543 1935 579 Miffion
1948 544 2022 580 ibus
2041 543 2154 580 intulit
2169 568 2181 587 ,
2206 547 2242 582 δι
2261 546 2365 593 vigili

305 606 414 644 oculo
427 602 516 640 dolis
533 598 751 638 rebelliumin
765 594 965 632 Pistavienfi
977 594 1123 641 regione
1139 617 1151 635 ,
1166 594 1184 629 'a
1196 591 1338 638 Rupelle
1353 592 1497 637 perfidia
1530 591 1680 628 sotorum
1697 592 1859 629 attendit.
1883 591 1996 628 Rediit
2009 593 2085 628 Rex
2107 595 2144 630 δι
2156 604 2248 631 anno
2262 597 2369 632 1622.

305 654 496 691 &murium
507 677 519 693 ‚
547 648 603 685 ubi
619 647 729 685 audita
739 642 875 689 Josephi
892 643 935 679 de
949 642 1031 680 statu
1043 642 1235 689 Religionis
1245 640 1411 677 relatione
1428 665 1440 682 ,
1461 639 1597 686 reliqua
1614 640 1724 677 vicina
1743 640 1819 678 loca
1834 641 1900 677 suae
1926 640 2131 684 obedientiae
2143 642 2289 680 subdere
2301 644 2367 679 de-

309 702 445 744 crevi„
472 699 565 749 quod
578 698 614 734 &
626 693 771 731 feliciter
788 692 960 734 succeslit,
982 693 1017 730 δι
1030 717 1042 734 ,
1064 691 1236 738 postquam
1251 690 1327 724 Rex
1350 689 1418 734 ipse
1430 689 1628 734 apostolico
1638 689 1771 736 Josephi
1786 689 1894 726 labori
1912 689 1946 725 se
1962 689 2144 737 plurimum
2161 692 2290 728 debere
2307 691 2370 729 fas·

310 751 365 787 su,
391 750 438 786 est
457 773 469 789 ,
493 749 581 783 hune
600 745 642 780 ab
664 753 710 778 eo
734 749 916 787 tempore,
938 752 1012 788 quo
1036 738 1276 785 Monspellium
1298 737 1494 778 obsideret,
1519 737 1709 774 continuari
1739 739 1868 775 monuit
1888 753 1899 774 ε
1926 739 2119 777 Armandus
2136 745 2249 776 autem
2266 763 2281 781 ,
2305 752 2369 787 per

312 798 426 834 officia
437 795 569 841 Regine
593 792 700 828 Sacro
711 788 940 827 Cardinalium
958 788 1126 836 Collegio
1139 790 1157 824 a
1168 786 1347 833 Gregorio
1359 786 1432 822 XV.
1444 786 1624 832 adscriptus
1640 811 1651 828 ,
1676 785 1772 823 illum
1787 788 1967 834 expeditis
1990 788 2140 834 negotiis
2157 788 2199 823 ad
2212 789 2367 827 Aulam..

311 847 364 883 Re
393 845 419 880 is
431 842 563 880 vocavit
573 864 585 876 .
603 842 647 877 A·
659 839 764 877 latere
777 838 967 876 Cardinalis
982 849 1050 875 non
1066 835 1207 885 amplius
1219 833 1328 871 fuisset
1340 834 1467 871 divisus
1477 859 1489 876 ,
1513 835 1547 869 ni
1561 834 1753 883 Capitulum
1769 837 1942 874 Aureliani
1958 841 2062 884 1623·
2077 835 2287 873 celebratum
2298 837 2371 874 adi-

308 905 346 929 re
386 891 525 929 ebuiffet
537 914 548 925 .
573 889 758 935 Nunquam
774 895 847 925 tuta
859 887 966 923 virtus
978 886 1099 933 insigni
1117 887 1173 923 hic
1192 885 1224 920 in
1232 883 1380 928 Josepho
1398 883 1462 919 fuit
1477 881 1621 922 lacessita
1635 884 1808 921 calumnis:
1823 886 1952 924 invidia
1965 897 2046 922 eum
2057 885 2224 922 doctrina:
2239 897 2308 922 non
2323 885 2371 926 sae

306 952 358 978 nae
374 942 406 977 in
424 940 487 976 suo
496 938 676 977 Orationis
690 935 843 972 mentalis
859 933 949 973 libro
970 935 1137 972 accusavit
1153 948 1164 969 ε
1188 942 1220 970 at
1239 933 1453 968 innocentem
1476 940 1544 968 tum
1556 933 1722 970 Sorbonae
1741 934 1881 971 censura
1893 959 1905 976 ,
1918 944 1990 970 tum
2004 932 2147 970 collatio
2161 934 2368 971 Provincia·

306 988 392 1026 latus
406 986 642 1025 declararunt.
667 986 841 1030 Tempore
852 1008 864 1026 ,
889 995 964 1030 quo
972 984 1106 1020 Fratres
1118 981 1263 1021 visitavit
1274 1007 1285 1023 ‚
1311 980 1418 1018 adivit
1428 981 1464 1017 δι
1477 979 1647 1018 Missionis
1661 982 1734 1018 loca
1743 1007 1756 1024 ,
1780 994 1818 1019 ac
1833 983 2045 1031 Neophytos
2058 982 2092 1018 iu
2104 982 2172 1019 fide
2184 982 2293 1019 confir
2302 994 2372 1021 ma·

305 1038 358 1074 vit
376 1060 387 1072 .
411 1036 554 1074 Viribus
575 1036 621 1072 ita
639 1034 764 1071 fractus
778 1058 790 1074 ,
808 1042 846 1068 ut
866 1031 932 1067 iter
941 1033 1134 1069 Romanum
1150 1057 1160 1074 ,
1183 1032 1275 1080 quod
1291 1027 1528 1072 incumbebat,
1544 1031 1696 1076 pedester
1707 1030 1817 1067 facere
1831 1033 1893 1068 vix
1907 1033 2016 1079 posset
2030 1056 2042 1071 ,
2070 1032 2278 1070 convocavit
2293 1032 2364 1069 Ca·

306 1085 451 1133 pitulum
465 1111 476 1127 ‚
503 1093 542 1121 ut
556 1084 751 1132 Magistratu
766 1080 960 1119 Provinciae
978 1080 1014 1116 se
1031 1081 1229 1122 abdicaret;
1255 1081 1391 1116 Fratres
1413 1087 1522 1114 autem
1549 1086 1587 1114 ut
1610 1079 1703 1116 votis
1716 1080 1936 1122 accederent,
1955 1080 2113 1116 obtinere
2135 1092 2202 1117 non
2233 1080 2367 1126 potuit.

309 1136 367 1171 Ad
385 1135 486 1171 finem
502 1132 655 1179 Capituli
667 1130 806 1177 epistola
820 1129 853 1165 ei
868 1127 966 1167 allata
980 1129 1028 1166 est
1039 1153 1052 1172 ,
1071 1142 1139 1177 qua
1152 1126 1344 1166 Cardinalis
1362 1127 1405 1162 de
1420 1127 1594 1166 Richelieu
1607 1128 1639 1163 se
1652 1128 1804 1166 Primum
1815 1128 2006 1166 Ministrum
2029 1128 2071 1165 ad
2085 1139 2202 1174 preces
2220 1128 2366 1172 Reginae

310 1183 331 1219 ὶ
346 1184 447 1230 Rege
463 1182 674 1219 nominatum
689 1184 753 1216 ess'e
767 1177 814 1215 illi
838 1178 1027 1220 intimavit,
1052 1189 1201 1227 eumque
1215 1178 1255 1215 ad
1281 1178 1345 1213 iter
1361 1175 1506 1213 Parisios
1528 1174 1792 1214 accellerandum
1812 1177 2026 1215 sollicitavit.
2054 1177 2124 1212 Per
2140 1178 2268 1212 menses
2289 1188 2371 1213 cum

312 1231 497 1269 Cardinale
513 1230 612 1279 egit,
637 1230 673 1267 δι
689 1229 778 1266 varia
789 1226 1027 1265 commissione
1043 1227 1132 1264 circa
1145 1228 1276 1263 Ducem
1292 1224 1469 1263 Sabaudiae
1480 1251 1493 1268 ,
1514 1227 1551 1263 &
1561 1226 1740 1274 negotium
1758 1225 1862 1262 Vallis
1876 1224 2018 1262 Tellinae
2040 1225 2217 1262 instructus
2231 1226 2375 1262 Romam

315 1280 484 1316 discessit.
2358 1288 2362 1292 ⁴

412 1328 595 1374 Temporis
613 1326 762 1373 perditio
773 1325 864 1364 foret
880 1324 1010 1363 referre
1020 1325 1171 1363 honores
1183 1351 1196 1368 ,
1215 1325 1343 1373 quibus
1359 1324 1431 1361 haec
1445 1333 1543 1362 notas
1555 1323 1612 1360 fibi
1625 1323 1754 1360 dudum
1769 1323 1905 1370 Josephi
1918 1323 2019 1360 dotes
2030 1322 2156 1370 ubique
2168 1321 2372 1358 cumulavit:

310 1376 481 1414 meruit&
494 1378 577 1414 hanc
595 1375 839 1413 distinfiionem
857 1374 961 1420 ipsum
978 1387 1085 1422 grave
1101 1374 1303 1411 Missionum
1317 1375 1349 1410 in
1365 1373 1514 1411 Oriente
1527 1399 1538 1415 ,
1557 1373 1749 1418 &partibus
1763 1371 1951 1410 infidelium
1968 1371 2244 1408 instituendarum
2259 1381 2376 1412 nego·

309 1426 394 1463 tium
409 1449 421 1466 ,
446 1427 541 1473 quod
555 1434 625 1462 tum
644 1424 940 1472 prudentia,quam
956 1423 1074 1461 littera:
1084 1423 1269 1461 Pontificiae
1286 1422 1349 1459 fol.
1363 1434 1422 1469 49.
1449 1424 1562 1460 relatae
1578 1421 1709 1458 eximio
1724 1422 1961 1459 commendant
1977 1419 2098 1466 elogio
2110 1445 2121 1462 ‚
2150 1417 2221 1456 t‘um
2237 1417 2375 1461 frueu.

309 1485 414 1521 quem
432 1474 574 1511 Ecclefia
585 1474 705 1511 Sancta
722 1472 913 1508 Dei.adhuc
929 1471 1115 1510 hodiedum
1139 1473 1306 1518 percipit,
1330 1475 1370 1509 ad
1387 1471 1488 1509 finem
1503 1473 1596 1508 suum
1612 1471 1780 1517 perduxit
1792 1495 1803 1512 ,
1826 1470 1871 1507 ita
1882 1479 1920 1506 ut
1939 1469 2011 1506 fine
2023 1468 2294 1506 contradictione
2308 1479 2373 1512 nou,

309 1533 388 1558 men
405 1523 613 1560 Fundatoris
626 1521 823 1559 Missionum
845 1521 1032 1558 nostrarum
1046 1521 1207 1558 Orientis
1218 1545 1229 1563 ,
1254 1522 1401 1558 Canadae
1424 1523 1491 1559 &c-
1502 1520 1653 1566 Josepho
1667 1520 1830 1555 debeatur
1843 1541 1855 1553 .
1874 1518 1977 1556 Liber
1990 1519 2133 1555 accessus
2163 1520 2203 1553 ad
2220 1518 2376 1562 Papam-2

310 1579 394 1607 tunc
405 1572 578 1608 Urbanum
594 1572 687 1608 vm.
705 1571 781 1607 bina
798 1570 872 1607 vice
893 1570 1165 1607 hebdomadatim
1185 1571 1216 1606 ei
1230 1570 1294 1606 fuit
1308 1574 1481 1607 concessus
1497 1595 1509 1612 ‚
1535 1580 1611 1606 cum
1625 1569 1721 1615 aeque
1742 1568 1881 1604 comitas
1892 1567 1938 1603 sui
1965 1566 2129 1604 sermonis
2152 1591 2164 1608 ‚
2187 1578 2225 1602 ac
2235 1567 2374 1612 pondu

310 1630 430 1658 rerum
456 1621 703 1658 tractandarum
716 1644 727 1659 ,
747 1618 1039 1655 conversationem
1055 1623 1130 1663 ejus
1145 1619 1310 1664 volupem
1326 1644 1337 1661 ,
1365 1631 1404 1656 ac
1428 1618 1640 1656 necessariam
1667 1616 1876 1654 reddiderit.
1903 1615 2231 1654 InfelicemOrdinis
2246 1613 2375 1652 militie

314 1667 512 1707 Christianae
529 1669 799 1710 successum‚dum
822 1667 910 1712 Papa
921 1666 1020 1703 semel
1034 1669 1302 1715 movit,e‚·usque
1320 1669 1468 1706 rationes
1490 1666 1744 1715 exquifivit,eas
1758 1663 2035 1712 Iosephusample
2048 1662 2378 1710 deduxit,flmulque

309 1726 435 1762 poema
452 1718 543 1753 suum
561 1742 573 1759 ,
591 1719 754 1754 Turciada
771 1715 968 1757 vocitatum,
987 1714 1019 1752 ei
1033 1716 1179 1753 obtulit.
1196 1717 1292 1753 Tanti
1309 1717 1341 1752 id
1354 1717 1433 1753 fecit
1448 1717 1665 1761 Papa,maior
1675 1715 1724 1750 sui
1742 1714 1906 1761 temporis
1921 1723 2036 1760 poeta,
2047 1723 2083 1750 ut
2096 1712 2262 1749 AEneadas
2275 1711 2381 1748 Chri-

311 1763 430 1800 stianas
443 1764 528 1800 illud
550 1766 739 1802 nominaret
753 1789 764 1805 ,
786 1767 821 1801 δι
834 1765 867 1800 in
884 1764 1019 1802 laudem
1037 1765 1200 1800 Authoris
1214 1766 1331 1800 versus
1347 1766 1509 1811 quosdam
1523 1772 1682 1805 caneret,
1696 1763 1895 1800 Pontificiis
1911 1763 2077 1808 operibus
2090 1762 2239 1798 insertos
2250 1785 2260 1795 .
2284 1760 2379 1797 Vota

310 1811 497 1847 adOrdinis
510 1812 618 1846 officia
642 1811 650 1841 i
656 1811 844 1853 nCapitulo
854 1821 923 1845 non
938 1809 1100 1849 tulit‚cum
1109 1811 1372 1846 eumPontificio
1383 1813 1543 1846 consensu
1562 1811 1708 1846 consiliis
1723 1812 1762 1846 δι
1772 1810 1843 1844 usui
1855 1809 2222 1854 primiGalliaeMinistri
2235 1809 2273 1844 δι
2285 1808 2377 1844 Cat·-

310 1858 428 1895 dinalis
443 1859 487 1894 de
501 1857 681 1895 Richelieu
700 1857 897 1892 destinatum
911 1856 976 1889 erse
992 1879 1004 1895 ,
1030 1855 1219 1891 Cardinalis
1229 1857 1353 1892 praeses
1361 1857 1512 1902 Capituli
1525 1856 1730 1892 nuntiaverit
1740 1879 1750 1889 .
1780 1857 1872 1891 Abiit
1885 1866 2000 1891 autem
2010 1856 2160 1900 repletus
2179 1854 2372 1892 Pontificiis

311 1907 414 1944 donis
426 1931 438 1948 ,
452 1906 568 1951 gratiis
583 1931 593 1948 ,
616 1908 652 1943 &
667 1904 803 1942 indultis
816 1928 828 1945 ,
847 1914 994 1951 quorum
1009 1903 1224 1950 praeclariora
1238 1905 1295 1941 alii
1314 1905 1497 1951 Capucino
1517 1915 1686 1951 nunquam
1698 1903 1916 1950 obtigerunt.
1944 1905 2032 1941 Data
2051 1905 2083 1940 in
2098 1906 2251 1948 regreffu
2269 1903 2374 1951 Regi,

310 1955 530 1995 &Cardinali
546 1955 704 1990 Ministro
716 1952 869 1989 aetorum
883 1952 1020 1988 suorum
1033 1953 1187 1991 ratione,
1212 1955 1248 1988 βε
1269 1952 1420 1987 triennio
1446 1952 1626 1987 Ministerii
1647 1952 1698 1986 sui
1721 1953 1898 1995 expirante
1913 1977 1925 1992 ‚
1945 1952 2145 1996 Capitulum
2158 1965 2251 1989 anno
2271 1956 2379 1998 1625·

312 2003 538 2039 convocavit,
565 2003 599 2035 in
613 2011 685 2044 quo
698 1999 838 2034 Ordinis
852 1999 889 2031 &
914 1997 1104 2039 provinciae
1125 1998 1246 2031 muniis
1261 1997 1471 2032 renunciavit
1483 2019 1494 2036 ,
1519 1997 1717 2032 Missionum
1729 1997 1965 2034 Orientalium
1982 1999 2191 2034 Praefectura
2206 2023 2219 2040 ,
2245 2010 2378 2047 quam,

315 2052 387 2090 eius
400 2050 442 2084 ad
455 2045 676 2084 Cardinalem
694 2044 888 2079 Ministtum
902 2044 1043 2079 recessus
1057 2042 1221 2088 impedire
1234 2054 1300 2079 non
1316 2051 1469 2089 poterat,
1493 2041 1563 2080 imo
1575 2067 1587 2084 ,
1599 2054 1676 2089 quae
1687 2042 1820 2079 illarum
1832 2056 1909 2082 com
1919 2046 2021 2081 moda
2035 2047 2206 2093 adaugere
2216 2047 2376 2090 debebat,

316 2097 374 2134 fibi
394 2099 555 2133 duntaxat
578 2094 742 2130 reservata
756 2114 770 2127 .
797 2091 1055 2137 Primum‚quod
1069 2090 1260 2127 Cardinalis
1273 2092 1426 2128 Minister
1439 2093 1470 2127 ei
1485 2092 1694 2129 commiserat
1713 2093 1894 2140 negotium
1918 2094 1984 2130 fuit
2000 2091 2082 2130 illud
2098 2097 2260 2140 pertinaci
2283 2095 2378 2132 bello

316 2145 520 2191 complicatae
532 2142 635 2178 Vallis
651 2140 790 2177 Tellinae
803 2165 815 2182 ,
832 2141 873 2176 ad
895 2142 989 2186 quod
1007 2139 1096 2176 felici
1113 2140 1262 2176 termino
1275 2142 1415 2177 tandem
1447 2140 1725 2178 concludendum
1739 2167 1750 2182 ‚
1772 2143 1906 2180 Orator
1918 2144 1959 2179 ad
1976 2143 2110 2190 Regem
2126 2144 2377 2182 catholicum„

319 2194 490 2230 Dominus
508 2195 550 2228 du
565 2194 682 2239 Fargis
694 2191 724 2227 in
740 2189 932 2235 Hispaniam
950 2189 1122 2235 ablegatus
1135 2190 1182 2224 est
1195 2213 1204 2223 .
1225 2190 1302 2225 Fuit
1321 2191 1356 2226 &
1384 2189 1526 2235 fignatus
1541 2189 1585 2226 ibi
1607 2189 1769 2226 tractatus
1785 2202 1796 2231 ;
1818 2201 1896 2226 cum
1909 2199 2021 2228 tamen'
2036 2192 2243 2229 instructioni
2260 2195 2279 2230 a
2292 2193 2378 2230 Car-

319 2242 429 2278 dinale
443 2241 597 2278 Ministro
611 2241 648 2277 &
663 2239 874 2284 Fr.J0sepho
884 2238 969 2274 datae
979 2239 1084 2274 minus
1097 2239 1322 2275 concordaret
1339 2263 1350 2279 ,
1373 2238 1427 2275 hic
1439 2239 1526 2274 illius
1539 2237 1698 2282 articulos
1714 2239 1804 2274 adeo
1814 2238 2005 2277 immutavit
2015 2262 2030 2285 ,
2054 2249 2093 2276 ut
2105 2240 2222 2278 laudes
2234 2243 2254 2278 a
2269 2243 2378 2288 Papa,

323 2291 473 2336 Regibus
491 2290 609 2326 Galliae
625 2291 660 2326 &
684 2287 851 2333 Hispaniae
865 2311 875 2327 ,
899 2298 938 2324 ac
950 2286 1133 2324 Cardinale
1145 2285 1307 2323 Ministro
1327 2287 1383 2324 sibi
1400 2287 1652 2332 comparaverit
1665 2287 1894 2324 immortales.
1922 2288 2033 2325 Vertit
2044 2289 2183 2333 tandem
2195 2291 2228 2326 se
2243 2316 2257 2335 ,
2281 2291 2378 2337 quod

322 2338 384 2385 ipfi
403 2339 610 2384 potissimum
626 2337 721 2374 cordi
738 2344 829 2377 etat,
853 2335 894 2370 ad
910 2335 1111 2372 Missionum
1129 2335 1358 2372 Orientalium
1380 2348 1491 2383 opus3
1516 2335 1648 2372 initium
1672 2338 1747 2378 eius
1769 2334 1851 2372 fecit
1869 2338 2040 2383 emptione
2059 2337 2282 2382 hospitiorum
2296 2363 2308 2381 ,
2333 2339 2376 2376 ad
2409 2347 2414 2351 ”

320 2399 398 2433 quae
415 2386 616 2425 Missionarii
640 2388 672 2422 in
690 2385 743 2421 via
758 2384 929 2420 divertere
943 2385 1111 2421 debebant
1122 2408 1133 2419 .
1157 2385 1197 2420 Et
1209 2385 1286 2420 ficut
1299 2386 1360 2421 hos
1373 2397 1417 2422 ex
1428 2384 1637 2432 quibuslibet
1647 2385 1891 2422 Conventibus
1903 2386 2108 2433 excerpendi
2121 2386 2260 2426 liberam
2274 2387 2378 2424 habe-

320 2437 376 2472 bat
388 2435 580 2478 facultatem
591 2459 602 2475 .
628 2436 672 2470 ita
686 2434 771 2469 intra
786 2433 890 2468 breve
906 2442 1038 2477 tempus
1050 2442 1182 2470 centum
1199 2432 1334 2469 Fratres
1345 2459 1358 2476 ,
1379 2435 1434 2480 qui
1451 2433 1617 2471 vexillum
1630 2433 1752 2470 Crucis
1763 2435 1803 2471 ad
1819 2435 1951 2471 ultimas
1963 2445 2064 2472 terrae
2080 2434 2196 2483 plagas
2212 2445 2367 2483 portare.

318 2485 356 2520 &
370 2484 529 2530 sanguine
544 2484 708 2532 Martyrii
729 2480 950 2527 Evangelium
960 2482 1035 2520 Jesu
1053 2482 1178 2518 Christi
1210 2482 1342 2518 firmare
1363 2483 1565 2530 gestiverant
1580 2507 1593 2524 ,
1618 2483 1770 2528 reperit:
1791 2495 1945 2530 quorum
1965 2483 2097 2531 aliquos
2129 2484 2162 2521 in
2175 2485 2369 2528 Graeeiam,

322 2532 406 2569 alios
421 2534 453 2569 in
471 2533 667 2569 palestinam
682 2557 692 2574 ‚
710 2532 745 2568 &
758 2530 843 2567 aiios
858 2532 889 2566 in
907 2530 1102 2568 Armeniam
1117 2531 1183 2567 &c.
1197 2530 1368 2577 ablegavit
1382 2554 1393 2566 .
1419 2531 1532 2569 Institit
1547 2533 1583 2569 &
1595 2542 1661 2578 pro
1674 2530 1743 2568 aliis
1754 2533 1831 2570 Rex
1839 2531 2002 2579 Georgiae
2017 2557 2028 2573 ,
2042 2532 2292 2577 communionis
2305 2534 2373 2570 Ca-

322 2581 456 2619 tholicae
474 2582 577 2618 fidem
592 2581 764 2627 amplexus
782 2604 792 2621 ,
825 2580 1045 2627 eiusdemque
1058 2580 1249 2626 exemplum
1264 2579 1426 2616 Chienses
1439 2606 1450 2623 ‚
1472 2580 1677 2618 Smirnenses
1690 2605 1702 2620 ,
1714 2580 1923 2628 Aleppenses
1934 2584 2000 2619 διε.
2013 2581 2089 2616 sunt
2112 2581 2216 2619 secuti
2228 2605 2239 2617 .
2264 2581 2373 2620 Reso-

322 2638 422 2666 nante
437 2631 541 2676 usque
553 2632 593 2666 ad
608 2631 784 2665 Thronum
799 2628 897 2674 Papae
911 2630 992 2665 novi
1013 2628 1137 2665 fructus
1158 2626 1333 2674 Evangelii
1349 2627 1436 2665 fama
1447 2654 1458 2671 ,
1483 2629 1565 2666 alios
1580 2629 1783 2670 Tunefium‚
1810 2629 2014 2676 Alget-ium.
2038 2628 2180 2667 Cairum
2196 2655 2208 2672 ‚
2230 2630 2377 2675 Naxiam

322 2681 392 2716 &c.
404 2679 586 2719 dimittere,
605 2678 707 2714 literis
721 2678 834 2715 Sacrae
848 2676 1141 2724 Congregationis
1154 2678 1197 2712 de
1213 2679 1431 2723 Propaganda
1446 2678 1527 2715 Fide
1539 2678 1646 2724 iussus
1658 2678 1704 2713 est
1714 2701 1724 2712 .
1749 2677 1858 2714 Evicit
1869 2679 1904 2715 ἃ
1918 2690 1981 2726 per
1990 2678 2095 2721 Regis
2108 2677 2373 2716 christianissimi

324 2728 510 2764 Oratorem
525 2750 536 2767 ,
561 2736 597 2763 ut
612 2727 646 2763 ἃ
661 2726 692 2762 in
705 2726 776 2770 ipso
791 2725 906 2764 Turcae
922 2725 1074 2771 Imperio
1088 2726 1121 2761 in
1143 2725 1274 2768 locis‚in
1287 2727 1407 2772 quibus
1419 2727 1562 2765 Franciae
1573 2725 1739 2762 Consules
1756 2727 1945 2774 degerent,
1968 2727 2147 2764 Missiones
2163 2753 2174 2770 ‚
2190 2729 2228 2765 &
2251 2730 2284 2765 in
2306 2728 2375 2774 ipsa

322 2775 441 2813 Turcae
461 2775 606 2812 resident
616 2776 644 2811 ia
663 2775 858 2820 Hospitium
872 2778 906 2812 ὅ(
919 2775 1040 2814 Schola
1060 2786 1124 2820 pro
1134 2775 1326 2814 ,iuventutis
1340 2776 1553 2813 instructione
1570 2775 1823 2812 instituerentur
1841 2800 1850 2809 .
1864 2776 1998 2812 Partem
2009 2776 2147 2813 Gallica:
2160 2777 2281 2823 gloriae
2295 2788 2373 2814 cum

325 2826 362 2861 δε
374 2824 540 2870 Hispaniae
551 2826 588 2862 δι
604 2824 703 2861 ltaliae
720 2824 910 2860 Provinciae
926 2825 1109 2864 ambirent,
1123 2824 1354 2862 Missionarios
1378 2837 1517 2871 quoque
1533 2824 1608 2861 illuc
1622 2822 1754 2860 mittere
1768 2823 1949 2861 statuerunt
1969 2837 1980 2858 ε
2005 2824 2239 2862 confusionem
2247 2825 2375 2862 Natio-

326 2885 405 2910 num
419 2870 528 2910 noluit
542 2873 578 2908 S.
589 2873 829 2920 Congregatio
842 2897 852 2913 ,
879 2885 921 2909 ne
941 2872 1072 2908 fruetus
1087 2873 1260 2918 Evangelii
1274 2872 1396 2908 exinde
1414 2873 1657 2917 impediretur.

427 2921 497 2958 Vix
513 2930 624 2957 autem
639 2922 737 2966 primi
753 2921 952 2957 Missionarii
965 2921 1120 2957 indictam
1139 2922 1195 2958 fibi
1209 2922 1380 2959 stationem
1392 2921 1658 2967 attigerant‚sors
1673 2919 1748 2957 illos
1760 2920 1894 2963 divine,
1920 2921 1975 2958 alii
1987 2921 2124 2959 enimin
2137 2921 2282 2959 Perfiam
2294 2923 2374 2964 ,alii

326 2969 360 3006 in
377 2970 570 3007 Armeniam
582 2996 592 3011 ‚
623 2969 678 3006 alii
692 2972 731 3006 ad
746 2969 905 3007 Montem
915 2970 1029 3006 Libani
1044 2994 1056 3010 ,
1082 2970 1135 3007 alii
1148 2971 1180 3006 in
1194 2968 1399 3006 Babiloniam
1413 2972 1479 3006 &c.
1493 2969 1577 3006 missi
1593 2970 1665 3004 sunt
1678 2989 1693 3005 0
1710 2969 1753 3004 lis
1764 2994 1775 3010 ,
1799 2970 1922 3016 quibus
1936 2970 2069 3016 Ispahan
2081 2969 2131 3007 ire
2139 2971 2287 3018 contigit
2303 2996 2317 3015 ,
2337 2973 2373 3009 in

327 3015 457 3055 Palatio
475 3018 582 3065 Regis
609 3030 670 3063 per
686 3031 743 3054 20.
759 3030 864 3054 annos
888 3019 1041 3063 hospitari
1055 3019 1167 3054 datum
1188 3019 1234 3053 est
1251 3032 1262 3060 ;
1287 3019 1514 3057 mansissent&
1529 3018 1572 3054 ibi
1583 3018 1723 3058 diutius,
1742 3018 1775 3053 ni
1789 3018 1969 3066 Zelotypia
1989 3019 2266 3062 Hollandorum,
2291 3020 2371 3059 illos

327 3067 526 3112 reddidisset
546 3067 726 3112 suspectos:
750 3067 839 3103 Emir
853 3067 1037 3104 Phecardin
1053 3066 1180 3103 Montis
1191 3067 1305 3104 Libani
1321 3069 1482 3114 Princeps
1507 3067 1586 3103 suos
1608 3066 1835 3105 liberalissima
1853 3069 2010 3104 charitate
2023 3067 2134 3109 fovit,
2158 3069 2194 3104 δι
2210 3069 2370 3116 singulari

329 3116 532 3152 confidentia
547 3116 724 3152 tractavite
750 3116 940 3152 Patriarcha
951 3116 1194 3154 Maronitarum
1207 3140 1219 3156 ,
1241 3117 1521 3163 Archiepiscopus
1533 3115 1696 3152 Hedenfis
1712 3141 1722 3156 ‚
1745 3115 1930 3162 omnesque
1948 3115 2131 3157 Praesules,
2151 3127 2241 3163 quos
2250 3120 2372 3164 iugum

330 3163 555 3202 Ottomannae
568 3165 715 3200 Ditionis
738 3165 845 3200 dirius
864 3165 1067 3210 oppresserat
1082 3190 1093 3206 ,
1123 3165 1302 3201 univerunt
1326 3166 1358 3201 se
1371 3165 1592 3201 Missionariis
1609 3189 1619 3205 ,
1644 3166 1679 3200 &
1693 3164 1840 3200 fructum
1859 3163 2080 3210 collegerunt
2110 3165 2347 3211 prodigiosum
2359 3191 2371 3203 .

333 3211 444 3258 Usque
454 3214 493 3248 ad
509 3214 638 3249 Riones
653 3214 826 3250 Romanos
840 3214 987 3258 portavit
1000 3216 1099 3257 hujus
1128 3212 1272 3260 gloriam
1286 3214 1566 3259 Archiepiscopus
1582 3213 1693 3260 Naxie
1707 3237 1718 3254 ,
1743 3215 1777 3249 δι
1792 3211 1910 3251 similes
1934 3213 2112 3259 operarios
2124 3224 2192 3258 pro
2203 3216 2369 3262 Archipe·

328 3257 410 3307 lago
428 3263 462 3297 &
480 3262 586 3298 Insula
602 3262 741 3299 Andros
759 3263 814 3298 fibi
839 3263 909 3297 dari
926 3264 1040 3307 petiit.
1068 3265 1198 3300 Omnes
1210 3262 1463 3299 effundebantur
1477 3262 1508 3298 in
1524 3261 1659 3299 laudem
1671 3261 1836 3306 Capucini
1848 3260 1926 3303 zeli,
1945 3264 2026 3296 dum
2042 3262 2127 3297 intra
2141 3270 2271 3308 tempus
2282 3264 2372 3302 duo-

326 3321 401 3345 rum
416 3322 578 3349 annorum
595 3311 810 3356 Religionem
828 3311 973 3346 barbaris
989 3312 1065 3348 alias
1076 3311 1223 3349 odiosam
1234 3336 1245 3353 ‚
1256 3321 1307 3349 tot
1326 3313 1528 3352 Turenum,
1548 3311 1836 3348 schismaticorum
1850 3334 1861 3350 ,
1880 3308 2067 3346 Gentilium
2079 3334 2091 3352 ,
2102 3311 2316 3356 Grecorum,
2330 3316 2368 3352 &

330 3353 546 3402 Hebreorum
562 3361 783 3396 conversione
799 3368 1014 3406 propagatam
1026 3361 1249 3397 audiverunt.
1274 3360 1350 3397 Rex
1371 3361 1437 3406 ipse
1452 3359 1743 3397 christianissimus
1761 3366 1795 3393 ut
1812 3358 1895 3394 felix
1921 3359 1986 3395 hoc
1996 3358 2126 3395 initium
2140 3361 2365 3405 confoveret,

325 3405 475 3450 Josepho
491 3410 533 3442 de
550 3410 662 3454 erario
680 3410 742 3445 suo
756 3408 863 3452 largas
887 3411 1102 3452 pecuniarum
1115 3410 1272 3451 summas,
1296 3422 1360 3455 pro
1373 3409 1460 3456 sacre
1472 3407 1719 3455 suppellectilis,
1735 3407 1898 3443 librorum
1912 3409 1979 3444 &c-
1995 3407 2170 3452 emptione
2187 3410 2364 3455 dispensari

332 3457 487 3534 precepit
502 3478 514 3491 .
539 3457 620 3493 Sola
637 3458 761 3495 invidia
779 3467 866 3504 opus
881 3458 946 3493 Dei
959 3459 994 3494 &
1009 3458 1266 3505 Recidit-‚dente
1282 3457 1446 3496 maledico
1460 3458 1667 3506 momordit,
1694 3457 1774 3491 dum
1790 3455 1848 3492 sub
1863 3463 2020 3503 pretextu
2036 3455 2233 3493 Missionum
2251 3459 2268 3494 ὲ
2283 3460 2366 3497 Gal-

346 3504 371 3537 is
386 3506 546 3540 unionem
559 3518 636 3541 cum
651 3507 757 3544 Turca
772 3508 802 3542 in
817 3505 960 3543 aliorum
976 3510 1169 3554 Principum
1183 3508 1400 3555 prejudicium
1413 3507 1507 3559 queri
1522 3505 1710 3552 divulgavit
1725 3529 1736 3539 .
1768 3503 1960 3542 Helleboro
1974 3503 2195 3542 laborantium
2222 3507 2364 3545 fabulam

332 3549 426 3606 facile
449 3564 666 3599 agnoverunt
680 3579 691 3594 ‚
716 3559 773 3602 qui
784 3555 862 3602 equi
876 3557 947 3590 veri
961 3557 1055 3594 fuere
1067 3558 1270 3605 estimatores
1281 3581 1291 3592 .
1319 3557 1394 3592 Nec
1403 3556 1526 3594 morsus
1538 3555 1716 3600 Josephum
1731 3554 1895 3595 offendit,
1921 3554 1974 3589 sed
1986 3552 2151 3592 stimulum
2164 3556 2357 3594 continuan-

334 3599 367 3630 di
382 3602 493 3641 operis
508 3602 537 3636 ei
563 3603 706 3638 addidit:
733 3611 936 3652 quapropter
959 3618 1032 3644 cum
1047 3606 1214 3643 Dominus
1225 3606 1494 3644 Commendator
1507 3605 1547 3640 de
1562 3604 1689 3650 Rafilly
1701 3603 1915 3641 Marochium
1927 3604 1966 3639 ad
1984 3601 2078 3650 fedus
2096 3615 2171 3640 cum
2186 3605 2283 3650 Rege
2301 3616 2358 3640 re·

338 3650 529 3684 novandum
546 3662 691 3697 pergere
710 3654 890 3692 debmuet,
912 3664 980 3688 tres
994 3658 1187 3702 Capucinos
1200 3657 1354 3694 Comites
1365 3654 1502 3701 eijungi
1518 3654 1650 3694 voluit,
1675 3661 1732 3694 ut,
1756 3652 1812 3688 ubi
1827 3649 1882 3687 ille
1904 3650 2039 3699 politica
2051 3662 2209 3694 curaret,
2230 3653 2264 3687 hi
2287 3653 2362 3688 in..‚

337 3700 438 3745 terta,
454 3696 609 3741 sanguine
624 3702 769 3748 quinque
788 3703 1017 3740 Minoritarum
1027 3706 1333 3746 foecundataJemen
1352 3701 1524 3751 Evangelii
1536 3702 1730 3749 spargerent
1742 3722 1754 3734 ο
1768 3699 1938 3740 infelicem
1948 3701 2041 3737 nacta
2053 3700 2238 3738 estcursum
2251 3710 2360 3747 expe.

338 3741 426 3773 ditio
438 3763 448 3779 ,
477 3752 544 3778 tum
557 3759 599 3782 ex
615 3751 724 3786 nativa
741 3754 856 3796 populi
877 3752 999 3788 ferocia
1018 3779 1027 3793 ‚
1043 3756 1100 3801 qui
1115 3754 1300 3789 Dominum
1315 3757 1358 3790 de
1373 3750 1510 3799 Raffilly
1524 3764 1596 3789 cum
1612 3750 1819 3797 Offiegalibus
1831 3751 1998 3796 captivum
2010 3750 2194 3787 abduxerat
2207 3772 2219 3790 ‚
2234 3757 2305 3787 tum
2316 3762 2362 3787 ex

339 3787 422 3825 tama
439 3813 450 3829 ‚
475 3800 539 3835 qua
557 3793 672 3832 Gallos
687 3801 745 3836 sub
759 3803 892 3837 toederis
916 3806 1100 3840 renovandi
1119 3804 1252 3841 motivo
1264 3828 1276 3846 ‚
1293 3802 1460 3840 Dominio
1485 3801 1611 3839 Portus
1632 3800 1733 3849 saphi
1749 3799 1876 3836 inhiare
1892 3799 2069 3844 vulgatum
2084 3799 2153 3835 est.
2181 3796 2362 3883 Sfflfflqi&

2261 3860 2280 3884 a
2295 3860 2317 3886 ιι
