2638 4088
759 1053 872 1170 R
937 1049 1056 1170 0
1119 1054 1248 1169 v
1308 1057 1365 1168 1
1781 1060 1834 1169 1

339 1241 515 1442 'C
637 1303 775 1443 A
895 1304 984 1448 s
1104 1302 1245 1447 T
1367 1307 1484 1452 E
1603 1307 1728 1452 L
1847 1306 1969 1446 L
2095 1304 2261 1443 ΑΞ

844 1589 860 1633 ᾗ
920 1568 1141 1624 'Undatis
1165 1574 1266 1634 jam
1297 1569 1476 1639 auspice
1507 1573 1651 1623 Coelo
1678 1573 1795 1621 intra
1829 1568 2058 1637 Hispaniae
2081 1562 2248 1618 limites
2267 1563 2345 1612 tri-⁴

736 1631 783 1705 *L
894 1697 895 1700 Ἴ
962 1638 1047 1690 bus
1079 1641 1270 1690 Ordinis
1297 1641 1435 1691 nostri
1478 1643 1732 1693 Provinciis
1758 1678 1774 1700 ,
1814 1641 2068 1692 Cataloniae
2103 1636 2349 1689 videlicet,

516 1745 560 1777 ,ς
722 1706 781 1782 ᾖ..
965 1713 1191 1761 Valentiae
1223 1711 1273 1763 ὅ(
1307 1716 1553 1782 Aragoniae
1586 1750 1602 1772 ‚
1641 1714 1778 1764 variis
1806 1713 2066 1781 expetitum
2100 1707 2163 1758 est
2193 1706 2344 1758 votis,

549 1776 615 1827 ”1³2
644 1783 650 1793 “
681 1778 731 1846 „⁴³
771 1756 806 1877 K
963 1792 1018 1830 ut
1043 1779 1094 1831 δε
1128 1783 1172 1830 in
1206 1780 1298 1848 ipsa
1346 1787 1530 1850 Regum
1570 1785 1919 1834 Catholicorum
1956 1782 2100 1832 Curia
2131 1814 2147 1837 ,
2177 1773 2348 1841 Hispa·

594 1897 631 1919 „
766 1878 769 1885 π
848 1850 872 1915 ,ζ
964 1850 1145 1899 niarum
1176 1851 1314 1900 corde
1348 1889 1365 1910 ,
1408 1858 1806 1920 Carpentanorum
1839 1855 2094 1900 Mantuana
2127 1846 2272 1902 Sede,
2299 1841 2349 1891 δε

517 1937 521 1954 ¹
694 1930 761 1989 '‘x-*1
795 1917 915 1989 „5³³2
962 1918 1282 1971 florentiffima
1323 1919 1556 1990 utriusque
1603 1922 1810 1974 Castellae
1859 1922 2103 1972 Provincia
2134 1955 2150 1978 ,
2199 1920 2352 1982 Capu-

683 1987 688 1999 ‘
724 1984 742 1992 *
800 1986 919 2041 s²
964 1991 1065 2040 cina
1096 1990 1386 2043 Reformatio
1428 1991 1631 2063 surgeret
1659 2030 1674 2051 ,
1711 1992 1760 2045 ὅ(
1809 1994 2111 2042 Domicilium
2154 1987 2343 2056 figeret·

511 2055 525 2073 ”⁴
565 2101 662 2123 W„
710 2109 713 2127 ¹
829 2070 906 2098 2
968 2063 1123 2125 Spatio
1156 2065 1356 2127 quinque
1387 2081 1609 2114 annorum
1649 2062 1884 2114 infeliciter
1927 2060 2114 2130 desuper
2153 2060 2348 2109 aetum,

331 2167 359 2177 a,
396 2171 405 2177 A
436 2170 484 2179 ..ψ
525 2164 614 2183 AM
651 2162 694 2173 .-
741 2155 751 2163 «
804 2145 830 2180 21
963 2125 1079 2183 fuit,
1104 2132 1462 2186 nonnullorum,
1494 2136 1571 2195 qui
1600 2148 1897 2197 praepotentes
1927 2147 2087 2191 erant,
2127 2125 2348 2179 contradi-

291 2194 444 2244 stione
458 2192 660 2247 obstante
679 2232 691 2245 .
722 2195 816 2246 Vix
842 2207 1002 2246 autem
1023 2196 1306 2247 Venerabilis
1335 2200 1426 2248 Dei
1451 2202 1619 2249 Servus
1637 2235 1652 2257 ,
1684 2204 1759 2248 Fr.
1793 2204 2062 2250 Laurentius
2091 2202 2117 2247 ὲ
2142 2197 2349 2247 Brundu-

298 2263 429 2315 dufio
449 2300 466 2323 ,
494 2266 691 2314 nominis
714 2265 835 2328 aeque
866 2283 918 2312 ac
943 2267 1128 2314 virtutis
1168 2266 1288 2313 fama
1313 2268 1481 2330 praevie
1502 2274 1597 2329 jam
1629 2284 1763 2318 notus
1798 2304 1815 2327 ,
1843 2268 1891 2320 ὅ(
1921 2269 1978 2319 ab
2014 2265 2350 2337 Augustiffimo

302 2339 598 2401 Imperatore
637 2332 890 2398 Rudolpho
919 2332 978 2381 ad
1018 2333 1277 2400 Philippum
1306 2337 1408 2382 ΙΙΙ.
1434 2334 1762 2401 Hispaniarum
1798 2342 1977 2404 Regem
2011 2339 2351 2388 Catholicmm

301 2404 538 2473 ablegatus
582 2405 832 2459 Matritum
864 2402 1081 2471 attigerat
1101 2439 1115 2461 ,
1144 2401 1277 2452 facies
1310 2403 1372 2452 rei
1404 2403 1592 2454 turbatae
1619 2403 1849 2471 extemplo
1885 2417 2088 2460 mutata,
2113 2403 2192 2460 ὃς,
2223 2405 2350 2469 quod

301 2472 483 2524 morosa
508 2472 804 2524 oblocutione
830 2470 1025 2523 dilatum
1052 2472 1126 2523 seu
1155 2473 1431 2542 impeditum
1457 2472 1573 2533 fuit,
1605 2472 1734 2523 suavi
1769 2475 2058 2530 executioni,
2095 2472 2347 2542 prodigiis,

302 2563 403 2613 quae
420 2545 467 2595 in
482 2543 596 2594 facie
613 2545 746 2593 Aulae
762 2546 930 2594 Servus
952 2546 1037 2594 Dei
1063 2559 1350 2612 patraverat,
1368 2563 1457 2594 non
1472 2562 1633 2612 parum
1659 2545 1935 2601 acceleratae,
1953 2540 2041 2591 fuit
2059 2542 2345 2592 mandatum:

303 2616 456 2684 Regio
484 2617 607 2665 enim
636 2612 794 2665 favore
823 2629 1036 2684 exceptus
1060 2617 1330 2665 Laurentius
1354 2615 1376 2663 ὲ
1404 2620 1557 2682 Rege,
1587 2612 1636 2666 &
1662 2615 1721 2664 ad
1759 2615 1987 2684 Reginam
2005 2613 2346 2682 Margaritham

313 2686 603 2737 Austriacam
622 2722 638 2745 ,
666 2687 741 2735 cui
775 2688 943 2736 Servus
974 2688 1060 2736 Dei
1082 2722 1098 2744 ,
1127 2681 1392 2736 Viennensis
1418 2685 1693 2737 Conventfis
1719 2683 1975 2734 fundationi
2005 2698 2114 2732 tunc
2138 2681 2348 2750 praesens,

307 2759 460 2826 prima
487 2755 594 2805 fidei
625 2753 890 2806 Christianae
923 2756 1181 2806 rudimenta
1208 2755 1396 2806 dederat
1421 2793 1437 2815 ,
1466 2755 1514 2807 ἃ
1547 2759 1588 2805 ei
1617 2757 1643 2805 ὲ
1670 2753 2035 2807 Confeffionibus
2059 2766 2153 2802 erat
2172 2789 2188 2811 ,
2216 2753 2344 2801 miris

304 2828 572 2877 reverentiae
600 2824 650 2876 ὅ(
678 2825 840 2874 laetitiae
869 2824 1031 2875 officiis
1071 2825 1159 2877 fuit
1192 2827 1411 2878 trafiatus
1440 2864 1456 2887 ‚
1493 2845 1574 2876 nec
1608 2825 1839 2876 discedere
1875 2822 2109 2894 permissus
2143 2860 2160 2883 ,
2197 2821 2344 2872 donec

308 2897 439 2967 figno
466 2898 635 2948 Crucis
667 2897 930 2947 Domicillae
957 2896 1014 2946 de
1044 2899 1230 2968 Reginae
1268 2895 1492 2959 famulatu
1524 2933 1542 2956 ,
1573 2899 1600 2948 ὲ
1639 2897 1985 2965 quatuordecim
2018 2896 2142 2945 annis
2175 2909 2341 2942 nervo-

304 2986 408 3018 rum
440 2966 619 3036 stupore
644 2967 709 3016 ita
743 2967 903 3016 acerbe
928 2970 1106 3036 agitatae
1127 3004 1143 3027 ,
1175 2983 1226 3020 ut
1259 2968 1430 3019 nonnisi
1459 2986 1600 3019 curva
1628 2969 1834 3018 incedere
1865 3004 1881 3026 ,
1912 2966 2024 3016 stare
2052 2978 2205 3016 autem
2247 2980 2338 3016 non

303 3037 476 3107 poss’et,
513 3036 832 3088 benediceret:
865 3038 1174 3090 oblustantem
1204 3040 1374 3090 diutius
1403 3042 1633 3091 Laurentii
1670 3042 1976 3089 humilitatem
2017 3038 2130 3086 vicit
2159 3034 2339 3086 devotae

307 3111 497 3179 Reginae
524 3107 672 3158 sermo
705 3108 753 3160 ὅ(
787 3111 1066 3178 imperium3
1096 3109 1145 3163 ὅ(
1185 3111 1267 3161 vix
1301 3112 1379 3160 ille
1407 3110 1585 3180 signum
1620 3110 1788 3160 Sanciae
1831 3108 1997 3158 Crucis
2024 3105 2155 3175 supra
2187 3106 2335 3175 AEgrae

307 3194 446 3248 caput
472 3177 723 3239 formavit,
752 3181 844 3229 haec
878 3179 1081 3248 stupente
1112 3183 1290 3252 Regina
1318 3180 1366 3233 8(
1401 3184 1547 3249 Regia
1577 3182 1678 3229 aula
1701 3180 1815 3248 erigi
1846 3214 1862 3238 ,
1897 3178 1945 3229 (St
1973 3176 2081 3227 sana*
2101 3175 2333 3226 ambulare

302 3251 444 3318 coepit
463 3287 476 3300 .
508 3255 727 3301 Portento
758 3269 850 3301 non
880 3267 1092 3303 contenta
1119 3253 1295 3322 Regina
1312 3288 1327 3310 ,
1353 3252 1526 3300 donum
1551 3251 1804 3301 devotionis
1819 3283 1834 3307 ,
1858 3246 1932 3298 seu
1958 3251 2129 3319 perium
2153 3245 2220 3297 sui
2236 3250 2335 3302 Ha-⁴

303 3320 426 3371 bitfis
453 3318 729 3388 exquisivit.
760 3322 1001 3372 Pretiofius
1038 3324 1307 3374 Laurentius
1337 3321 1493 3378 dedit,
1532 3321 1746 3370 videlicet
1776 3356 1792 3378 ,
1822 3317 2003 3369 massam
2033 3333 2162 3368 terrae
2197 3322 2330 3367 Mon·

300 3392 358 3441 tis
383 3392 612 3441 Calvariae
629 3395 886 3462 ‚Sanguine
906 3395 1095 3458 Domini
1122 3393 1278 3444 Nostri
1306 3391 1418 3461 jesu
1450 3392 1620 3442 Christi
1638 3391 1826 3440 tint‘iam
1842 3426 1857 3448 ,
1882 3391 1907 3438 ὲ
1928 3391 2092 3442 Serri‘no
2126 3389 2327 3439 Bavariae

302 3467 434 3512 Duce
464 3463 509 3511 in
537 3462 711 3511 donum
741 3466 853 3514 olim
880 3479 1143 3533 acceptam,
1172 3463 1220 3514 ὅ(
1250 3466 1392 3514 Cruci
1414 3461 1634 3512 inclusam
1654 3498 1664 3510 .
1702 3461 1921 3513 Dubietas
1947 3461 2002 3512 de
2027 3461 2215 3511 veritate
2241 3463 2326 3506 Re-

304 3533 452 3600 liquiae
482 3531 596 3582 dum
619 3532 840 3602 gaudium
871 3537 1054 3604 Reginae
1078 3552 1168 3584 non
1198 3551 1365 3600 parum
1393 3536 1588 3591 minuit,
1614 3533 1882 3582 Laurentius
1909 3550 2007 3582 earn
2033 3531 2087 3579 de
2118 3530 2326 3580 identita-

302 3617 348 3654 te
383 3604 618 3661 convicit3
635 3602 763 3666 juffit
790 3605 912 3653 enim
945 3607 1003 3655 de
1034 3607 1260 3656 Oratorio
1283 3607 1433 3672 Regio
1465 3605 1737 3670 Corporalia
1769 3600 1947 3661 afferri,
1981 3621 2073 3668 quae
2108 3600 2326 3668 superim-

305 3670 450 3742 pofitai
484 3670 606 3721 sacrz‘i
629 3671 774 3722 massz'l
799 3671 951 3724 subito
984 3674 1078 3725 visa
1109 3674 1212 3724 sunt
1236 3677 1365 3738 hujus
1402 3672 1612 3742 sanguine
1644 3672 1877 3741 conspersa
1908 3710 1922 3731 ,
1959 3675 2020 3721 ita
2053 3685 2105 3720 ut
2137 3675 2234 3720 Rex
2273 3667 2322 3719 ὅς

305 3743 485 3811 Regina
513 3742 692 3794 tantum
713 3743 772 3793 de
797 3758 1008 3812 portento
1043 3747 1261 3804 attoniti,
1287 3744 1509 3812 quantum
1539 3743 1710 3814 gaudio
1748 3745 1908 3812 repleti
1945 3745 2021 3791 illa
2055 3740 2227 3791 devote
2258 3739 2323 3789 as-

303 3814 469 3865 servari
489 3813 695 3879 jusserint
711 3851 725 3865 .
743 3814 932 3884 Duplici
965 3817 1051 3864 hoc
1066 3815 1278 3886 prodigio
1306 3814 1548 3886 divulgato
1570 3817 1715 3865 crevit
1737 3829 1844 3884 erga
1868 3813 2163 3864 Laurentium
2183 3810 2326 3877 aeque,

2213 3900 2264 3930 ac
