2756 4074
432 180 538 236 xx
918 138 1975 231 ELENCH‘US.

374 293 519 346 tribus
559 293 602 345 in
632 290 872 342 Pabricam
909 281 1094 339 Domfis
1131 280 1378 362 Regularis

373 371 639 416 Arenarum
655 396 672 421 ,
701 361 796 412 five
823 360 873 409 de
893 361 1027 406 Arens
1053 366 1260 404 converti
1276 387 1293 410 ,
1325 369 1378 403 ac

373 436 398 484 ὲ
436 435 675 484 Fratribus
711 434 805 483 duo
835 431 984 480 millia
1017 422 1261 475 Miffarum
1294 439 1380 492 pro

374 511 421 561 Τ
425 504 633 556 estatoris
663 507 824 554 animae
849 498 1085 568 refrigerio
1114 492 1382 545 semelcele-

374 578 499 632 brari
553 574 763 646 indulget
793 610 809 633 ,
859 571 935 621 seu
979 569 1235 619 committit
1275 567 1381 616 Pau-

377 653 445 702 lus
481 647 535 698 V.
1278 654 1375 701 315

448 716 652 789 Epistola
684 719 833 767 Sacrae
853 711 1247 782 Congregationis
1274 712 1379 776 Epi-

376 788 557 859 scop.&
578 788 746 855 Regul.
761 787 900 836 Circa
918 784 1157 834 Fabricam
1177 783 1379 833 RR.PP.

381 859 741 914 Carmelitarum
769 853 1165 907 Discalceatorum
1192 855 1238 904 in
1252 853 1381 903 terri·

379 934 503 982 torio
528 931 663 981 Villae
681 927 737 977 de
756 930 912 979 Satria
931 940 1200 976 attentatam
1217 961 1232 984 ,
1255 929 1382 992 Apo-

378 1003 538 1052 stolica
557 1004 752 1049 Decreta
772 998 960 1056 servari,
985 995 1256 1047 instantibus
1279 1000 1386 1046 Fra·

380 1073 528 1124 tribus
569 1071 732 1120 nostris
759 1107 775 1130 ‚
804 1069 1032 1139 Episcopo
1066 1065 1386 1119 Barcinonenfi

382 1143 699 1194 committitur
723 1180 737 1191 .
1280 1159 1305 1202 3
1322 1159 1339 1188 1
1354 1156 1379 1201 5

454 1216 590 1265 Onus
614 1210 751 1264 Missae
771 1211 1010 1262 menstruae
1024 1247 1039 1270 ,
1059 1229 1114 1261 ex
1135 1208 1294 1262 relicta
1314 1213 1385 1260 Bi·

388 1285 619 1336 bliotheca
651 1286 917 1337 Conventui
946 1284 1125 1351 Oppidi
1155 1283 1386 1350 Figueria·

390 1374 498 1407 rum
518 1354 783 1423 impositum
804 1392 819 1414 ,
837 1355 894 1405 ad
912 1356 1127 1405 ducentas
1146 1351 1304 1403 Missas
1325 1350 1388 1402 se·

384 1431 478 1478 mel
509 1426 722 1477 dicendas
754 1426 911 1477 reduci
955 1422 1208 1477 committit
1239 1423 1386 1477 Urba-

386 1518 461 1549 nus
485 1497 625 1550 VIII.
1287 1516 1312 1560 3
1327 1506 1388 1546 16

458 1574 687 1638 Legatum
705 1571 833 1637 pium
849 1606 864 1629 ,
878 1566 954 1619 seu
971 1566 1332 1637 eleemosynam,
1348 1571 1393 1619 in

389 1638 662 1692 beneficium
703 1642 900 1691 Fabricae
938 1642 1048 1690 novi
1086 1638 1361 1692 Conventi‘is
1377 1676 1393 1699 ,

388 1729 533 1780 prope
577 1714 755 1764 Villam
787 1714 1109 1763 Balneolarum
1135 1748 1150 1772 ,
1183 1729 1394 1762 commu·

388 1796 457 1831 tat
472 1817 486 1831 .
507 1782 640 1842 Idem,
660 1803 750 1831 cum
761 1800 858 1832 nota
872 1820 884 1831 .
1293 1802 1318 1843 3
1333 1793 1395 1834 16

463 1853 599 1900 Pium
615 1856 843 1916 Legatum
861 1868 946 1913 pro
976 1850 1280 1895 construendo
1311 1852 1397 1892 in...

390 1936 514 1971 terra
545 1920 594 1970 de
622 1920 738 1969 Reus
757 1935 883 1968 novo
901 1920 1154 1967 Conventu
1187 1914 1297 1964 alias
1331 1931 1398 1962 re·

389 1993 553 2040 licium
571 2024 586 2045 ,
617 1990 674 2035 ad
696 1989 1027 2052 reparationem
1052 1987 1252 2033 aliarum
1288 1989 1397 2035 Pro-

392 2061 560 2110 vinciae
591 2057 894 2108 aedificiorum
915 2055 1116 2125 impendi
1152 2055 1362 2125 indulget
1385 2093 1397 2105 .

395 2131 535 2182 Idem.
1298 2146 1320 2190 3
1339 2148 1355 2177 1
1368 2148 1396 2189 7

466 2203 651 2252 Litteris
675 2204 776 2251 Sac.
799 2199 1191 2269 Congregationis
1228 2197 1398 2267 Episc.,

395 2273 447 2325 δε
482 2275 703 2343 Regular.
740 2272 1030 2321 Erestionem
1063 2271 1241 2322 Domus
1273 2276 1401 2321 Con-

397 2348 555 2396 ventui
578 2350 789 2393 Fratrum
806 2344 1071 2392 Barcinonae
1089 2343 1367 2392 dominantis
1385 2379 1400 2402 ,

397 2417 424 2465 ὲ
458 2417 705 2467 Sacerdote
738 2415 974 2465 Bernardo
1008 2411 1219 2465 Mascaro
1257 2416 1405 2463 inten-

401 2502 499 2538 tam
520 2487 713 2536 inhiberi
732 2488 1052 2537 committitur
1067 2522 1079 2535 .
1304 2505 1328 2547 3
1343 2506 1362 2536 1
1375 2490 1401 2534 8

473 2564 674 2608 Decreto
693 2563 794 2609 Sac.
816 2558 1211 2628 Congregationis
1238 2559 1407 2616 Conci·

401 2629 450 2678 lii
467 2665 482 2688 ,
504 2634 711 2680 Fratrem
734 2631 792 2679 ad
827 2633 915 2680 ΡΡ.
934 2627 1252 2680 Observantes
1271 2627 1410 2679 trans·

401 2715 617 2758 euntem,
651 2703 695 2749 in
731 2703 972 2751 Provincia
990 2698 1180 2767 suscepti
1201 2700 1401 2751 Habitus

401 2789 668 2839 permanere
692 2789 782 2821 non
802 2772 965 2821 debere
979 2809 994 2831 ,
1013 2789 1095 2821 nec
1111 2771 1248 2837 poffe,
1261 2771 1308 2823 ὅ(
1329 2790 1406 2840 per

402 2842 668 2893 noviffimas
697 2844 1062 2894 Constitutiones
1096 2844 1260 2891 litteris
1304 2846 1409 2892 Ale·

403 2913 563 2963 xandri
592 2918 716 2965 V11.
750 2932 842 2964 non
870 2916 1148 2986 derogatum
1181 2911 1309 2964 fuisse
1337 2914 1410 2963 de·

405 2985 604 3032 claratur
621 3019 634 3031 .
1302 3004 1325 3047 3
1340 3004 1359 3037 1
1371 2987 1398 3032 8

480 3058 680 3102 Decreto
712 3055 823 3102 Sac,v
841 3055 1230 3127 Congregationis
1255 3051 1401 3122 Episc.

409 3120 457 3174 ἃ
479 3122 974 3191 Regularffransafflo
994 3128 1109 3177 inter
1128 3127 1403 3194 Capitulum

412 3194 690 3243 Cathedrale
722 3196 957 3244 Gerundae
986 3231 1000 3252 ,
1028 3196 1075 3248 ὅ(
1108 3196 1408 3263 Syndicum-³

411 3264 621 3315 nostrum
639 3265 761 3313 circa
791 3283 966 3314 novum
994 3270 1292 3318 Conventum
1323 3271 1409 3318 in„

413 3340 574 3385 Domo
591 3354 668 3403 per
685 3337 1006 3387 Marchionem
1025 3341 1211 3389 Petrum
1227 3340 1282 3391 de
1296 3344 1407 3391 Car-

414 3410 525 3457 talla
559 3407 744 3457 vendita
761 3406 1129 3461 reaedificandum
1160 3408 1278 3462 fasta
1304 3414 1408 3462 rati-

420 3478 611 3529 habetur
627 3515 639 3528 .
1309 3503 1334 3546 3
1348 3502 1410 3544 19

489 3556 691 3600 Decreto
722 3553 823 3600 SaC.
842 3555 1231 3622 Congregationis
1261 3553 1411 3623 Episc-

421 3616 470 3667 ἃ
504 3623 670 3688 Regul.
692 3625 954 3674 Concordia
987 3627 1103 3674 inter
1135 3631 1192 3675 R.
1225 3629 1274 3676 P.
1304 3630 1414 3677 Pro-

423 3689 663 3741 vincialem
681 3693 1034 3763 SocietatisJesu
1051 3733 1065 3753 ,
1085 3697 1336 3747 Provinciae
1356 3708 1416 3747 A·

423 3762 640 3826 ragoniae,
654 3763 701 3815 ὅ(
724 3765 1029 3819 Residentiam
1048 3769 1221 3820 Sanstae
1234 3771 1416 3838 Spelunf

1439 299 1502 331 cae
1516 281 1670 335 Sancti
1702 284 1874 353 Ignatii
1901 282 1958 335 de
1987 287 2169 353 Loyola
2198 303 2324 339 extra
2345 305 2445 339 mu·

1441 370 1515 403 ros
1546 354 1768 406 Civitatis
1800 352 2026 405 Manresae
2046 371 2102 400 =
2117 357 2165 410 8(
2187 362 2236 409 Ρ,
2250 361 2444 410 Provin-

1440 425 1604 474 cialem
1621 460 1636 482 ,
1658 443 1710 473 ac
1742 422 2039 478 Diffinitores
2071 427 2228 479 nostrae
2254 432 2442 484 Provin-

1442 498 1519 546 ciae
1546 497 1830 556 Cataloniae,
1858 514 1911 546 ac
1944 502 2249 551 Conventum
2286 500 2441 551 Sancii

1446 568 1772 618 Bartholomaei
1809 604 1826 626 ,
1864 567 2064 633 eJusdem
2097 572 2316 621 Civitatis
2339 608 2355 631 ,
2392 570 2444 623 ὅ(

1439 638 1703 707 Syndicum
1723 638 2046 710 Apostolicum
2064 676 2079 699 ,
2094 643 2216 691 circa
2235 643 2449 693 dietam..

1441 710 1655 762 Sanctam
1679 711 1954 779 Speluncam
1971 711 2185 763 conclusa
2203 748 2222 773 ,
2253 731 2307 764 ac
2320 714 2375 765 ab
2397 731 2446 764 u·

1441 780 1645 850 triusque
1663 783 1919 857 Religionis
1937 786 2027 835 ΡΡ.
2047 784 2358 835 Generalibus
2373 802 2445 852 ap-

1443 853 1651 924 probata,
1667 872 1774 907 cum
1798 854 1942 923 pastis
1961 853 2008 906 ὅς
2025 855 2367 906 conditionibus
2401 857 2447 904 in

1443 944 1497 976 ea
1516 924 1731 994 expreffis
1759 926 2040 977 ratihabetur
2057 963 2074 986 ,
2109 927 2158 979 ὅ(
2184 925 2453 980 ὰδειηὲὶίίῖἰ-

1445 1014 1525 1047 mo
1541 995 1843 1051 confirmatur
1856 1035 1868 1047 .
2348 1016 2371 1059 3
2385 1017 2408 1046 2
2419 1016 2444 1046 2

1519 1072 1722 1117 Decreto
1747 1072 1850 1119 Sac.
1885 1069 1987 1119 Rit.
2022 1070 2413 1140 Congregationis
2431 1103 2449 1127 ,

1449 1139 1626 1190 Elefflo
1654 1145 1708 1192 Β.
1726 1144 1787 1190 V.
1806 1142 1969 1190 Mariae
2009 1140 2066 1190 de
2099 1145 2265 1191 Monte
2294 1146 2449 1193 Serra-

1447 1225 1495 1260 to
1516 1212 1561 1259 in
1581 1214 1832 1262 Patronam
1858 1214 2112 1262 Provinciae
2127 1212 2450 1281 Principalem,

1448 1281 1498 1333 ὅ(
1525 1285 1574 1333 8.
1596 1282 1784 1333 Eulaliae
1803 1286 1940 1353 Virg.
1966 1285 2197 1350 Martyris
2228 1285 2274 1332 in
2299 1288 2452 1332 minus

1448 1352 1746 1422 principalem
1770 1351 1978 1405 eonceffo
2008 1352 2166 1405 officio
2190 1389 2208 1414 ,
2241 1357 2455 1422 rituque..

1449 1422 1712 1495 praescripto
1740 1424 2068 1476 confirmatur.
2355 1443 2456 1488 329

1522 1500 1725 1548 Decreto
1750 1502 1852 1548 Sac.
1879 1497 2274 1567 Congregationis
2302 1492 2455 1565 Episc.

1455 1566 1504 1620 ἃ
1525 1571 1696 1639 Regul.
1716 1568 1901 1620 Erefflo
1930 1571 2039 1619 novi
2073 1566 2340 1618 Monasterii
2368 1563 2460 1618 As-

1456 1639 1790 1708 sumptionisB.
1812 1644 1875 1691 V.
1889 1642 2050 1691 Mariae
2070 1639 2353 1690 Monialium
2370 1640 2460 1688 Ca·

1455 1713 1727 1780 pucinarum
1745 1711 1925 1779 Oppidi
1948 1712 2206 1762 Mataronis
2239 1708 2462 1779 approba-

1456 1799 1563 1838 tur3
1590 1785 1734 1831 Paulo
1762 1784 1911 1831 Marti
1945 1800 2113 1832 nomen
2150 1780 2429 1833 Protectoris
2445 1814 2462 1837 ,

1457 1848 1622 1891 electio
1649 1851 1861 1894 omnium
1894 1853 2160 1898 Puellarum
2189 1852 2336 1917 prima
2359 1852 2464 1899 vice

1458 1911 1517 1962 ad
1537 1912 1770 1964 Habitum
1805 1912 2142 1981 suscipiendum
2157 1953 2173 1975 ,
2201 1918 2250 1968 &
2265 1918 2463 1985 postmo-

1459 1983 1570 2033 dum
1584 1982 1782 2032 duarum
1802 2003 1816 2043 ς
1849 1987 1932 2034 ἰῙΙο
1951 2000 2105 2036 autem
2132 1988 2227 2038 viti
2245 1985 2466 2038 defuncio

1460 2071 1562 2106 tum
1578 2072 1744 2104 nomen
1769 2055 2069 2115 Protecioris,
2088 2073 2189 2107 tum
2209 2060 2465 2109 nominatio

1460 2128 1657 2177 duarum
1679 2129 1938 2192 puellarum
1965 2128 2261 2198 Magistratui
2294 2129 2466 2180 addici·

1460 2214 1538 2249 tur
1556 2234 1571 2257 ‚
1585 2196 1633 2248 &
1650 2215 1735 2263 pro
1752 2199 1858 2247 loco
1877 2199 2093 2258 Archivi,
2111 2199 2160 2253 ὅ(
2174 2198 2313 2269 capsae
2332 2218 2465 2269 pecu·

1462 2270 1610 2320 niariae
1649 2270 1910 2320 sacrarium
1947 2270 2158 2323 Ecclefiae
2189 2274 2466 2324 Parochialis

1475 2340 1724 2392 destinatur
1743 2377 1755 2390 .
1769 2360 1857 2400 cum
1875 2357 1977 2392 nota
1993 2379 2005 2392 .
2362 2363 2389 2407 3
2399 2363 2462 2407 30

1552 2484 1951 2537 PROVINCIA
1981 2487 2382 2538 VALENTIAE.

1541 2625 1926 2679 Controversiam
1971 2630 2078 2677 RR.
2120 2631 2208 2679 ΡΡ.
2251 2629 2461 2678 Recolle·

1471 2700 1567 2750 &os
1597 2703 1813 2751 inter‘--
1846 2696 1894 2750 ἆ
1926 2702 2106 2748 Fratres
2137 2697 2315 2749 nostros
2347 2700 2469 2750 circa

1471 2770 1692 2822 fabricam
1710 2768 1892 2824 Domus
1908 2770 2067 2820 nostrae
2083 2772 2261 2820 Oriolae
2293 2769 2472 2821 versan-

1468 2843 1820 2900 tem,terminari
1835 2843 2107 2893 committit.
2116 2841 2323 2895 Urbanus
2334 2838 2473 2893 VIII·

1471 2930 1562 2961 cum
1592 2927 1690 2961 nota
1708 2948 1722 2961 .
2370 2931 2396 2974 3
2407 2930 2430 2972 3
2442 2930 2467 2975 3

1534 2985 1624 3034 Pro
1657 2983 1808 3050 quiete
1835 2981 2117 3032 Monialium
2146 2981 2363 3031 Civitatis
2382 2985 2474 3034 Va-

1464 3057 1611 3105 lentiae
1641 3071 1725 3104 nec
1758 3056 1966 3124 regulam
2011 3057 2031 3111 (
2064 3051 2261 3118 quinque
2291 3053 2474 3121 punffis

1466 3127 1709 3193 exceptis)
1741 3144 1822 3175 nec
1858 3121 2221 3176 Constitutiones
2247 3158 2264 3180 ,
2291 3141 2367 3175 eas
2393 3122 2475 3175 sub

1470 3212 1659 3265 peccato
1706 3196 1912 3267 obligare
1943 3230 1960 3254 ‚
1996 3190 2183 3260 illasque
2230 3191 2312 3244 sub
2342 3194 2472 3259 juris·

1470 3268 1669 3318 diftione
1721 3266 1932 3335 Episcopi
1985 3262 2226 3314 existentes
2271 3300 2288 3323 ,
2336 3268 2473 3336 privi-

1470 3340 1599 3410 legiis
1636 3339 1830 3389 Ordinis
1851 3335 1941 3387 frui
1969 3333 2097 3405 posse
2132 3336 2336 3388 declarat
2369 3339 2472 3388 Ale·

1469 3411 1632 3461 xander
1671 3407 1779 3461 VII.
2369 3428 2464 3472 335

1543 3487 1599 3533 In
1631 3479 1828 3532 Ecclefia
1856 3478 2136 3531 Monialium
2169 3478 2259 3530 loci
2293 3478 2350 3529 de
2375 3486 2470 3532 Co·

1471 3568 1698 3620 centayna
1731 3549 2057 3619 supellectilem
2088 3568 2145 3600 ex
2177 3566 2367 3619 argento
2386 3589 2402 3611 ,
2421 3551 2472 3603 &

1475 3626 1658 3676 corallis
1689 3621 1947 3673 confestam
1978 3621 2161 3673 retineri
2182 3657 2198 3680 ,
2228 3621 2284 3672 ad
2307 3623 2470 3676 instan-

1479 3698 1562 3746 tias
1593 3696 1792 3747 Comitis
1828 3697 1876 3745 S.
1907 3692 2120 3760 Stephani
2148 3695 2359 3762 Protegis
2379 3692 2472 3744 ἃς.

1475 3768 1686 3836 indulget
1723 3765 1985 3816 Innocentius
2013 3762 2110 3815 XI.
2370 3773 2473 3826 336

2304 3836 2412 3901 Epi·

2752 710 2756 723 .-
2751 667 2756 676 .
2744 281 2756 640 Α..;Α.ΔᾹ·-.;.ΜΜιΜῄ-;.ρ’
2744 223 2746 226 ”
