2592 4094
378 409 1185 437 ——-—-——-*—

524 511 643 555 EPIS
653 507 799 553 TOLA
829 507 1193 551 APOSTOLICA
1205 535 1215 546 .

379 637 438 686 In
466 628 671 680 Civitate
694 623 941 678 Sedunenfi
972 629 1180 676 Domum
1209 627 1361 695 Regu.

447 704 586 751 larem
613 695 847 746 Fratribus
871 696 1005 767 erigi,
1022 695 1270 766 Episcopus
1286 715 1362 749 cu·-

444 783 544 819 rare
563 779 781 817 monetur
794 802 808 816 .

520 902 758 964 Perillustris
765 933 809 1008 1,)
824 904 1212 971 &flevermdifflme

812 976 933 1008 omme
946 994 959 1007 .

518 1095 558 1137 U
571 1095 619 1136 ΕΞ
643 1092 695 1134 de
708 1093 793 1137 tuis
817 1093 1063 1148 virtutibus,
1092 1097 1134 1138 &
1147 1094 1297 1138 summa
1317 1095 1359 1138 in

379 1095 503 1248 Q
535 1166 697 1208 gregem
713 1162 823 1195 tuum
841 1153 1047 1209 vigilantia
1069 1156 1192 1197 certis
1208 1156 1359 1199 Aucto-

521 1213 628 1254 ribus
651 1209 700 1253 ad
716 1211 1001 1255 Sanaiffimum
1028 1214 1245 1256 Dominum
1267 1217 1358 1257 No·

375 1270 502 1314 strum
517 1270 675 1326 perlata
697 1267 785 1313 sunt
799 1297 813 1321 2
839 1271 877 1315 ei
905 1271 1180 1328 jucundiffima
1194 1273 1356 1316 accide-

356 1338 502 1385 ‚runt3
539 1329 800 1372 vehementer
827 1331 935 1373 enim
963 1330 1115 1374 laetatus
1131 1331 1210 1380 est,
1227 1346 1356 1375 cum-a

377 1387 486 1431 hisce
502 1387 646 1429 diebus
660 1387 862 1431 intellexit
884 1390 1210 1433 nominationem
1228 1393 1356 1434 Tuam

374 1443 624 1502 perlustrasse
639 1475 654 1496 ,
681 1460 724 1489 ac
744 1446 791 1489 ei
808 1447 1023 1502 prudentia
1037 1476 1051 1499 ‚
1079 1450 1168 1492 vitae
1189 1449 1354 1506 integri-

374 1514 475 1553 tate,
492 1518 537 1546 ac
557 1505 786 1559 Religionis
800 1507 1024 1549 Catholicae
1038 1509 1149 1551 Zelo
1166 1509 1272 1565 apud
1290 1522 1359 1563 po-

374 1562 491 1619 pulos
506 1562 595 1605 suos
611 1562 805 1606 versatam
821 1563 898 1608 effe
913 1595 928 1617 ,
952 1576 994 1608 ut
1010 1567 1104 1609 boni
1122 1568 1283 1622 pastoris
1298 1565 1359 1610 fa·

374 1634 479 1662 mam
493 1620 545 1663 de
571 1621 609 1663 se
625 1633 870 1677 conceptam
885 1637 963 1666 non
991 1625 1096 1680 apud
1116 1640 1187 1668 eos
1202 1626 1328 1671 solum
1342 1652 1358 1676 ‚

374 1678 441 1720 sed
462 1679 567 1734 apud
583 1678 682 1722 alios
698 1681 818 1723 etiam
840 1680 1166 1727 confirmaverit:
1189 1683 1315 1746 Quod
1330 1683 1355 1724 fi

373 1734 442 1777 sua
459 1735 601 1789 sponte
617 1765 631 1786 ‚
654 1737 799 1793 suique
817 1740 963 1781 eximia
978 1743 1184 1783 charitate
1201 1758 1273 1797 pro
1287 1741 1362 1782 de-

373 1793 463 1834 bito
491 1794 622 1846 gregis
640 1794 707 1833 fibi
727 1794 918 1835 commiffi
933 1796 1069 1836 officio
1083 1797 1232 1839 fecerit
1249 1825 1264 1846 a
1287 1810 1363 1836 ne-

374 1864 455 1907 que
488 1849 539 1891 ad
561 1850 640 1891 hoc
660 1847 752 1891 ullis
768 1850 1124 1894 adhortationibus
1153 1854 1334 1909 indigeat
1348 1879 1363 1904 2

375 1919 510 1951 tamen
528 1918 571 1949 ut
594 1907 829 1963 intelligat,
856 1913 975 1964 quam
1003 1911 1251 1955 Sanctiffimo
1277 1913 1362 1953 Do.

375 1968 487 2010 mino
503 1965 652 2008 Nostro
679 1978 794 2019 grata
821 1967 889 2008 issa
907 1980 972 2011 tua
999 1967 1192 2012 sedulitas
1211 1970 1364 2019 fuerit,

375 2027 597 2069 hortatur,
612 2030 655 2062 ut
678 2023 718 2062 in
739 2035 785 2062 ea
800 2025 1087 2073 perseverare,
1113 2037 1159 2063 ac
1185 2026 1225 2063 in
1247 2025 1365 2064 Fidei

382 2078 622 2123 christianae
640 2105 655 2128 ,
681 2090 727 2118 ac
740 2078 965 2133 Religionis
994 2079 1220 2121 Catholicae
1242 2079 1281 2120 in
1297 2077 1366 2122 sua

379 2139 540 2183 ditione
557 2135 836 2188 restituendae,
849 2138 888 2178 &
904 2136 1093 2193 augenda:
1116 2137 1246 2182 studio
1269 2152 1364 2193 pro·

376 2197 486 2253 sequi
505 2194 604 2238 velit
625 2195 715 2237 :Ad
728 2208 847 2251 quam
878 2195 920 2238 in
949 2195 1158 2252 pristinum
1187 2197 1361 2240 statum.»

378 2253 657 2300 revocandam
681 2252 901 2309 plurimum
925 2254 1110 2310 prodeffe
1136 2255 1263 2311 potest
1289 2282 1304 2306 ‚
1335 2255 1362 2295 si

379 2317 614 2359 Decretum
628 2311 708 2367 jam
723 2311 794 2353 diu
811 2312 964 2354 ibidem
979 2313 999 2355 a
1014 2315 1264 2356 Primoribus
1279 2313 1364 2356 edi-

379 2383 494 2421 tum,
517 2384 598 2425 quo
626 2371 816 2412 Haeretici
844 2384 895 2411 ex
924 2370 972 2413 ea
996 2373 1211 2415 Provincia
1226 2370 1366 2427 egredi

380 2431 576 2488 jubentur
591 2454 604 2476 2
618 2427 814 2483 quantum
830 2426 917 2470 fieri
932 2430 1118 2484 poterit,
1146 2445 1221 2486 pro
1237 2431 1367 2473 ratio-

380 2504 433 2533 ne
451 2499 681 2542 temporum
707 2483 889 2528 servetur
907 2498 976 2538 ,ut
994 2489 1039 2530 iis
1067 2490 1366 2543 exterminatis,

380 2563 427 2592 ea
449 2546 592 2596 Ditio,
620 2542 806 2600 pestifera
836 2544 903 2587 illa
933 2549 1179 2603 contagione
1206 2548 1367 2592 libera-2

379 2604 538 2649 facilins
557 2604 596 2644 in
614 2601 766 2646 fincera
800 2601 882 2646 fide
899 2605 1037 2648 instrui
1051 2622 1121 2659 ,ac
1137 2607 1268 2651 foveri
1283 2608 1368 2664 pos-

381 2665 457 2708 sit.
489 2666 598 2706 Cum
627 2664 727 2706 vero
754 2665 1000 2720 magnopere
1016 2666 1054 2708 in
1084 2668 1162 2709 hoc
1190 2666 1370 2723 juvare)

383 2721 526 2781 poffint
562 2718 651 2763 Viri
684 2718 875 2775 Religiofi
893 2725 1141 2774 ‚Sanctitate
1171 2727 1260 2770 vitae
1285 2726 1374 2769 infi-

385 2795 515 2839 gnes,
533 2793 577 2822 ac
596 2779 834 2834 Presbyteri
867 2781 967 2824 bene
993 2785 1140 2827 morati
1164 2811 1178 2832 a
1200 2787 1265 2842 qui
1299 2798 1373 2842 po·

384 2840 528 2897 pulum
545 2837 593 2881 ad
621 2838 694 2881 Dei
711 2838 869 2882 cultum
887 2870 902 2891 ,
933 2843 972 2882 &
988 2855 1089 2885 verae
1118 2844 1280 2888 virtutis
1297 2844 1372 2886 stu-

383 2900 496 2941 dium
524 2899 652 2940 verbo
675 2899 715 2940 ὅτ.
740 2899 928 2954 exemplo
954 2900 1197 2959 impellant,
1229 2902 1372 2947 Domi-

387 2957 593 3000 nationem
621 2959 752 2999 Tuam
770 2965 939 3008 monet,
959 2969 1005 3002 ut
1033 2962 1366 3005 Monasterium.»

391 3017 470 3058 PF.
486 3016 704 3070 Capucinis
720 3016 797 3071 jam
823 3016 891 3059 diu
909 3017 1188 3073 promiffumin
1204 3019 1273 3063 ista
1299 3021 1374 3063 Ci-

386 3073 513 3114 vitate
547 3074 763 3117 Sedunenli
788 3074 975 3119 aedificari
1007 3088 1150 3130 curet,
1181 3080 1202 3120 a
1230 3078 1374 3134 quibus

391 3130 586 3172 uberrimi
614 3132 764 3176 fructus
783 3135 863 3177 fine
880 3135 1007 3178 dubio
1020 3136 1254 3193 expectandi
1270 3137 1374 3189 sunt,

386 3202 480 3231 cum
506 3189 655 3242 exiguo
678 3199 864 3247 tempore
881 3223 895 3245 ‚
910 3210 990 3250 quo
1009 3197 1065 3238 ibi
1086 3197 1247 3239 fuerunt
1264 3224 1278 3247 ,
1293 3209 1373 3237 ma-

390 3260 510 3304 gnam
526 3248 717 3290 dicantur
732 3251 953 3296 utilitatem
981 3253 1154 3298 attuliffe
1167 3285 1179 3296 .
1198 3255 1374 3309 Presby-

386 3317 498 3349 teros
532 3307 658 3357 vero,
684 3317 727 3348 ut
767 3323 867 3364 quos
888 3312 1065 3366 optimos
1085 3314 1227 3368 posiit,
1258 3313 1372 3357 adhi-

390 3366 482 3408 beat
508 3393 523 3414 ‚
547 3363 723 3408 discolos
751 3368 800 3410 ad
830 3371 1042 3415 meliorem
1070 3372 1225 3430 frugem
1253 3372 1374 3415 redu-

387 3437 483 3466 cere
513 3432 687 3466 conetur
717 3454 731 3476 ‚
770 3436 815 3470 ut
841 3429 915 3473 hac
940 3432 1099 3475 ratione
1122 3461 1136 3484 ,
1173 3434 1372 3475 bonorum

389 3481 581 3537 exemplo
597 3496 700 3525 nova
730 3485 916 3530 Ecclefiae
947 3492 1125 3546 germina
1140 3491 1179 3531 in
1205 3490 1372 3542 litteris,

391 3544 431 3583 ἃ.
460 3542 640 3584 moribus
666 3543 773 3585 bene
798 3545 1026 3592 educentur
1052 3577 1067 3599 a
1088 3563 1172 3606 quae
1200 3550 1372 3605 postmo-

389 3599 485 3642 dum
506 3600 544 3643 in
562 3600 750 3644 Ecclefiae
767 3603 982 3649 ministerio
996 3610 1212 3663 plurimum
1243 3609 1278 3651 ei
1293 3608 1374 3651 ser-

390 3657 507 3721 vire,
527 3673 572 3723 ac
592 3658 777 3714 prodesse
801 3664 944 3717 poffint
959 3696 970 3707 .
994 3667 1118 3725 Quod
1137 3677 1180 3709 ut
1198 3669 1274 3710 erit
1290 3671 1374 3710 Do·

393 3719 605 3780 minationi
632 3720 756 3771 Tuae,
787 3727 961 3767 maximae
984 3727 1087 3782 apud
1117 3741 1260 3770 omnes
1285 3728 1370 3769 lau·

388 3771 432 3814 di
445 3799 460 3826 ,
489 3785 533 3815 ac
552 3776 714 3830 populis
729 3778 807 3825 tuis
823 3781 934 3826 saluti
949 3786 1085 3845 ,itaci
1111 3787 1370 3843 incolumita-

1126 185 1693 271 Provincia

1419 342 1502 375 tem
1514 334 1538 375 ὲ
1554 329 1733 374 Domino
1757 327 1957 370 bonorum
1980 330 2159 387 omniurn
2172 332 2391 384 Auctore-2

1419 403 1568 449 precor
1581 419 1594 431 .

1540 450 1682 492 Romae
1702 457 1764 489 ιο.
1779 444 1918 489 Martii
1944 444 2063 496 1607.

1482 563 1751 614 Perillustris2,
1777 578 1824 606 ac
1848 560 2199 607 Reverendissimae

1539 623 1837 671 Dominationis
1866 622 2015 666 Vestra:

1855 753 1915 788 vti
1925 757 2043 789 Frater
2059 747 2302 797 Studiofiffimis[

1696 856 1751 902 F.
1770 849 2029 903 Cardinalis
2045 845 2354 921 BurghefiusJ:

1447 982 1646 1040 Autbogr.
1659 977 1704 1023 in
1730 981 1906 1025 Archino
1929 979 2148 1022 conventas
2161 1003 2174 1015 ·

1416 1122 1761 1138 ———-=—-
1765 1117 2170 1138 —-——

1418 1224 1495 1270 Fr.
1531 1220 1729 1270 Paulum
1761 1217 1785 1266 a
1813 1213 2312 1273 Caesena,Tononium
2347 1208 2409 1258 ad

1483 1293 1532 1342 S.
1555 1290 1717 1338 Mariae
1739 1285 1795 1336 de
1825 1282 2149 1353 Compaffione
2170 1287 2400 1337 Domum,

1485 1355 1680 1426 aliasque
1706 1361 1749 1406 in
1772 1354 1982 1406 Vallefiae
1997 1392 2014 1414 ,
2036 1349 2246 1405 Lausanae
2265 1387 2282 1411 ,
2310 1348 2406 1401 Fri.

1487 1429 1621 1498 burgi
1646 1427 1737 1480 dcc.
1772 1427 2024 1478 Provinciis
2056 1422 2278 1474 institutas
2297 1415 2414 1481 Mis-

1489 1499 1636 1551 fiones
1661 1496 1902 1550 visitandas
1919 1495 2104 1565 ablegat
2122 1530 2135 1544 .

1419 1629 1575 1675 Ditem
1590 1625 1710 1680 Filio,
1731 1626 1846 1668 Paulo
1858 1625 1885 1667 d
1911 1623 2068 1683 Caestna
2082 1650 2097 1673 ,
2126 1618 2285 1664 Ordinis
2301 1618 2411 1665 Mla.

1579 1687 1714 1730 sanbli
1731 1681 1933 1738 Francifii
1960 1684 2248 1737 capuanorum

1757 1751 2068 1797 nuncupatorum
2080 1766 2092 1778 .

1448 1854 1895 1910 PAULUS
1968 1850 2248 1902 PAPA
2320 1851 2390 1899 V.

1551 1971 1712 2014 Dilet‘le
1728 1970 1812 2012 mi
1828 1995 1844 2019 ‚
1849 1968 2051 2022 filmera,
2077 1966 2133 2017 ὁ»
2160 1970 2267 2023 Apo-

1646 2025 1832 2080 stolicam
1851 2024 2184 2067 Benedib't‘ionem.

1543 2142 1624 2184 Um
1638 2154 1687 2183 ex
1712 2139 1857 2183 debito
1873 2139 2086 2199 Pastoralis
2101 2138 2254 2192 officii,
2281 2153 2360 2197 quo
2373 2139 2424 2183 fi-

1560 2199 1626 2241 dei
1643 2199 1876 2243 Catholicae
1891 2199 2171 2255 propagationi
2198 2201 2309 2241 omni
2339 2199 2420 2243 sol-

1426 2259 1641 2303 licitudine
1658 2258 1871 2314 invigilare
1903 2267 2083 2300 tenemur
2097 2285 2112 2308 ,
2133 2257 2183 2300 ad
2204 2258 2314 2300 Piam
2333 2261 2423 2299 Do-

1426 2333 1532 2361 mum
1550 2317 1734 2363 §.Mariae
1749 2317 1800 2359 de
1824 2316 2108 2372 Compassione
2134 2324 2419 2371 nuncupatam,

1427 2378 1584 2434 Oppidi
1601 2377 1778 2419 Tunonii
1795 2404 1809 2427 ,
1833 2375 2080 2418 Gebenenfis
2100 2373 2311 2424 Dioecefis,
2323 2389 2417 2431 pre,

1427 2438 1726 2480 Haereticorum
1749 2433 2015 2478 conversione
2033 2433 2234 2491 praecipue
2260 2433 2421 2478 institu-

1428 2507 1540 2548 tam,
1570 2494 1780 2552 personam
1806 2493 1986 2548 aliquam
2014 2493 2169 2549 pietate
2188 2520 2202 2543 ,
2229 2489 2341 2541 fide,
2374 2506 2423 2536 ac

1427 2556 1639 2614 prudentia
1658 2554 1842 2597 idoneam
1868 2551 1947 2595 hoc
1961 2561 2147 2606 tempore
2164 2549 2331 2592 mittere
2346 2550 2422 2594 de-

1431 2614 1681 2658 creverimus
1695 2639 1708 2662 ,
1723 2626 1806 2669 quae
1831 2609 1884 2652 de
1910 2609 2090 2668 ejusdem
2118 2604 2271 2651 Domus
2289 2607 2388 2652 statu
2407 2636 2424 2661 ,

1431 2675 1469 2716 δι
1495 2673 1581 2716 aliis
1604 2702 1618 2725 ,
1647 2673 1698 2715 de
1722 2670 1865 2727 quibus
1889 2673 1974 2713 Nos
2000 2668 2198 2712 certiores
2220 2665 2309 2710 fieri
2341 2680 2417 2724 pro

1432 2733 1535 2774 tanti
1563 2726 1728 2786 operis,
1745 2731 1786 2771 δε
1811 2728 2035 2785 Catholicae
2065 2725 2294 2782 Religionis
2325 2740 2426 2782 pro-

1433 2790 1560 2848 greffu
1576 2792 1614 2832 in
1641 2789 1819 2832 Domino
1832 2786 2023 2831 duximus
2051 2784 2245 2841 expedire
2262 2813 2277 2836 ‚
2307 2784 2346 2828 se
2379 2783 2421 2826 st

1432 2849 1653 2906 diligenter
1684 2845 1905 2898 informet,
1924 2847 1987 2888 Tu
2020 2844 2150 2887 Nobis
2183 2843 2421 2893 occurristi,

1431 2923 1549 2965 quem
1567 2907 1617 2950 ad
1635 2908 1711 2951 hoc
1733 2919 1877 2949 munus
1891 2903 2173 2959 deligeremus
2187 2930 2200 2942 .
2234 2905 2297 2945 De
2321 2913 2424 2946 tua.»

1434 2968 1560 3022 igitur
1578 2966 1729 3009 fineen
1746 2962 1842 3017 fide,
1856 2963 2083 3007 Catholicae
2100 2960 2328 3017 Religionis
2339 2962 2425 3005 Ze-

1435 3025 1477 3067 lo
1493 3055 1506 3078 ‚
1521 3026 1734 3082 prudentia
1748 3055 1764 3077 ,
1791 3027 1830 3067 &
1853 3021 2042 3066 industria
2063 3019 2234 3062 multam
2258 3019 2298 3061 in
2336 3021 2424 3061 Do·

1433 3084 1546 3127 mino
1571 3084 1755 3128 fiduciam
1779 3084 1974 3126 habentes
1990 3106 2004 3129 ‚
2019 3093 2067 3122 ac
2091 3075 2180 3120 fore
2194 3077 2415 3133 sperantes,

1434 3153 1509 3191 ut,
1538 3157 1624 3198 quae
1656 3143 1747 3185 Tibi
1770 3139 2119 3187 commiserimus,
2145 3145 2269 3192 prout
2296 3147 2423 3190 opor-

1434 3210 1494 3243 tet
1510 3230 1523 3251 ,
1549 3202 1589 3242 δι
1614 3214 1662 3243 ex
1688 3200 1808 3243 animi
1833 3197 1954 3241 nostri
1979 3195 2179 3238 sententia
2198 3207 2317 3236 cures
2335 3222 2352 3244 ,
2382 3195 2423 3236 δι

1433 3258 1581 3302 efficias
1594 3285 1608 3306 a
1624 3262 1656 3301 A
1663 3255 1857 3314 postolici
1870 3255 2113 3297 auctoritate
2127 3281 2140 3304 ‚
2155 3261 2302 3296 tenore
2318 3266 2421 3309 prae-

1433 3318 1603 3361 sentium
1619 3318 1693 3359 tibi
1707 3315 1996 3357 committimus
2010 3340 2026 3365 ,
2041 3313 2078 3354 &
2099 3312 2357 3363 mandamus,
2371 3318 2420 3354 ut

1432 3376 1482 3419 ad
1501 3379 1677 3418 Domum
1694 3374 1915 3430 praedictam
1929 3370 2227 3428 quamprimum
2245 3372 2306 3413 Te
2317 3384 2418 3413 con·

1434 3433 1539 3478 feras
1555 3465 1570 3486 ,
1590 3449 1636 3476 ac
1653 3433 1706 3475 de
1721 3432 1827 3474 illius
1845 3431 1942 3474 statu
1957 3457 1971 3480 a
1984 3429 2183 3484 regimine
2201 3458 2215 3481 ‚
2246 3428 2418 3484 deque)

1433 3492 1678 3537 Miffionibus
1704 3520 1717 3543 ,
1746 3505 1832 3545 quae
1871 3491 1909 3532 in
1940 3489 2122 3532 Vallefiae
2150 3518 2164 3541 ‚
2197 3487 2381 3531 Lausanae
2405 3513 2420 3535 ‚

1436 3552 1627 3607 Friburgi
1643 3580 1659 3601 ,
1676 3547 1840 3606 aliisque
1862 3546 2154 3603 circumpositis
2182 3547 2416 3602 regionibus

1435 3626 1510 3669 pro
1543 3609 1837 3653 Haereticorum
1876 3608 1926 3652 ad
1951 3608 2092 3649 Fidem
2118 3605 2415 3650 catholicam..

1433 3670 1719 3716 conversione,
1736 3667 1834 3709 licut
1866 3667 2096 3721 accepimus
2112 3692 2126 3715 a
2151 3664 2278 3716 fiunt,
2308 3665 2417 3707 veri-

1431 3739 1559 3772 tatem
1581 3728 1801 3783 diligenter
1815 3727 2023 3783 perquiras
2040 3752 2053 3775 ,
2080 3726 2120 3766 &
2139 3733 2292 3780 quanto
2323 3736 2414 3765 cum

1429 3786 1561 3830 frufiu
1586 3787 1834 3837 animarum,
1861 3801 1906 3828 ac
1929 3784 2154 3828 Catholicae
2185 3781 2415 3835 Religionis

2259 3853 2352 3894 aug·
