2638 4088
345 189 514 303 368

1034 182 1631 266 Provincia

281 340 573 392 collocaret,
592 327 651 381 ad
674 329 893 397 Mytram
921 321 1304 374 Barcinonensem
1331 319 1572 374 noviffime
1603 319 1890 379 nominavit,
1927 338 2066 389 quam
2103 339 2254 379 tamen
2283 342 2340 381 ut

282 418 573 476 acceptaret,
602 421 686 452 nec
718 399 898 452 Summi
937 393 1169 446 Pontificis
1201 430 1218 454 ,
1258 412 1339 444 nec
1367 396 1566 444 aliorum
1592 390 1783 442 confilio
1814 405 1892 442 aut
1920 390 2055 442 suada
2084 396 2235 446 induci
2262 418 2339 466 po-

280 480 379 530 tuit
409 513 426 538 ,
454 473 608 527 Roma
642 472 879 522 raritatem
905 463 1014 515 faffi
1046 465 1252 534 stupente
1272 501 1290 525 ,
1322 463 1373 516 <St
1394 501 1410 524 ,
1447 482 1503 514 an
1534 465 1701 515 Paulus
1737 463 1969 513 Ordinem
1999 466 2146 534 magis
2175 464 2338 520 Infulae

290 547 660 603 renuntiatione,
690 539 828 607 quam
859 541 954 602 ejus
981 539 1293 605 acceptatione
1326 534 1696 594 collustraverit,
1723 533 1920 583 necdum
1951 533 2140 585 edocta.

327 610 332 615 ’
432 614 671 671 Provincia
703 611 868 660 talium
902 647 919 670 ‚
950 605 1000 661 <St
1028 609 1229 658 aliorum
1265 609 1472 676 plurium
1505 607 1732 657 Virorum
1765 604 1917 675 gloria
1954 603 2172 664 corusca,
2211 605 2339 677 regi&

288 686 600 746 munificentia
631 695 868 751 tantopere
897 676 994 731 fota
1023 718 1041 743 ,
1066 680 1357 730 veneratione
1394 676 1601 729 fidelium
1631 678 1755 727 culta
1783 711 1800 735 ,
1827 674 1877 727 ἃ
1913 676 1958 725 in
2003 675 2339 729 vastiffimum...

285 760 526 827 ‘utriusque
554 752 763 806 Castellae
796 751 965 804 veteris
995 749 1045 803 ὅ(
1069 767 1198 801 novae
1225 751 1500 800 Dominium
1521 748 1745 808 distenta,
1770 747 1924 815 plures
1941 751 2038 811 jam
2059 746 2238 798 dudum
2263 765 2347 808 nuq

286 830 496 887 meraffet
521 831 792 878 Conventus
809 859 826 883 ,
853 820 977 893 regii
1006 820 1227 872 facultate
1251 821 1310 871 ad
1344 819 1391 871 id
1417 821 1733 878 communita,
1764 817 1812 867 ni
1837 820 1982 870 Zelus
2010 816 2259 869 secundum
2277 835 2346 869 re·

288 906 408 976 gulae
442 898 694 968 puritatem
723 892 947 954 vivendi,
975 891 1190 943 discretio
1204 927 1221 951 ,
1244 893 1358 942 alios
1384 890 1701 942 Mendicantes
1717 924 1735 950 ,
1762 890 1842 940 vel
1866 888 2068 941 maxime
2085 887 2345 940 Observan-

289 979 364 1027 tiae
383 1010 399 1034 ,
426 971 477 1024 ὅ(
513 966 822 1019 Discalceatos
854 969 1041 1024 Pati-ea,
1064 980 1264 1032 quorum
1296 961 1613 1015 Conventibus
1650 975 1840 1029 utraque
1874 959 2075 1012 Castella
2105 959 2346 1022 abundat,

291 1063 386 1097 non
419 1038 672 1100 turbandi,
690 1036 741 1090 ἃ
758 1054 890 1087 amor
907 1034 1085 1105 ,potius
1109 1034 1313 1086 laetitiam
1340 1069 1357 1094 ,
1388 1034 1527 1102 quam
1553 1046 1740 1103 gentem
1778 1031 2118 1098 multiplicandi
2143 1067 2159 1090 ,
2186 1031 2342 1101 potitis

294 1112 578 1168 Monasteria
612 1110 842 1160 Filiorum
868 1108 1074 1167 virtute,
1106 1108 1248 1175 quim
1278 1106 1418 1155 Filios
1448 1103 1836 1156 Monasteriorum
1867 1119 2061 1153 numero
2089 1102 2352 1170 implendi,

295 1186 582 1256 populorum
600 1194 712 1232 vota
740 1178 790 1231 ὅ(
823 1177 1051 1229 instantias
1077 1176 1249 1227 devote
1285 1178 1469 1239 rejicere
1494 1170 1747 1226 suafifl'ent.
1778 1171 1883 1225 Post
1900 1178 2171 1225 Conventus
2185 1175 2350 1224 nihilo·

297 1258 452 1308 minus
479 1254 677 1322 quinque
706 1251 753 1301 in
784 1250 1029 1301 Provincia
1058 1248 1224 1299 Baetica
1261 1248 1288 1297 a
1319 1245 1365 1296 se
1389 1243 1606 1297 fundatos
1633 1281 1648 1305 ,
1680 1245 1899 1296 videlicet
1923 1241 2350 1312 Antiquariensem,

302 1321 636 1380 Granatensem
654 1359 673 1385 ‚
707 1321 1045 1374 Malacitanum
1062 1355 1081 1381 ,
1113 1315 1449 1379 Giennensem,
1481 1315 1532 1371 ὅ(
1555 1317 1874 1388 Illiturgicum
1896 1331 2109 1369 numerat
2136 1316 2285 1368 adhuc

689 1490 935 1545 Conventus
962 1490 1165 1542 Fratrum

688 1612 731 1662 F
729 1613 913 1663 abrit-am

1898 1503 1999 1538 xlx

1894 1625 1940 1656 1.

658 1731 931 1801 Monasflert‘a
941 1729 1203 1787 Mont‘alium
1205 1735 1310 1799 juri
1327 1731 1650 1781 ordinariorum
1655 1724 1850 1796 siabjec‘la
1898 1742 1929 1775 v
1939 1743 1981 1775 1.

303 1928 2216 1975 -η-ἒοὴ-ῄ-Σ-ζὴ--ωοὰ---ῄ--ῄ--Ρ-μ-
2165 1957 2174 1968 ³
2232 1943 2238 1956 '
2253 1930 2366 1971 ’ἡ

306 2094 508 2147 Instante
541 2099 695 2148 Maria
727 2103 1030 2153 Emmanuele
1048 2104 1311 2161 ,Marchio-

374 2165 484 2216 niffa
501 2171 724 2220 S.Crucis
740 2185 827 2219 etc.
849 2174 897 2219 in
918 2177 1130 2221 Domum
1148 2172 1205 2218 ab
1225 2173 1308 2217 Al-

376 2253 495 2283 varo
514 2238 572 2284 de
587 2237 1049 2295 Bacan,Marchione‚
1066 2240 1158 2299 ejus
1179 2240 1309 2287 Con-

373 2306 506 2370 juge,
525 2304 572 2351 in
589 2306 864 2353 memoriam
890 2319 1131 2371 reportatae
1148 2320 1309 2354 contra

379 2373 562 2422 Turcas
581 2372 787 2420 victoriae
802 2375 848 2420 in
865 2386 988 2421 terra
998 2374 1070 2421 del
1093 2373 1190 2439 Vifi'
1204 2390 1310 2423 con·

379 2439 598 2490 structam
627 2443 811 2490 Fratres
843 2441 1027 2502 induci,
1057 2463 1110 2493 ac
1133 2441 1196 2494 ob
1224 2445 1307 2494 ho-

379 2529 485 2562 rum
515 2511 792 2579 paucitatem
823 2515 1006 2563 Fratres
1039 2513 1096 2564 de
1132 2513 1307 2566 Obser-

380 2582 536 2633 vantia
554 2579 861 2633 Discalceatos
888 2582 1044 2634 habita
1062 2586 1246 2637 licentii
1264 2587 1312 2637 in

383 2671 434 2702 ea
453 2651 712 2704 cohabitare
726 2667 814 2704 etc.
831 2654 953 2724 poffe
969 2656 1183 2707 concedit
1200 2693 1213 2707 .

321 2785 839 2840 GREGORIUS
886 2788 1074 2840 PAPA
1111 2791 1311 2841 XIII.

471 2913 540 2957 Ad
552 2922 791 2971 perpetuam
818 2919 881 2959 ret·
901 2918 1129 2962 memoriam
1141 2947 1156 2963 .

313 3036 366 3145 Ι
383 3035 492 3076 Nter
525 3044 671 3077 caetera
687 3032 849 3079 Divinae
859 3034 1060 3091 Maiestati
1084 3039 1207 3096 quim
1233 3052 1316 3080 ma-

402 3092 510 3134 xime
522 3102 692 3149 accepta
706 3106 830 3150 opera
840 3123 856 3147 ,
879 3095 982 3138 illud
996 3097 1200 3153 praecipue
1213 3111 1314 3139 enu-

315 3152 467 3193 merari
493 3151 602 3206 posse
616 3151 980 3198 animadvertimus
993 3183 1007 3206 ,
1033 3156 1144 3213 quod
1160 3155 1208 3198 ad
1227 3156 1314 3198 Re-

316 3209 477 3265 ligiosas
498 3213 654 3255 Domos
669 3241 685 3262 ,
711 3214 752 3256 &
772 3215 978 3257 Coenobia
1001 3213 1211 3259 fundanda
1227 3243 1243 3267 ,
1273 3215 1314 3256 δι

315 3270 514 3325 erigenda
538 3271 724 3327 pertinet
740 3299 754 3321 ‚
779 3274 879 3317 acin
897 3275 959 3318 his
979 3274 1051 3330 *pia
1072 3274 1314 3332 infignium„

316 3329 545 3371 Mulierum
560 3329 759 3375 defideria
778 3361 792 3383 ,
809 3347 897 3388 quae
923 3348 975 3377 ex
988 3333 1226 3379 devotionis
1252 3348 1315 3376 ar·

318 3385 419 3453 dore
440 3387 643 3442 prodeunt
659 3418 673 3442 ‚
704 3391 836 3445 gratia
862 3393 995 3437 nostra
1022 3393 1205 3438 libenter
1218 3408 1316 3449 prae-

318 3459 504 3491 venimus
521 3477 532 3487 .
548 3449 706 3504 Exponi
720 3449 909 3505 siquidem
922 3453 1051 3497 Nobis
1064 3469 1197 3510 nuper
1214 3451 1315 3496 fecit

321 3505 471 3547 dilecta
486 3509 525 3547 in
542 3508 708 3550 Christo
722 3509 822 3552 Filia
836 3539 850 3563 ,
862 3513 1012 3556 nobilis
1026 3514 1179 3559 Mulier
1193 3540 1207 3563 2
1223 3514 1312 3555 Ma·

322 3566 383 3607 ria
401 3566 638 3609 Emmanuel
655 3596 670 3622 2
690 3570 968 3616 Marchioniffa
986 3574 1138 3617 Sanftae
1149 3574 1314 3624 Crucis,

325 3624 431 3679 quod
447 3650 461 3672 a
475 3640 567 3668 cum
580 3626 759 3669 Dilectus
773 3628 922 3682 Filius,
937 3631 1085 3676 nobilis
1114 3634 1192 3676 Vir
1203 3660 1219 3685 3
1237 3635 1312 3678 Al·

326 3695 445 3748 varus
459 3683 510 3726 de
526 3687 671 3735 Baetin,
684 3687 869 3730 Mai-chio
883 3691 1033 3735 Sanetae
1047 3692 1215 3747 Crucis,
1228 3693 1314 3752 ejus

328 3743 485 3794 Conlux
503 3745 654 3799 pietate
680 3746 821 3789 duetus
844 3748 885 3791 in
906 3753 1144 3795 memoriam
1170 3767 1315 3808 repor-

326 3806 418 3841 tata
431 3800 484 3861 de
500 3806 644 3849 Turcis
657 3832 672 3856 ³
685 3806 906 3863 Christiani
920 3813 1093 3858 nominis
1107 3811 1282 3858 hostibus
1298 3840 1314 3866 ,

1370 2101 1545 2146 vietor-iz
1566 2111 1696 2153 prope
1711 2098 2015 2152 Coryntiaeum
2041 2095 2164 2138 finum
2178 2123 2195 2145 ‚
2227 2093 2267 2136 in
2283 2105 2366 2148 quo

1368 2157 1553 2199 universa
1566 2153 1655 2195 feri
1680 2154 1811 2196 claffis
1832 2157 2070 2202 Tur-carum,
2089 2152 2260 2195 dextera
2286 2152 2371 2194 Do·

1369 2213 1468 2258 mini
1484 2210 1659 2255 faciente
1672 2209 2156 2267 virtuten1‚superioribus
2169 2210 2281 2253 annis
2296 2223 2368 2265 pe-

1371 2273 1423 2313 ne
1448 2272 1648 2317 extincta,
1673 2271 1865 2312 &deleta
1883 2268 1984 2318 fuit,
2011 2270 2049 2311 in
2064 2280 2174 2311 terra
2202 2269 2265 2310 del
2286 2268 2370 2327 V'fl’

1370 2327 1581 2370 Toletanae
1600 2326 1812 2374 Dioecefis,
1826 2325 1912 2380 ejus
1938 2325 2171 2382 temporalis
2193 2324 2369 2368 dominii

1370 2385 1507 2429 extrui
1534 2413 1549 2437 ‚
1585 2399 1633 2428 ae
1661 2384 1852 2429 aedificari
1881 2385 2084 2429 curaverit
2113 2385 2294 2428 Domum
2318 2381 2371 2427 ad

1368 2446 1482 2490 usum
1505 2443 1834 2500 Religiosorum‚
1859 2444 1901 2487 in
1921 2458 2001 2501 qua
2032 2442 2160 2488 iidem
2188 2440 2376 2487 introdu-

1367 2505 1420 2548 ἂί
1436 2516 1512 2561 pro
1522 2502 1732 2547 animabus
1747 2502 1928 2548 fidelium
1945 2532 1960 2556 ,
1985 2506 2052 2560 qui
2070 2502 2112 2546 in
2136 2517 2184 2547 ea
2207 2514 2372 2560 pugna-0

1376 2565 1532 2615 vitam,
1561 2576 1656 2606 cum
1671 2573 1804 2606 morte
1832 2563 2180 2606 commutaverint
2197 2591 2212 2615 ,
2235 2563 2375 2605 &san-

1375 2623 1540 2681 guinem
1558 2635 1701 2665 eorum
1717 2636 1790 2679 pro
1802 2621 1951 2666 Christi
1975 2621 2138 2665 nomine
2165 2620 2372 2668 fuderint,

1372 2681 1539 2726 affiduas
1555 2695 1695 2738 preces
1711 2680 1946 2729 effundant,
1973 2679 2234 2736 ejusdemque
2261 2682 2374 2728 Man,

1371 2741 1529 2786 chionis
1559 2740 1828 2784 intentionem
1853 2737 1930 2784 effe
1944 2739 1985 2783 in
1999 2739 2080 2798 jam
2110 2738 2370 2784 construssaa

1374 2804 1513 2844 Domo
1528 2798 1752 2857 hujusmodi
1764 2799 2043 2858 objngentem
2058 2827 2073 2851 ,
2088 2812 2211 2856 quern
2227 2797 2373 2842 eadem

1375 2861 1506 2904 Maria
1525 2857 1804 2903 Marchioniffa
1822 2871 1921 2915 erga
1938 2859 2137 2902 Ordinem
2153 2859 2378 2902 Fratrum„

1374 2920 1586 2964 Minor-um
1612 2919 1919 2975 Capucinorum
1949 2925 2279 2975 nuncupatorum
2305 2928 2380 2973 ge-

1375 2979 1430 3022 rit
1444 2979 1680 3023 devotionis
1695 2977 1880 3022 affectum
1895 3005 1910 3029 ‚
1922 2977 1990 3032 qui
2006 2976 2101 3021 vitae
2112 3007 2128 3030 ‚
2149 2991 2196 3020 ac
2214 2987 2376 3019 morum

1376 3037 1586 3082 ssnetitate
1613 3038 1771 3081 clarent
1789 3067 1805 3090 ‚
1827 3036 1991 3081 eosdem
2009 3038 2173 3080 Fratres
2201 3034 2378 3091 Capuofi-¹

1376 3112 1452 3142 nos
1466 3098 1619 3142 ibidem
1642 3097 1872 3148 introduci,
1885 3097 1922 3138 &
1938 3098 1979 3139 in
1996 3095 2092 3138 dieii
2109 3095 2276 3138 Ordinis
2290 3094 2377 3137 Do·

1374 3172 1481 3200 mum
1513 3158 1628 3201 illam
1654 3156 1803 3200 institui
1843 3157 2110 3199 vehementer
2139 3153 2373 3198 defiderat=

1379 3226 1599 3273 propterea
1626 3216 1758 3260 Nobis
1784 3215 1995 3259 humiliter
2033 3212 2246 3271 supplicari
2276 3210 2377 3255 fecit

1376 3274 1518 3319 eadem
1534 3276 1664 3319 Maria
1682 3273 1994 3327 Marchioniffa,
2020 3282 2065 3314 ut
2096 3270 2181 3328 ejus
2211 3269 2376 3323 defideq

1375 3334 1440 3379 rio
1452 3330 1704 3386 satisfacere,
1725 3331 1900 3389 aliasque
1929 3334 1970 3376 in
1996 3329 2197 3386 praemiffis
2223 3343 2376 3387 oppor-

1375 3392 1474 3438 tune
1497 3392 1718 3449 providere
1743 3390 1795 3435 de
1828 3390 2080 3447 benignitate
2108 3388 2374 3448 ApostoHca.»

1374 3454 1642 3510 dignaremur
1658 3480 1671 3494 .

1458 3546 1462 3550 .
1491 3515 1580 3556 Nos
1595 3511 1747 3568 igitur,
1774 3511 1844 3567 qui
1862 3509 2063 3554 Divinum
2077 3510 2264 3560 cultum,
2289 3508 2380 3555 Re·⁸

1374 3572 1649 3629 ligionemque
1662 3570 1894 3627 propagari,
1907 3569 2216 3627 animarumque
2238 3566 2376 3619 saluti,

1374 3631 1594 3689 prasertim
1620 3643 1762 3673 eorum
1785 3658 1799 3681 ‚
1829 3630 1901 3686 qui
1924 3626 2113 3685 gloriose
2131 3643 2207 3683 pro
2222 3626 2376 3671 Christi

1375 3692 1541 3735 nomine
1559 3704 1610 3735 eo
1627 3689 1666 3732 in
1690 3689 1824 3746 praelio
1837 3689 2131 3733 'occubuerunt
2145 3718 2160 3742 ‚
2190 3685 2376 3741 consuli,

1375 3749 1538 3794 sinceris
1563 3759 1803 3805 exoptamus
1832 3747 2069 3798 affectibus,
2097 3761 2270 3791 necnon
2290 3748 2376 3790 Ma-

1373 3811 1441 3858 riae
1458 3806 1751 3858 Marchioniss'ae
1763 3807 1975 3856 laudabile.
2010 3809 2374 3904 propositum-tige-

2240 3878 2259 3907 1¹
2262 3877 2272 3904 1
