2592 4094
390 278 567 362 214

333 389 496 441 νεύειν,
515 401 560 430 ac
574 385 749 443 denique
763 397 855 428 curn
871 378 1067 422 facultate
1081 379 1311 423 conceden-

332 450 385 491 da
400 447 515 490 dictis
548 444 870 488 Provincialibus
896 440 1197 492 Capucinorum
1212 466 1226 490 ,
1244 437 1312 483 seu

334 503 620 551 Commiffariis
642 500 863 545 Provinciae
877 523 891 546 ‚
923 507 968 537 ut
983 495 1118 552 aliquo
1143 497 1310 554 impedi.

333 577 472 610 mento
487 561 661 606 detenti,
676 560 715 600 in
731 569 870 597 eorum
887 554 1024 597 locum
1038 554 1310 612 subrogare...

335 626 497 667 valeant
514 620 686 672 aliquem
700 611 978 658 Guardianum
994 613 1171 670 ejusdem
1186 616 1313 658 Ordi-

334 684 396 726 nis
418 675 714 733 Capucinorum
728 673 778 716 ad
792 671 997 727 praedicta,
1011 683 1055 715 ut
1071 673 1204 728 supra,
1220 687 1312 716 cum

335 738 536 795 Episcopo
550 731 753 788 Bajonenfi
769 733 1003 787 peragenda
1017 761 1028 774 .
1048 732 1234 775 Ministro
1249 746 1316 775 au-

339 807 424 840 tem
442 791 683 837 Provinciali
697 817 711 839 ,
735 790 969 847 caeterisque
995 791 1283 845 Superioribus
1298 821 1314 844 ,

335 859 375 898 δι
393 850 657 896 officialibus,
675 860 718 892 ut
736 846 1040 905 praefertur,per
1053 849 1205 893 dicium
1221 851 1319 906 Epi-

338 914 518 966 scopum,
530 910 568 951 &
584 908 761 952 alterum
777 921 827 952 ex
847 908 1165 953 Provincialibus
1177 912 1318 966 Capu-

337 974 523 1013 cinorum
539 993 553 1016 ,
567 969 633 1009 seu
654 966 938 1011 Commissariis
954 995 967 1019 ,
997 966 1061 1009 vel
1089 969 1140 1010 ab
1156 971 1211 1010 eis
1225 994 1239 1016 ,
1270 975 1316 1010 ut

339 1029 450 1082 supra
470 1053 484 1076 ,
498 1029 764 1081 Deputatum,
778 1024 916 1068 electis
930 1054 944 1077 ,
976 1027 1138 1069 Fratres
1159 1026 1339 1069 Rec01-·

337 1086 431 1129 lecti
460 1086 571 1129 dietae
611 1084 833 1128 Provinciae
856 1113 871 1136 ,
898 1083 1074 1128 debitam
1117 1083 1317 1128 obedien-

343 1145 439 1188 tiam
457 1143 665 1200 praestare,
690 1142 858 1198 illosque
887 1141 928 1185 in
951 1141 1171 1198 superiores
1198 1156 1315 1185 reco-

337 1202 533 1260 gnoscere
557 1203 723 1244 omnino
745 1210 987 1252 teneantur,
1019 1211 1140 1258 atque
1171 1201 1221 1243 ad
1247 1201 1284 1243 id
1301 1228 1314 1251 ,

340 1260 451 1304 omni
475 1259 745 1317 appellatione
760 1288 774 1311 ,
798 1261 838 1303 δι
860 1259 1109 1315 oppofitione
1135 1258 1315 1307 remota,

340 1320 431 1374 cogi
447 1318 588 1374 poffint
600 1347 613 1369 ,
626 1321 665 1361 δε
685 1317 859 1362 debeant
874 1332 944 1374 per
960 1319 1159 1369 censuras,
1173 1320 1210 1361 &
1228 1332 1319 1372 poe-

341 1393 410 1421 nas
427 1375 574 1420 eisdem
590 1377 797 1432 Delegatis
813 1377 917 1422 bene
942 1378 1038 1420 visas
1053 1406 1066 1428 ,
1083 1379 1144 1426 δι,
1162 1376 1185 1418 si
1211 1375 1319 1420 forte

342 1438 650 1495 praenominatus
667 1433 885 1492 Episcopus
910 1435 1163 1490 Bajonenfis,
1187 1445 1319 1480 ante.)

342 1494 623 1553 praemifforum
654 1497 938 1538 executionem
965 1495 1184 1539 decederet
1210 1523 1225 1547 ,
1270 1507 1320 1537 ex

342 1568 448 1598 nunc
463 1584 478 1605 ,
492 1556 530 1595 &
545 1567 595 1595 eo
610 1553 698 1596 casu
715 1554 982 1605 adveniente,
1010 1553 1150 1598 eadem
1167 1556 1318 1597 Sacra-2

343 1613 623 1667 Congregatio
664 1613 820 1658 censuit
864 1613 1200 1657 committendum
1243 1610 1318 1654 else

342 1670 503 1714 Nuntio
528 1670 764 1724 Apostolico
793 1672 832 1713 in
858 1671 996 1714 Gallia
1022 1699 1037 1722 ,
1069 1682 1114 1715 ut
1142 1673 1182 1715 in
1221 1671 1318 1715 dicii

343 1726 531 1781 Episcopi
546 1726 683 1770 locum
698 1753 711 1776 ,
727 1729 850 1774 alium
868 1730 1107 1786 Episcopum
1121 1744 1213 1773 cum
1232 1743 1322 1772 om-

326 1785 456 1827 ·nibus
483 1784 744 1827 facultatibus
770 1787 945 1841 superius
974 1787 1158 1841 expreffis
1180 1785 1322 1828 subro-

342 1851 430 1900 get,
444 1855 489 1885 ac
511 1841 694 1896 deputet.
715 1845 853 1885 Romae
866 1843 933 1885 die
947 1845 1182 1899 27.Augusti
1202 1844 1305 1897 1632
1316 1873 1325 1882 .

463 1903 548 1944 Nos
565 1903 735 1945 Decreti
765 1899 983 1955 huiusmodi
1007 1900 1230 1945 inviolabili
1255 1902 1326 1942 ob·

350 1959 568 2003 servationi
586 1991 597 2010 ,
611 1961 803 2016 quantum
819 1975 907 2003 cum
924 1961 1096 2003 Domino
1111 1959 1326 2017 possumus,

344 2018 556 2063 consulere
588 2020 770 2063 volentes
785 2049 799 2070 ,
831 2022 868 2061 &
884 2019 1082 2062 dic‘torum
1111 2023 1327 2073 Exponen-

345 2080 446 2119 tium
462 2078 675 2127 fingulares
692 2077 892 2129 personas,
909 2079 932 2119 a
949 2076 1148 2129 quibusvis
1162 2089 1323 2116 excom-

344 2133 632 2176 municationis
654 2134 732 2173 &c-
753 2132 1008 2173 absolventes
1023 2158 1037 2181 ,
1063 2133 1105 2173 δε
1124 2130 1324 2172 absolutas

346 2193 432 2236 fore
457 2187 661 2233 censentes
675 2215 688 2236 ,
705 2187 1061 2244 supplicationibus
1086 2187 1324 2232 eorumdem

348 2249 649 2305 Exponentium
664 2247 841 2298 nomine,
863 2246 989 2291 Nobis
1015 2246 1130 2303 super
1158 2249 1233 2289 hoc
1249 2247 1326 2288 hu-

348 2309 503 2351 militer
526 2307 721 2362 porrectis
750 2306 963 2356 inclinati,
983 2309 1203 2350 Decretum
1230 2318 1326 2359 prae·

347 2366 538 2410 insertum
569 2364 798 2420 Apostolica
822 2364 1067 2407 auctoritate
1095 2366 1323 2418 approban-

346 2438 408 2469 tes
425 2452 438 2475 ,
452 2426 491 2466 &
504 2422 786 2464 confirmantes
799 2451 814 2471 ,
831 2436 876 2464 ac
893 2435 1031 2465 omnes
1043 2448 1057 2470 ,
1089 2424 1136 2464 &—
1152 2421 1325 2478 singulos

349 2494 428 2527 tam
446 2480 566 2537 juris,
593 2482 711 2536 quam
731 2476 823 2521 faeti
851 2477 1058 2531 defectus,
1085 2481 1108 2524 si
1125 2481 1192 2537 qui
1209 2477 1334 2522 desu-

346 2556 417 2599 per
435 2539 748 2596 quomodolibet
781 2539 1080 2583 intervenerint
1103 2569 1118 2590 ,
1151 2539 1338 2595 supplen-

349 2614 408 2644 tes
422 2597 688 2652 ,Capitulum
709 2597 973 2641 Provinciale
999 2599 1230 2654 praedieium
1249 2596 1341 2640 irri-

349 2672 392 2703 tu
405 2673 440 2700 m
456 2685 470 2708 ,
497 2659 537 2700 &
551 2658 709 2712 penitus
735 2657 889 2700 nullum
902 2683 916 2706 ,
933 2658 1009 2699 una
1026 2671 1116 2701 cum
1129 2656 1341 2701 electioni-

349 2721 420 2760 bus
441 2716 607 2758 Ministri
637 2715 900 2759 Provincialis
916 2741 931 2764 ,
946 2716 1137 2759 custodis
1152 2746 1167 2769 ,
1192 2717 1229 2759 &
1258 2718 1342 2759 De-

351 2776 562 2819 finitorum
589 2802 603 2825 ,
629 2787 674 2816 ac
698 2776 1027 2820 Guardianorum
1045 2804 1059 2825 ,
1084 2775 1341 2829 aliorumque

362 2834 626 2887 superiorum
639 2861 652 2884 ,
668 2833 706 2875 &
725 2833 995 2883 officialium,
1018 2848 1061 2877 ac
1077 2847 1167 2877 cum
1190 2832 1344 2876 caeteris

357 2894 511 2937 actibus
532 2893 569 2934 in
583 2904 634 2932 eo
652 2890 761 2933 factis
778 2921 792 2943 ,
816 2895 856 2935 δι
869 2893 961 2936 inde
975 2893 1148 2945 secutis,
1171 2892 1344 2935 auctori-

351 2964 437 2995 tate
470 2951 683 3008 praedista,
715 2960 858 2994 tenore
876 2953 1125 3007 praesentium
1157 2951 1345 2994 declara·

352 3026 440 3054 mus
455 3023 470 3061 3
485 3026 557 3053 nec
570 3023 651 3052 non
670 3010 896 3054 inhibemus
908 3038 922 3060 ,
937 3026 986 3054 ne
1001 3012 1038 3053 in
1055 3009 1236 3053 futurum
1260 3012 1342 3051 Ca-

365 3069 491 3124 pitula
505 3068 725 3118 huiusmodi
749 3068 845 3112 fiant
864 3097 878 3117 ,
905 3085 981 3112 non
1013 3069 1164 3112 vocatis
1182 3068 1343 3110 Discre-

357 3128 411 3172 tis
433 3125 662 3179 supradictis
681 3156 695 3177 ,
711 3130 747 3169 &
768 3128 847 3172 fine
866 3129 1026 3172 illorum
1045 3126 1246 3184 praesentia
1261 3155 1276 3178 ,
1302 3127 1342 3169 δι

360 3185 492 3236 votis;
507 3184 686 3239 alioquin
702 3188 821 3228 aliter
843 3187 1011 3237 factam
1028 3201 1132 3230 nunc
1155 3186 1289 3235 irrita,
1303 3187 1340 3226 δι

357 3244 472 3288 nulla
486 3268 499 3289 ,
516 3257 587 3285 nec
605 3244 740 3286 valere
760 3245 940 3291 similiter
961 3246 1216 3291 declaramus
1230 3273 1241 3285 .
1257 3247 1343 3286 Cae-

360 3314 495 3346 terum
515 3303 564 3344 ad
586 3302 789 3345 tollendas
813 3308 1104 3349 Conventuum
1130 3301 1343 3361 expensas,

358 3365 398 3405 δι
418 3361 674 3403 incommoda
695 3363 908 3417 Fratrum,
937 3367 977 3410 &
992 3380 1040 3409 ex
1063 3364 1153 3407 aliis
1170 3364 1345 3406 rationa-

358 3421 502 3465 bilibus
521 3420 644 3462 causis
659 3419 787 3465 dictos
815 3424 1055 3469 cardinales
1074 3421 1343 3471 moventibus,

358 3495 407 3524 ex
430 3478 564 3521 officio
579 3505 592 3528 ,
609 3480 649 3520 &
668 3493 744 3522 non
758 3482 806 3523 ad
821 3483 985 3529 alterius
1012 3498 1059 3525 ex
1076 3483 1252 3538 partibus
1281 3492 1343 3522 ret

356 3538 609 3595 quifitionem
638 3539 873 3583 Venerabili
898 3544 1023 3586 Fratri
1048 3539 1248 3597 Episcopo
1266 3542 1341 3582 Ba-

353 3599 508 3654 jonenli
521 3627 535 3649 ,
553 3612 600 3641 ac
623 3599 866 3641 Provinciali
882 3605 1067 3646 Fratrum
1089 3599 1255 3643 Ordinis
1269 3599 1342 3640 Mi-

357 3672 504 3700 norum
528 3660 567 3700 S.
591 3659 787 3702 Francisci
805 3661 1109 3715 Capucinorum
1137 3672 1342 3712 nuncupa-

362 3727 500 3759 torum
515 3719 739 3760 Provinciae
756 3719 926 3771 Tolosae,
941 3722 1003 3762 vel
1021 3718 1244 3763 Provinciae
1259 3720 1342 3759 Tu-

353 3774 478 3818 roniae
492 3800 505 3822 ,
520 3788 586 3819 aut
608 3778 654 3819 iis
677 3776 924 3828 absentibus,
941 3777 1228 3822 Commissariis
1243 3779 1344 3819 Pro·

360 3833 498 3877 vinciae
519 3846 593 3888 pro
621 3837 912 3883 commoditate
934 3869 952 3899 ,
981 3841 1018 3883 &
1044 3838 1213 3882 arbitrio
1244 3835 1343 3895 ejus-

1077 241 1618 326 Provincia

1372 382 1464 425 dem
1487 380 1672 437 Episcopi
1693 393 1766 435 per
1792 379 2005 436 praesentes
2026 385 2319 429 committimus
2333 411 2349 435 ‚

1371 453 1416 484 ut
1432 442 1670 497 conjunctim
1684 439 1954 495 procedentes
1968 443 2202 485 auctoritate
2219 445 2347 487 nostra

1372 500 1425 543 de
1452 514 1558 543 novo
1585 499 1734 554 eligant
1762 497 1988 541 Ministrum
2019 500 2346 554 provincialem,

1371 559 1588 602 Custodem
1598 587 1612 611 ,
1631 573 1676 600 ac
1692 556 1938 600 Definitores
1952 570 2004 599 ex
2017 556 2221 601 Fratribus
2234 568 2352 600 ante-

1370 618 1482 660 dictae
1505 618 1726 662 Provinciae
1752 615 2042 671 Conceptionis
2080 617 2354 660 Immaculata

1375 677 1578 732 VirginiS,
1591 689 1690 729 quos
1704 675 1754 718 ad
1771 689 1933 717 munera
1951 672 2178 730 hujusmodi
2195 676 2354 719 obeun-

1374 737 1424 779 da
1445 736 1611 779 idoneos
1627 733 1892 791 judicaverint
1906 762 1920 784 ,
1947 733 2168 776 dummodo
2182 747 2262 777 non
2277 733 2351 777 fint

1377 795 1501 838 iidem
1516 794 1608 850 ,qui
1638 791 1799 836 suerunt
1821 792 1939 836 elec'ti
1959 792 2000 834 in
2018 791 2208 847 praedic'to
2226 790 2356 847 Capi-¹

1378 853 1471 898 tulo
1487 880 1501 905 ,
1517 864 1558 895 ut
1574 851 1685 907 supra
1698 880 1713 902 ,
1737 849 1901 895 nulliter
1929 851 2175 904 celebrato3
2205 852 2260 894 ita
2290 859 2355 892 ta.-

1381 924 1472 955 men
1489 939 1503 962 ,
1519 919 1564 954 ut
1585 911 1716 967 quoad
1731 911 1987 954 Guardianos
2002 939 2017 962 ,
2037 912 2075 952 &
2097 910 2200 952 alios
2223 914 2359 964 Supe-

1377 971 1500 1013 riores
1515 997 1528 1021 ,
1539 983 1583 1011 ac
1600 969 1804 1012 officiales
1818 968 2031 1013 inferiores
2048 998 2060 1020 ,
2075 968 2175 1011 licet
2189 966 2359 1010 nulliter

1376 1029 1417 1072 in
1444 1027 1586 1071 eodem
1613 1028 1805 1077 Capitulo
1831 1028 1981 1071 elec‘ios
2003 1057 2015 1079 ,
2039 1025 2358 1082 poffintiidem..

1376 1086 1594 1143 Episcopus
1610 1115 1625 1135 ,
1654 1087 1692 1127 δι
1707 1087 1812 1129 alter
1827 1101 1878 1128 ex
1902 1086 2222 1130 Provincialibus
2237 1114 2250 1135 ‚
2278 1085 2356 1126 sive

1376 1143 1659 1189 Commiffariis
1677 1147 1870 1187 Fratrum
1889 1145 2188 1198 Capucinorum
2209 1144 2356 1199 praedi-

1375 1206 1463 1253 ctis,
1477 1203 1633 1258 aliquos
1648 1201 1885 1245 confirmare
1900 1232 1914 1254 ,
1929 1206 1968 1244 δε
1984 1202 2082 1243 alios
2094 1201 2146 1243 de
2160 1215 2266 1243 novo
2284 1201 2363 1243 eli-‘

1379 1277 1474 1320 gere
1501 1276 1574 1318 pro
1600 1274 1738 1304 eorum
1760 1262 1957 1311 arbitrio,
1987 1257 2027 1301 δέ
2047 1258 2289 1315 prudentia,
2322 1258 2362 1298 &

1380 1330 1502 1377 prout
1526 1318 1649 1374 magis
1669 1319 1693 1362 ὲ
1708 1333 1751 1361 re
1776 1319 1852 1363 esse
1872 1320 2167 1375 cognoverint.
2195 1317 2368 1373 Insuper

1379 1380 1492 1422 dictis
1534 1378 1854 1422 Provincialibus
1893 1379 2196 1433 Capucinorum
2230 1390 2245 1427 ,
2295 1377 2364 1420 seu

1380 1437 1665 1483 Commissariis
1683 1438 1902 1481 Provinciae
1932 1436 2168 1480 facultatem
2196 1434 2365 1483 damus,

1380 1507 1424 1541 ut
1447 1497 1584 1552 aliquo
1601 1495 1894 1551 impedimento
1910 1495 2128 1544 detenti,in
2143 1507 2284 1536 eorum
2304 1494 2366 1535 lo-

1380 1570 1471 1600 cum
1503 1556 1719 1611 subrogare
1753 1555 1919 1597 valeant
1954 1555 2126 1609 aliquem
2161 1551 2369 1595 Guardia·

1379 1628 1473 1661 num
1501 1613 1677 1668 ejusdem
1705 1613 1869 1657 Ordinis
1913 1615 2097 1656 Fratrum
2132 1611 2370 1666 Capucino-

1381 1688 1469 1717 rum
1495 1674 1546 1717 ad
1577 1672 1786 1726 praedic‘ta,
1816 1681 1862 1716 ut
1889 1670 2036 1728 supra,
2056 1685 2147 1714 cum
2173 1669 2371 1725 Episcopo

1382 1733 1590 1787 Baionensi
1607 1735 1836 1786 peragenda
1853 1758 1864 1770 .
1880 1733 2076 1774 Praeterea
2091 1758 2105 1781 ,
2130 1730 2156 1770 fi
2183 1727 2288 1771 forte
2311 1726 2373 1767 di-

1384 1795 1467 1831 ctus
1502 1789 1718 1843 Episcopus
1739 1788 1959 1843 Bajonenfis
1983 1798 2074 1832 ante
2092 1785 2374 1841 praemistorum

1386 1849 1667 1889 executionem
1682 1844 1931 1894 decederet,
1956 1858 2007 1886 ex
2030 1857 2163 1892 nunc,
2184 1845 2288 1886 &eo
2310 1855 2379 1884 ca-

1385 1905 1425 1948 su
1438 1904 1699 1954 adveniente,
1714 1902 1864 1946 dilecto
1890 1902 1995 1945 Filio
2010 1901 2176 1950 nostro,
2194 1902 2234 1942 δε
2259 1900 2377 1943 Sedis

1386 1963 1640 2020 Apostolicae,
1659 1959 1763 2017 apud
1781 1961 2055 2004 Chariffimum
2079 1961 2120 2003 in
2134 1959 2295 2004 Christo
2317 1960 2379 2002 Fi·-

1349 2072 1351 2075 ,
1385 2025 1482 2067 lium
1513 2019 1690 2062 nostrum
1707 2020 1986 2070 Ludovicum,
2023 2021 2272 2061 Francorum
2296 2019 2378 2060 Re-

1383 2092 1475 2134 gem
1489 2073 1860 2118 Christianiffimum
1874 2077 2146 2117 commoranti
2164 2103 2178 2124 ,
2203 2075 2376 2126 Nuntio,

1384 2149 1454 2190 per
1470 2132 1629 2174 easdem
1657 2131 1868 2186 praesentes
1894 2132 2208 2178 committimus,
2235 2142 2279 2173 ut
2303 2133 2376 2176 in,

1388 2192 1483 2236 dicti
1516 2189 1700 2245 Episcopi
1717 2187 1852 2231 locum
1864 2215 1878 2237 ,
1895 2189 2015 2232 alium
2031 2190 2271 2246 Episcopum
2283 2203 2377 2231 cum

1386 2250 1576 2293 omnibus
1591 2246 1853 2292 facultatibus
1870 2246 2046 2302 superius
2071 2246 2258 2302 expreffis
2286 2248 2380 2292 sub-

1386 2318 1506 2362 roget
1523 2334 1538 2357 ,
1564 2308 1599 2348 &
1626 2305 1826 2360 deputet.
1853 2307 2038 2363 Denique
2073 2307 2256 2349 volumus
2282 2334 2298 2357 ,
2327 2315 2374 2348 ut

1384 2365 1566 2412 Ministro
1584 2364 1855 2414 Provinciali,
1881 2364 2112 2422 caeterisque
2150 2363 2382 2419 Superiori-

1394 2429 1465 2470 bus
1481 2426 1541 2475 ,&
1553 2421 1805 2465 Officialibus
1821 2451 1837 2473 ,
1851 2433 1894 2464 ut
1910 2422 2132 2479 praefertur,
2147 2436 2216 2479 per
2231 2423 2384 2464 dictum

1402 2485 1645 2540 Episcopum
1670 2511 1686 2532 ,
1722 2483 1762 2523 δι
1789 2483 1961 2524 alterum
1988 2496 2037 2525 ex
2064 2479 2383 2525 Provincialibus

1404 2547 1589 2589 Fratrum
1617 2542 1949 2595 Capucinorum,
1977 2541 2041 2584 seu
2070 2537 2382 2590 Commiffariis,

1401 2602 1468 2646 vel
1495 2601 1546 2643 ab
1559 2600 1634 2650 eis,
1646 2609 1690 2640 ut
1712 2599 1845 2655 supra,
1861 2603 2111 2655 Deputatum
2125 2599 2278 2648 eleetis,
2292 2599 2388 2641 Fra·

1400 2672 1483 2705 tres
1511 2659 1739 2701 Recollecti
1757 2658 1870 2700 dieiae
1887 2658 2110 2703 Provinciae
2138 2657 2388 2712 conceptio-

1401 2722 1460 2763 nis
1486 2717 1760 2761 lmmaculatae
1776 2717 1953 2773 Virginis
1980 2718 2158 2760 debitam
2183 2715 2383 2760 obedien-

1404 2779 1501 2824 tiam
1517 2777 1696 2833 praestare
1711 2805 1726 2828 ,
1754 2775 1918 2833 illosque
1942 2777 1981 2822 in
1999 2777 2236 2833 Superiores
2267 2787 2389 2818 reco-

1403 2839 1598 2895 gnoscere
1627 2836 1796 2878 omnino
1824 2845 2042 2878 teneantur
2066 2864 2080 2887 ,
2111 2845 2234 2891 atque
2263 2834 2313 2876 ad
2345 2831 2387 2875 id

1403 2897 1514 2939 omni
1535 2895 1837 2953 appellatione,
1867 2896 1903 2937 δι
1930 2894 2182 2950 oppofitione
2203 2890 2359 2937 remota
2374 2919 2388 2943 ,

1403 2957 1492 3011 cogi
1510 2954 1656 3009 poffint
1670 2983 1684 3005 ,
1700 2957 1740 2997 δι
1752 2954 1927 2997 debeant
1942 2969 1991 3010 pe
2002 2968 2018 2996 r
2031 2954 2236 3005 censuras,
2248 2954 2288 2995 δι
2298 2965 2388 3006 poe-

1405 3028 1473 3056 nas
1496 3012 1646 3057 eisdem
1671 3014 1876 3068 Delegatis
1908 3014 2144 3064 benevisas3
2165 3015 2392 3055 Decernen·

1403 3081 1462 3115 tes
1491 3072 1703 3129 praesentes
1731 3071 1912 3123 litteras,
1940 3074 1980 3114 &
2008 3085 2144 3114 earum
2168 3071 2305 3126 vigore
2330 3065 2389 3110 fa·

1401 3131 1564 3182 cienda,
1581 3131 1737 3179 valida,
1762 3128 1905 3182 firma,
1925 3132 1963 3172 &
1988 3129 2164 3172 efficacia
2190 3128 2387 3175 existere,

1401 3191 1441 3232 δι
1455 3190 1543 3232 fore
1557 3215 1570 3237 ,
1588 3205 1632 3232 ac
1646 3191 1697 3231 ab
1720 3189 1909 3231 omnibus
1923 3216 1938 3239 ,
1955 3188 2002 3230 ad
2021 3201 2120 3243 quos
2142 3186 2293 3241 spectat
2309 3210 2323 3232 ,
2349 3185 2390 3225 &

1403 3262 1479 3303 pro
1494 3256 1675 3302 tempore
1692 3246 1885 3302 speRabit
1897 3272 1912 3294 ,
1929 3243 2224 3288 inviolabiliter
2255 3241 2389 3286 obser-

1404 3306 1518 3357 vari3
1545 3305 1675 3360 licque
1703 3319 1774 3360 per
1797 3301 2243 3359 quoscumqueJudices
2272 3301 2391 3344 ordi-

1404 3365 1536 3406 narios
1553 3391 1566 3413 ,
1580 3364 1840 3416 &delegatos
1855 3386 1869 3411 ,
1894 3362 2018 3405 etiam
2038 3362 2242 3404 causarum
2272 3360 2391 3404 Pala-

1403 3424 1450 3467 tii
1475 3422 1699 3477 Apostolici
1717 3419 1952 3471 Auditores,
1970 3419 2133 3474 judicari
2147 3450 2162 3472 ‚
2177 3423 2216 3462 &
2231 3417 2388 3462 definiri

1402 3483 1554 3526 debere
1572 3495 1646 3532 ,ac
1663 3479 1849 3529 irritum,
1875 3479 2075 3530 &inane,
2101 3478 2125 3520 si
2151 3479 2245 3533 quid
2279 3480 2388 3522 secus

1401 3540 1517 3596 super
1545 3540 1603 3581 his
1627 3540 1648 3581 a
1672 3551 1901 3595 quoquam,
1931 3539 2072 3593 quavis
2101 3539 2386 3581 auctoritate)

1401 3600 1595 3647 scienter,
1610 3598 1674 3640 vei
1700 3600 1936 3654 ignoranter
1957 3598 2182 3653 contigerit
2208 3608 2390 3642 attenta-

1401 3660 1435 3702 ri
1451 3688 1463 3700 .
1483 3662 1576 3702 Non
1603 3657 1851 3701 obstantibus
1866 3654 2062 3711 praemiffis
2075 3685 2089 3707 ,
2114 3670 2160 3699 ac
2175 3657 2388 3700 Constitu-

1402 3719 1578 3762 tionibus
1593 3745 1607 3767 ,
1640 3719 1680 3758 δι
1700 3714 2032 3759 Ordinationibus
2060 3715 2328 3771 Apostolicis‚
2348 3718 2387 3758 δε

1405 3774 1606 3834 quibusvis
1619 3775 1767 3827 ,ctiam
1795 3774 2026 3832 juramento
2041 3802 2056 3825 ,
2083 3772 2387 3818 confirmatione

1405 3835 1634 3894 Apostolica
1648 3864 1663 3890 ,
1678 3837 1743 3878 vel
1760 3835 1836 3878 alia
1853 3834 1990 3890 quavis
2005 3831 2201 3877 firmitate
2219 3833 2386 3898 robora-

2277 3902 2328 3932 tis
