2704 4120
983 183 1641 303 Paristensts.
2141 216 2255 297 27

407 334 614 388 Historia
633 335 851 404 temporis
866 333 916 386 «St
932 338 1063 403 regni
1078 338 1244 387 Galliae
1279 339 1358 386 vix
1374 339 1621 404 reperitur,
1639 353 1738 405 quae
1754 350 1845 386 non
1861 334 2090 389 recenseat
2100 345 2321 397 virtutem

270 412 347 459 Fr.
368 411 542 477 Angeli
561 406 771 477 :ljojosa‚
788 404 987 477 eousque
1006 423 1157 456 raram
1175 407 1225 458 δι
1239 409 1472 476 amplam,
1486 424 1538 459 ut
1554 422 1714 479 praeter
1739 404 1927 459 inferius
1960 408 2177 472 dicenda,
2193 416 2318 468 aliud

264 479 292 529 a
307 498 382 531 me
397 479 470 530 hic
488 479 594 530 addi
612 495 702 529 non
717 476 908 546 supersit
921 512 934 529 .

405 555 480 601 Fr.
498 548 758 603 Leonardus
771 583 788 608 ,
819 546 1101 601 Praefidentis
1118 546 1325 616 Collegii
1344 550 1697 617 inquisitionum
1716 552 1906 604 Domini
1923 554 2069 602 Favre
2086 552 2318 612 Filius,in·

260 623 528 692 tegritatem
546 624 649 675 vitae
665 620 845 673 eximiis
863 621 1068 670 excoluit
1089 618 1362 677 virtutibus,
1389 625 1670 688 poenitentiae
1700 625 1737 674 ri
1772 640 1900 674 orem
1918 659 1936 682 ,
1963 641 2071 673 cum
2104 625 2316 675 innocen-

261 693 334 743 tiae
346 693 546 746 candore
558 691 758 746 mirabili
775 692 1016 757 conjunxit
1029 688 1203 740 foedere
1218 727 1234 750 ,
1266 707 1319 739 ac
1337 694 1487 741 zelum
1506 709 1739 762 propagati
1774 714 1809 744 ae
1825 696 1870 744 in
1889 692 2086 745 Brafiliis
2111 730 2128 754 ,
2158 698 2314 746 Mara·

259 766 400 834 gnani
417 802 434 824 ‚
469 764 516 819 ἃ
533 762 730 816 Canadae
749 763 1003 815 Provinciis
1017 798 1034 822 ‚
1062 759 1277 812 indefess'o
1293 761 1447 815 labore
1462 763 1677 835 probavit
1693 798 1710 821 ,
1737 783 1820 815 ceu
1849 768 2020 833 primus
2040 764 2314 817 Miffionum

263 837 449 890 illarum
467 832 730 891 ‘Praefestus
760 856 773 886 ε
802 834 852 887 ὅ(
879 833 995 884 ficut
1027 835 1078 884 P.
1097 836 1333 885 Honorati
1366 832 1454 884 fuit
1481 849 1736 886 coaetaneus
1755 869 1772 893 ,
1800 834 1848 885 ὅ(
1874 838 2058 888 virtutis
2088 840 2310 899 aemulus,

254 907 321 958 ita
335 906 383 960 ἃ
402 907 527 976 digni
537 906 690 958 ffimus
706 908 749 957 in
760 905 917 956 officio
931 903 1195 960 Definitoris
1212 907 1450 957 Generalis
1466 903 1688 958 successor
1700 941 1712 957 .

395 978 613 1029 Elevavit
626 976 684 1027 ad
700 978 819 1027 hunc
831 978 1026 1028 eundem
1042 977 1237 1026 Ordinis
1251 976 1448 1046 gradum
1474 976 1578 1026 bina
1598 980 1695 1028 vice
1718 980 1791 1025 Fr.
1804 976 2095 1028 Ludovicum
2111 980 2312 1048 aJullio,

251 1065 306 1097 ex
328 1050 623 1119 Burgorum,
656 1048 762 1098 belli
781 1047 991 1118 pacisque
1015 1047 1203 1101 adoraeis
1236 1045 1424 1098 corusca
1444 1049 1640 1101 Familia
1671 1062 1827 1106 ortum
1860 1047 2033 1098 excelsa
2055 1053 2149 1099 vita
2173 1087 2187 1109 ,
2219 1055 2306 1102 in..

248 1116 409 1186 spiritu
426 1120 700 1173 humilitatis
718 1121 952 1179 radicata,
983 1118 1206 1171 frustibus
1237 1120 1421 1168 honoris
1455 1118 1503 1171 ὅ(
1535 1118 1910 1170 commiffionum
1938 1118 2192 1171 faecundata
2209 1158 2226 1182 ,
2261 1121 2310 1173 8(

247 1190 581 1261 quadriennalis
597 1193 824 1260 patientiae
839 1195 1004 1242 merito
1020 1195 1064 1240 in
1082 1189 1335 1242 infirmario
1346 1188 1666 1245 consummata
1687 1229 1700 1242 .

387 1265 617 1316 Homines
634 1263 679 1313 hi
695 1263 861 1315 divites
879 1266 923 1314 in
943 1266 1115 1314 virtute
1131 1261 1179 1313 ὅ(
1194 1265 1347 1316 Patres
1359 1263 1554 1321 Ordinis
1585 1265 1630 1314 in
1655 1262 2028 1335 generationibus
2046 1265 2195 1334 gentis
2212 1264 2311 1333 glo·

250 1332 368 1382 riam
389 1333 541 1404 adepti
561 1332 664 1385 sunt
682 1370 698 1392 ,
731 1334 1006 1404 fueruntque
1023 1333 1191 1386 fimiles
1203 1335 1388 1395 arbori,
1416 1354 1512 1403 quae
1528 1339 1746 1386 continua
1765 1338 2007 1406 Nepotum
2027 1334 2312 1386 illustrium-2

246 1401 522 1456 successione
546 1406 688 1456 viruit
702 1442 717 1464 ,
750 1405 899 1459 semen
930 1406 1016 1460 suae
1036 1404 1347 1459 foecunditatis
1378 1409 1424 1456 in
1445 1409 1661 1458 Familias
1675 1408 1853 1478 generis
1873 1404 2110 1456 nobilitate
2130 1408 2310 1474 praecel-

242 1475 383 1526 lentes
402 1473 525 1526 felici
542 1473 662 1527 foetu
680 1476 889 1548 dispersit
899 1516 915 1541 ‚
929 1480 1310 1547 Capucinamque
1327 1477 1510 1550 stirpem
1530 1481 1666 1529 ramis
1681 1480 1864 1533 honoris
1882 1477 1955 1527 seu
1972 1477 2099 1526 Filiis
2118 1475 2309 1527 illustra„

247 1546 320 1597 vit
335 1582 348 1596 .
373 1549 514 1598 Filios
532 1546 650 1616 ipsos
667 1548 894 1601 recensere
911 1570 1019 1602 cum
1035 1550 1270 1619 prolixum
1291 1550 1427 1600 nimis
1440 1547 1563 1603 foret
1582 1587 1596 1608 ,
1627 1549 1844 1618 quasdam
1869 1550 1926 1599 de
1952 1550 2157 1598 Familiis
2181 1548 2306 1598 nobi·

238 1615 361 1667 libus
375 1653 392 1676 ,
424 1637 521 1688 quae
554 1622 805 1676 Provinciaes
836 1623 944 1674 huic
975 1623 1156 1698 prolem
1192 1621 1416 1676 dederunt
1429 1657 1446 1686 2
1478 1620 1687 1678 seleffius
1707 1659 1722 1683 ,
1752 1621 1803 1674 ὅ(
1836 1622 2061 1672 duntaxat
2081 1636 2309 1679 memore,

237 1683 435 1763 suntque
448 1726 464 1742 .

378 1833 425 1882 S.
445 1835 590 1886 Andr&
605 1868 622 1891 ‚
652 1836 695 1883 d'
711 1835 890 1900 Affigny
911 1870 926 1892 ,
959 1838 1002 1884 d'
1021 1837 1238 1885 Anterive
1257 1869 1275 1891 2
1302 1837 1353 1884 de
1370 1837 1536 1886 Baduel
1559 1870 1574 1891 ,
1605 1838 1656 1884 de
1672 1838 1832 1900 Berger
1859 1831 1889 1890 ‚¹
1909 1835 1960 1881 de
1975 1832 2177 1888 ‘Beeuneg
2211 1832 2306 1884 dea

241 1897 415 1950 ‘Bolduc
433 1938 448 1959 ,
485 1903 647 1959 Baria,
677 1902 929 1970 Boucbage,
961 1903 1167 1960 Erulum,
1203 1906 1253 1951 de
1283 1902 1517 1951 Cbaeumont
1538 1937 1554 1960 ,
1583 1904 1634 1953 de
1666 1905 1908 1969 Cmgnieres
1936 1935 1951 1957 ,
1979 1901 2024 1948 d’
2050 1900 2264 1950 Eaubonne
2280 1937 2300 1960 ,

235 1970 282 2018 ἶ
295 1970 474 2018 Ericour
487 2004 504 2027 ,
531 1973 583 2017 de
600 1972 782 2017 Faideau
801 2005 817 2025 ‚
852 1973 985 2017 Fam
1000 2004 1016 2025 ,
1050 1975 1106 2017 du
1126 1973 1243 2033 Fcff
1260 2005 1276 2024 ,
1301 1973 1351 2016 de
1365 1973 1554 2020 Grandia
1575 2005 1590 2026 ,
1615 1975 1664 2019 de
1687 1975 1732 2018 la
1759 1973 1929 2035 Grange
1950 2005 1964 2026 ‚
1987 1972 2037 2020 de
2055 1972 2270 2023 Gravelle
2283 2008 2301 2030 ‚

235 2036 421 2107 Gotffer
438 2073 454 2096 ,
484 2038 534 2087 de
552 2038 681 2104 Guisb
699 2073 714 2095 ,
745 2039 789 2086 d'
806 2037 1010 2085 Iliacourt
1023 2072 1039 2094 ,
1070 2036 1252 2096 deJully
1268 2072 1283 2094 ‚
1318 2038 1366 2084 de
1387 2037 1557 2103 Laigny
1575 2074 1588 2094 ,
1619 2040 1668 2087 de
1695 2039 1879 2093 Luines,
1909 2037 2121 2105 Marigny
2141 2074 2157 2096 ,
2191 2040 2295 2090 Ma.

233 2109 362 2157 rillac
379 2144 396 2168 ,
423 2108 475 2159 de
492 2106 682 2176 Marly,
715 2108 764 2157 de
781 2106 987 2166 Μενίου,
1017 2108 1068 2156 de
1097 2107 1307 2175 Megrt'ny
1327 2143 1340 2165 ,
1367 2107 1420 2156 de
1445 2106 1599 2166 Μοίὲ,
1634 2107 1846 2167 Momm,
1882 2104 2075 2173 Momay
2093 2145 2109 2167 ,
2136 2110 2188 2159 de
2210 2112 2298 2162 la-,

231 2176 364 2231 Mate
378 2216 394 2240 ,
427 2180 593 2239 ‘Pate-l,
620 2180 856 2230 Rambures
871 2218 886 2239 ,
920 2180 1105 2246 Ripault
1121 2215 1136 2238 ‚
1162 2181 1268 2229 dela
1287 2181 1519 2247 Romagere
1535 2215 1549 2237 ‚
1582 2181 1632 2229 de
1653 2180 1855 2248 Rouffi’au
1871 2213 1888 2239 ,
1918 2176 2056 2232 Sevin
2073 2217 2088 2242 ,
2119 2179 2259 2248 Souzy
2278 2219 2295 2242 ,

235 2250 285 2301 de
310 2252 469 2318 Thery
487 2288 504 2313 ‚
534 2254 590 2303 du
606 2251 743 2304 Tillet
757 2287 774 2312 ,
800 2257 850 2303 de
868 2251 1047 2304 Treslon
1062 2288 1078 2312 ,
1101 2252 1206 2302 dela
1227 2251 1343 2302 Tour
1359 2287 1375 2311 ‚
1404 2253 1455 2302 de
1481 2252 1674 2306 Vama-lec
1689 2260 1784 2305 &a

373 2396 578 2447 Scientes
593 2410 748 2447 autem
768 2401 951 2448 Fratres
970 2396 1102 2460 hujus
1122 2394 1371 2447 Provinciae
1389 2394 1430 2445 se
1447 2413 1538 2446 non
1553 2393 1637 2445 esse
1653 2393 1972 2445 subtrac'lionis
1988 2396 2127 2447 Filios
2139 2398 2184 2446 in
2199 2413 2292 2461 per·

234 2466 456 2518 ditionem
471 2503 488 2527 ,
526 2467 601 2518 sed
617 2467 722 2519 fidei
740 2471 784 2518 in
800 2467 1143 2536 acquisitionem
1173 2468 1424 2519 animarum
1437 2503 1453 2525 ,
1486 2468 1658 2538 duplici
1690 2469 1796 2516 huic
1829 2468 2090 2518 animarum
2120 2467 2168 2519 ὃ(
2185 2466 2291 2518 fidei

232 2539 368 2590 lucro
386 2538 607 2592 indefesse
625 2540 900 2592 incumbunt
918 2575 931 2590 .
962 2542 1190 2609 Qaerunt
1206 2539 1305 2591 illas
1336 2542 1382 2588 in
1414 2539 1577 2590 Choro
1606 2556 1684 2606 per
1711 2539 1931 2592 orationis
1959 2535 2046 2589 suae
2063 2536 2203 2588 fidem
2239 2538 2290 2591 ὅ(

230 2623 340 2660 vota
357 2646 374 2670 ,
404 2612 449 2660 in
465 2613 626 2680 plateis
643 2630 721 2682 per
737 2613 923 2664 humilis
943 2614 1128 2664 virtutis
1143 2611 1404 2676 exemplum
1420 2646 1439 2669 2
1461 2611 1506 2660 in
1521 2609 1766 2662 Tribunali
1786 2608 2070 2660 Poenitentiae
2102 2626 2183 2676 per
2219 2608 2289 2659 di-

226 2680 345 2733 ‹stata
383 2680 538 2734 salutis
571 2683 757 2739 consilia
795 2721 812 2744 ,
850 2702 903 2733 ac
936 2685 982 2734 in
1017 2684 1209 2750 Pulpitis
1238 2697 1316 2747 per
1353 2679 1547 2748 sparsam
1581 2683 1685 2731 vitae
1724 2680 1771 2731 ἃ
1810 2678 2054 2750 disciplinae
2097 2682 2246 2751 legem
2273 2717 2284 2730 .

367 2755 596 2820 Qaerunt
614 2757 728 2804 hanc
748 2791 764 2813 ‚
801 2755 916 2806 dum
933 2754 1070 2804 corde
1086 2750 1320 2803 credentes
1348 2752 1404 2801 ad
1422 2750 1644 2815 justitiam
1663 2789 1680 2812 ,
1717 2753 1838 2804 illius
1859 2752 2099 2805 veritatem
2119 2768 2286 2819 opere,

224 2819 277 2872 ἃ
291 2820 498 2873 sermone
517 2859 534 2882 ,
567 2842 620 2872 ac
638 2824 768 2874 libris
788 2859 805 2882 ,
842 2840 1042 2890 quorum
1063 2824 1190 2890 typis
1215 2821 1446 2875 editorum
1476 2841 1670 2874 numero
1700 2840 1858 2877 omnes
1875 2822 2068 2874 Ordinis
2090 2823 2283 2872 Provin-

224 2893 318 2942 cias
333 2892 563 2961 hucusque
577 2908 813 2954 anteeunt,
831 2892 1018 2944 firmant
1033 2929 1048 2952 ,
1068 2910 1152 2963 pro
1169 2894 1219 2945 ea‘i
1235 2891 1277 2942 se
1294 2891 1414 2960 quafi
1429 2913 1612 2945 murum
1630 2910 1790 2953 contra
1806 2891 2051 2943 insensatos
2070 2906 2246 2958 ponunt
2264 2924 2282 2949 ,

225 2960 397 3014 novam
412 2964 671 3020 doctrinam
688 2965 745 3016 ad
762 2964 1044 3034 Apostolicae
1062 2964 1191 3019 Sedis
1209 2980 1384 3033 petram
1404 2963 1601 3016 allidunt
1614 2998 1630 3020 ,
1667 2964 1715 3014 ὅ(
1745 2980 1899 3028 parem
1918 2962 2071 3010 zelum
2086 2978 2170 3028 pro
2182 2963 2280 3010 No-

221 3048 443 3087 vatorum
459 3034 755 3088 conversione
769 3073 785 3096 ,
800 3038 848 3088 61
867 3038 1209 3089 Haereticorum
1225 3036 1404 3087 excidio
1422 3031 1662 3084 conferunt
1679 3068 1691 3081 .
1726 3035 1886 3088 Porrat
1907 3033 2000 3082 haec
2015 3033 2276 3090 Provincia,

221 3105 430 3157 labarum
451 3107 579 3159 Fidei
601 3106 662 3159 us
685 3128 738 3159 ue
754 3108 812 3158 ad
831 3109 1151 3158 Othomanam
1170 3109 1410 3158 Ditionem
1429 3143 1444 3165 ,
1462 3124 1513 3159 ac
1532 3120 1756 3157 extremas
1773 3103 1986 3155 Orientis
2003 3103 2159 3171 plagas
2177 3138 2192 3160 ,
2229 3102 2279 3155 &

223 3177 271 3226 in
289 3177 440 3228 verbis
456 3177 544 3230 suis
560 3127 682 3248 apud
698 3195 876 3231 exteras
889 3182 1115 3231 Nationes
1131 3177 1329 3231 monstra
1345 3176 1593 3244 iniquitatis
1608 3192 1665 3226 eo
1681 3175 1950 3243 comprimit
1966 3171 2277 3242 fru&u,quem

220 3247 270 3299 T
270 3266 409 3301 ornus
424 3249 482 3302 de
499 3249 793 3303 Miffionibus
808 3267 947 3322 agens
965 3249 1055 3301 late
1072 3249 1415 3301 commendabit
1429 3284 1441 3297 .
1461 3250 1689 3316 Magnum
1708 3244 1896 3313 quidem
1912 3263 2002 3296 non
2020 3242 2160 3297 semel
2175 3261 2273 3294 cer·

220 3331 374 3372 tamen
391 3319 694 3374 sustinuerunt
709 3323 920 3394 paffionis
936 3358 952 3381 ,
971 3321 1039 3381 δι,
1055 3320 1169 3373 dum
1185 3323 1275 3385 alii
1309 3318 1570 3388 opprobriis
1587 3354 1603 3377 ,
1640 3316 1689 3371 ἃ
1710 3314 2085 3368 tribulationibus
2109 3313 2274 3386 spesta·

222 3393 380 3443 culum
398 3391 509 3457 fasti
526 3391 713 3445 fuerunt
727 3432 744 3455 ,
780 3396 856 3445 alii
873 3395 997 3447 Socii
1013 3391 1121 3444 fasti
1140 3392 1242 3445 sunt
1260 3408 1421 3442 eorum
1439 3426 1455 3447 ‚
1492 3407 1606 3458 quos
1621 3389 1784 3440 odium
1799 3387 1904 3439 fidei
1914 3424 1932 3449 ‚
1950 3388 2027 3438 vel
2045 3384 2184 3458 longa
2201 3384 2272 3435 vel

223 3460 341 3512 lenti
357 3481 511 3517 morte
531 3469 753 3534 peremit.
784 3468 898 3535 Jam
923 3466 971 3516 in
988 3465 1240 3517 Provinciae
1257 3461 1511 3534 primordio
1526 3496 1543 3519 ,
1571 3459 1628 3514 ὅ(
1652 3459 1841 3529 quidem
1865 3476 1985 3510 anno
2010 3461 2157 3521 1589.
2182 3457 2274 3526 clay

221 3534 374 3583 mavit
386 3533 568 3608 sanguis
587 3541 667 3588 Fr.
687 3540 810 3589 Petri
824 3538 847 3587 ἓι
861 3542 1019 3590 Droco
1033 3573 1049 3595 ,
1087 3533 1136 3588 &
1151 3535 1508 3605 Hugonoticam
1524 3550 1715 3584 manum
1730 3533 1938 3582 mortalis
1956 3527 2132 3580 sceleris
2149 3542 2274 3576 ream

224 3602 478 3657 damnavit.
503 3610 673 3659 Feralis
686 3608 775 3660 fuit
788 3607 916 3660 scena
928 3607 976 3663 <St
994 3626 1127 3658 coena
1145 3623 1264 3659 anno
1287 3614 1432 3656 1626.
1451 3605 1651 3655 Familiae
1663 3601 2017 3671 Calefii,pariter
2032 3599 2087 3648 ab
2103 3601 2275 3667 Hugc·

219 3675 371 3724 notica
389 3675 577 3744 perfidia
596 3679 690 3749 ipsa
707 3681 874 3732 Sansto
891 3682 1015 3732 Patri
1030 3676 1272 3730 Francisco
1289 3675 1411 3730 sacra
1429 3675 1501 3725 die
1516 3692 1596 3746 per
1612 3687 1891 3727 venenatum
1903 3673 2065 3722 vinum
2114 3684 2239 3719 arata
2254 3703 2270 3726 ,

219 3765 311 3815 quo
326 3747 647 3806 libato,omnes
661 3754 862 3802 Familiae
884 3756 1083 3811 Fratres,
1100 3768 1192 3801 uno
1217 3749 1437 3802 duntaxat
1461 3761 1669 3817 excepto,
1688 3759 1841 3796 morte
1853 3742 1957 3793 sunt
1979 3758 2065 3791 con
2091 3741 2236 3809 umpti
2255 3774 2267 3786 .

215 3820 406 3933 Horqm
422 3819 694 3933 nzlemoriam
712 3819 826 3873 ficut
839 3821 1020 3874 funebri
1037 3821 1302 3892 Antiphon&
1317 3819 1551 3931 anngatim
1567 3819 1762 3888 populus
1777 3810 2267 3935 proceffionalitelrelCa-

366 3903 439 3932 om.
479 3919 490 3931 .
1467 3901 1488 3930 2
2194 3900 2214 3911 .
