2592 4094
882 232 971 324 S.
1019 231 1084 321 'L
1111 264 1163 322 u
1185 234 1375 322 dov
1397 219 1573 322 ici.

371 369 1020 420 DECRETO

211 491 305 543 Sae.
326 490 573 562 Congregat.
590 492 640 554 de
658 493 924 561 Propaganda
943 493 1047 542 Fide
1064 512 1196 543 coram

345 561 602 631 Sanc‘liffimo
630 565 841 612 undecima
870 562 1058 615 ffltartii

554 642 703 698 1641.-
717 633 878 690 habitae=

211 753 272 802 A’
285 751 578 803 Miffionariis
600 754 863 805 Provinciae,
881 751 1196 818 eleemosynas

276 838 486 892 tempore
509 823 807 891 perceptionis
842 820 1077 872 frufiuum
1109 818 1198 872 col-

277 894 415 943 ledtas
430 929 446 952 ‚
464 891 722 944 conservari
737 890 857 960 poffe
874 892 1160 952 conceditur.

329 1018 519 1062 Eferente
546 1017 866 1061 Eminentiffimo
892 1019 1072 1061 Domino
1092 1022 1197 1062 Car.-

353 1078 487 1128 dinale
501 1077 631 1118 Sancti
650 1077 878 1132 Honuphrii
892 1105 906 1128 ,
919 1077 1077 1121 litteras
1096 1081 1193 1120 Fra-

206 1135 284 1177 tris
322 1136 513 1192 Angelici
546 1135 818 1179 Provincialis
861 1137 1193 1191 Capucinorum„

206 1194 428 1237 Provinciae
445 1194 577 1238 San&
596 1194 798 1237 Ludovici
816 1194 854 1236 in
870 1195 1005 1237 Gallia
1020 1195 1071 1238 de
1099 1210 1195 1250 pro-

207 1251 400 1308 greffibus
417 1253 647 1296 Miffionum
660 1255 772 1296 distae
798 1254 1024 1296 Provinciae
1038 1284 1054 1305 ,
1082 1257 1120 1296 δι
1135 1256 1195 1296 in-

210 1312 394 1360 stantiam
408 1311 587 1369 ejusdem
601 1312 732 1354 Patris
754 1312 941 1366 Angelic‘i
956 1340 970 1363 ,
983 1321 1028 1355 ut
1045 1313 1194 1356 Miffio-

210 1370 403 1425 narii,qui
431 1370 732 1414 mendicatione
744 1369 978 1427 quotidiana
999 1370 1194 1419 vivere)

206 1439 441 1484 nequeunt,
475 1428 616 1485 possint
647 1429 895 1485 temporibus
921 1431 1194 1487 perceptionis

206 1484 404 1529 fructuum
428 1488 644 1544 quaestuare
658 1514 671 1537 ,
704 1490 744 1529 &
766 1488 1039 1542 eleemosynas
1054 1513 1075 1541 ,-
1095 1503 1193 1545 quas

207 1546 356 1588 habere
367 1556 561 1602 poterunt
574 1575 591 1596 ,
613 1545 854 1589 conservare
884 1547 933 1591 ad
964 1561 1104 1591 eorum
1125 1562 1194 1591 ne·

207 1602 408 1647 cessariam
435 1604 763 1648 sustentationem
782 1607 863 1648 &c.

319 1726 443 1767 Sacra
459 1726 740 1781 Congregatio,
740 1723 831 1782 post
845 1725 1127 1768 commendatas
1138 1722 1196 1766 di-

198 1781 385 1833 ligentias
405 1786 476 1823 PP.
493 1782 821 1839 Mtffi'onariorum
832 1807 846 1830 ‚
860 1782 1030 1837 conficit,
1039 1782 1088 1837 st
1100 1785 1200 1821 san-

207 1833 373 1894 fhssimo
394 1841 598 1892 placuerit
616 1867 629 1886 ‚
641 1838 884 1894 facultatem
904 1841 1107 1891 petitam,
1131 1837 1200 1891 effi

213 1896 297 1936 dem
318 1894 568 1952 Mifflonart'is
579 1895 650 1952 ‘ff'
662 1895 931 1937 concedendam
947 1898 989 1935 in
1002 1892 1199 1950 locisMisss·

203 1953 359 2010 stonum
375 1983 390 2004 ,
408 1958 451 1995 in
474 1953 613 2008 quibus
638 1968 683 1995 cx
699 1952 930 2007 quotidiana
945 1953 1194 1995 mendicatio-

213 2012 538 2068 nestfitstentarc
553 2025 630 2052 non
635 2011 794 2065 pffmt
807 2036 821 2050 .
850 2029 853 2032 ¹

230 2139 252 2149 ’·
307 2125 463 2168 Eodem
493 2124 559 2167 die
575 2120 837 2165 Sanc'tiffimus
850 2120 1044 2163 Dominus
1062 2119 1196 2163 noster

215 2183 437 2227 Decretum
461 2187 589 2227 Sacrae
621 2179 966 2235 Congregationis
994 2180 1196 2234 probans,

202 2241 437 2286 facultatem
463 2242 634 2300 petitam
678 2240 797 2293 dietis
818 2237 1070 2282 Miffionariis
1097 2250 1194 2280 con-

205 2301 317 2372 ceffit
348 2303 427 2344 &c-

348 2417 491 2471 Card.
504 2421 616 2470 Ant.
636 2414 908 2467 Barberinus
936 2412 1193 2466 Praefestus.

495 2537 728 2581 franciscus
747 2534 910 2591 Ingolus
925 2533 1082 2575 Secret-

204 2658 1192 2696 —..-.-.—....,.........„..-....-..-2-.-—

206 2779 464 2831 Caementa,
482 2772 531 2824 &
543 2774 631 2822 alia
648 2769 898 2821 materialia
919 2768 1085 2817 veteris
1101 2769 1194 2814 Do-

271 2842 378 2892 miis
416 2840 640 2897 Pertufii,
671 2858 749 2907 per
782 2837 1012 2903 Syndicos
1032 2834 1194 2892 vendi,

206 2954 208 2956 .
281 2912 330 2963 ὃ(
348 2914 393 2960 in
415 2909 688 2960 solutionem
704 2907 963 2958 debitorum
987 2905 1048 2956 ob
1062 2902 1195 2954 fabri-

280 3000 381 3032 cam
416 2998 586 3032 novam
611 2978 954 3030 contraitorum
988 2977 1193 3026 converti

278 3053 491 3121 indulget
505 3087 519 3101 .

207 3184 468 3241 URBA
499 3184 547 3230 N
579 3182 686 3235 US
736 3183 943 3231 PAPA
1005 3179 1189 3227 VIII.

210 3299 214 3319 ³
267 3301 422 3346 Dileft‘e
451 3298 567 3351 Fili,
580 3300 754 3355 salutem
771 3299 847 3350 ,θ’
876 3294 1132 3353 Apostolicam

538 3357 845 3402 Benedimonem
862 3384 875 3397 .

330 3477 412 3522 UM
430 3504 444 3527 ‚
462 3475 563 3520 ficut
578 3475 708 3519 Nobis
724 3489 851 3532 nuper
879 3472 1025 3527 exponi
1042 3468 1190 3522 fecisti,

346 3532 481 3577 dilecti
495 3535 586 3577 Filii
601 3561 615 3584 ,
634 3536 794 3577 Fratres
808 3532 973 3575 Ordinis
990 3531 1190 3572 Minorum

210 3593 344 3638 Sancti
382 3591 577 3634 Francisci
610 3591 908 3646 Capucinorum
941 3598 1191 3642 nuncupato-

213 3665 300 3695 rum
318 3681 331 3703 ,
347 3650 427 3693 loci
442 3650 487 3691 de
502 3650 706 3699 Pertuir,in
724 3649 935 3693 Provincia
957 3647 1190 3694 Provinciae,

211 3724 357 3753 eorum
371 3711 636 3752 conventum
650 3709 746 3751 dicti
774 3708 882 3759 loci,
899 3707 1013 3749 situm
1029 3706 1067 3746 in
1087 3720 1190 3759 quo·

206 3769 305 3814 'dam
317 3769 390 3812 fitu
403 3768 723 3811 inclementioris
739 3767 842 3808 ae'ris
861 3764 1158 3820 dereliquerint
1174 3791 1188 3813 ,

207 3831 247 3872 δι
269 3828 394 3872 alium
423 3830 686 3886 Conventum
715 3825 755 3867 in
770 3823 1046 3882 eodem-loco,
1062 3824 1098 3864 in
1119 3821 1188 3864 situ

263 3902 269 3907 ·
334 3890 438 3931 Tam.
450 3883 504 3931 V.'

2007 271 2040 329 1
2059 252 2172 358 692

1188 403 1190 405 >
1251 393 1386 423 tamen
1402 381 1503 422 aeris
1532 377 1764 423 salubrioris
1782 377 1954 422 construi
1980 380 2227 435 fecerint,ad

1253 438 1419 495 praesens
1452 439 1549 480 vero
1576 436 1860 494 primodiftum
1882 435 2089 493 antiquum
2119 447 2229 485 Con-

1258 506 1423 537 ventum
1442 495 1694 553 hujusmodi,
1719 496 1907 552 illiusque
1923 496 2143 538 Ecclefiam
2163 501 2230 540 dc·
2307 556 2309 558 -

1259 553 1394 596 'moliri
1413 582 1426 605 ,
1439 556 1479 596 ἃ,
1492 566 1681 598 caementa
1695 584 1709 607 ,
1723 558 1762 598 &
1775 555 1853 597 alia
1872 556 2079 598 materalia
2092 553 2140 597 ex
2158 558 2227 597 hu-

1255 611 1423 669 jusmodi
1448 613 1713 658 demolitione
1730 614 2030 669 provenientia,
2047 615 2121 655 unzi
2138 629 2228 657 cum

1255 679 1346 714 toto
1361 668 1516 712 residuo
1530 671 1623 714 snus
1641 673 1813 727 praedicti
1841 672 2015 715 vendere
2031 671 2138 729 posse
2158 673 2241 726 deff·

1256 727 1449 777 fiderent,
1463 739 1507 770 ut
1524 743 1569 771 ex
1586 731 1718 784 pretio
1731 732 1825 773 inde
1841 731 2060 786 redigendo
2073 745 2231 774 eorum-

1252 785 1352 828 dem
1369 789 1556 828 Fratrum
1571 787 1856 841 creditoribus,
1878 805 1952 845 pro
1972 791 2150 846 pecuniis
2165 805 2232 832 ex-

1260 843 1388 901 penfis
1409 845 1448 886 in
1474 843 1623 887 fabrica
1642 847 1734 888 novi
1750 843 2227 904 Conventus-supradicti

1260 899 1422 946 satisfiat
1476 904 1606 949 Nobis
1621 912 1831 958 propterea
1857 908 2062 949 humiliter
2085 907 2230 963 suppli-

1258 964 1339 1004 cari
1363 960 1516 1011 fecisti,
1532 972 1574 1003 ut
1590 963 1627 1003 in
1645 964 1838 1016 praemissis
1860 966 2084 1019 opportune
2096 967 2234 1022 provi-

1258 1020 1357 1062 dere
1373 1019 1422 1060 de
1437 1019 1686 1073 benignitate
1702 1021 1929 1077 Apostolica
1950 1022 2206 1078 dignaremur
2219 1053 2231 1065 .

1372 1081 1458 1119 Nos
1487 1078 1611 1133 igitur
1628 1081 1685 1121 Te
1712 1107 1726 1130 ,
1753 1079 1988 1136 Fratresque
2026 1083 2229 1136 praediGtos

1255 1135 1495 1193 specialibus
1511 1135 1712 1179 favoribus
1725 1167 1737 1188 ,
1753 1140 1791 1179 δι
1806 1140 1943 1194 gratiis
1957 1140 2136 1197 prosequi
2161 1155 2232 1183 vo-

1256 1197 1448 1246 lentes‚&
1462 1198 1483 1239 a
1499 1194 1699 1251 puibusvis
1714 1199 2141 1241 excommunicationis
2152 1201 2242 1257 &tc-¹

1255 1258 1394 1298 harum
1413 1253 1510 1297 serie
1523 1252 1802 1306 absolventes,
1826 1259 1866 1298 &
1891 1256 2092 1298 absolutos
2108 1257 2238 1307 ford,

1254 1313 1482 1364 censentes,
1495 1312 1720 1370 hujusmodi
1741 1313 2095 1368 supplicationibus
2114 1314 2236 1354 incli-

1254 1373 1364 1422 nati,
1379 1371 1597 1415 Ecclesiam
1612 1371 1761 1427 antiqui
1777 1369 2014 1427 Conventt'is
2045 1371 2236 1425 praeditfti,

1257 1430 1462 1474 translatis
1484 1430 1579 1473 inde
1604 1428 1743 1473 offibus
1773 1429 2063 1473 Defunctorum
2080 1458 2094 1480 ,
2123 1429 2144 1470 fi
2166 1430 2241 1483 qui

1258 1491 1297 1533 in
1311 1505 1357 1533 ea
1368 1488 1512 1545 sepulti
1530 1489 1618 1540 lint,
1637 1490 1675 1530 &
1690 1488 1897 1544 superficie
1914 1497 2032 1531 terrae
2045 1489 2093 1529 ad
2109 1488 2234 1530 alium

1255 1550 1392 1592 locum
1408 1548 1577 1599 sacrum,
1595 1549 1632 1590 δι
1646 1548 1744 1589 alias
1758 1547 1838 1590 rite
1853 1547 2119 1603 prophanari,
2131 1548 2170 1589 δε
2184 1546 2241 1588 εει

1254 1608 1482 1666 prophanos
1496 1635 1509 1659 ,
1523 1621 1601 1650 non
1618 1616 1750 1649 tamen
1773 1604 1970 1659 sordidos,
1985 1605 2072 1649 usus
2089 1605 2235 1660 redigi,

1255 1667 1447 1723 illamque
1461 1694 1475 1715 2
1500 1680 1575 1708 nec
1600 1679 1678 1707 non
1707 1665 1915 1721 antiquum
1943 1669 2236 1708 Conventum...

1259 1726 1477 1777 demoliri,
1491 1739 1534 1766 ac
1545 1723 1734 1769 caet'nettta
1750 1752 1764 1774 ,
1778 1725 1818 1765 ὃ(
1831 1724 1907 1766 alia
1923 1723 2140 1767 materialia
2157 1725 2238 1763 Ec-

1258 1786 1400 1832 clefiae,
1414 1785 1454 1823 δε
1468 1781 1709 1824 Conventus
1730 1780 1955 1836 hujusmodi
1970 1781 2054 1835 post
2067 1780 2232 1821 illorum

1258 1839 1566 1882 demolitionem
1582 1867 1595 1889 ,
1618 1851 1708 1880 cum
1734 1837 1896 1879 illorum
1927 1838 2000 1880 fitu
2017 1836 2148 1892 pretio
2172 1849 2242 1877 re·

1257 1897 1418 1956 peribili
1433 1923 1448 1946 ,
1460 1897 1499 1937 &
1513 1897 1673 1938 meliori
1689 1909 1761 1951 per
1776 1895 1994 1950 syndicum
2019 1894 2112 1936 dini
2128 1897 2242 1936 Con-

1259 1954 1402 2000 ventfis
1430 1954 1547 1997 vendi
1578 1953 1750 1997 faciendi
1778 1979 1792 2002 ,
1817 1963 1859 1995 ut
1886 1967 1934 1996 ex
1962 1968 2013 1996 eo
2035 1951 2235 2009 quibusvis

1256 2014 1450 2068 personis,
1464 2026 1632 2064 quarum
1652 2013 1718 2065 ipsi
1735 2015 1896 2053 Fratres
1912 2014 2066 2054 ratione
2079 2039 2092 2061 2
2107 2014 2146 2053 &
2159 2024 2233 2065 pro

1258 2070 1424 2110 servitio
1454 2081 1565 2106 novae
1593 2069 1752 2106 fabricae
1775 2069 2001 2119 hujusmodi
2027 2070 2242 2109 debitores-

1258 2124 1345 2167 sunt
1358 2153 1371 2174 ,
1392 2121 1574 2166 satisfieri
1590 2123 1703 2180 poffit
1719 2151 1733 2174 ,
1748 2119 1984 2166 facultatem
2008 2123 2238 2180 Apostolicd

1257 2183 1496 2227 auctoritate
1510 2210 1523 2232 ,
1538 2191 1679 2224 tenore
1693 2182 1942 2237 praesentium
1957 2185 2234 2235 concedimus,

1256 2245 1292 2285 &
1310 2242 1586 2297 impartimur.
1602 2245 1693 2285 Non
1710 2241 1953 2283 obstantibus
1968 2240 2236 2285 felicsecord,

1256 2300 1373 2343 Pauli
1389 2302 1444 2341 11.
1458 2330 1473 2350 ,
1499 2301 1539 2339 &
1564 2301 1737 2342 aliorum
1767 2302 2046 2342 Romanorum
2064 2298 2235 2344 Pontifi-

1256 2373 1348 2401 cum
1368 2356 1697 2400 praedecessorum
1712 2358 1762 2398 de
1776 2358 1894 2400 rebus
1920 2360 2103 2400 Ecclesiae
2118 2373 2243 2400 non-³*

1237 2415 1502 2464 alienandis,
1522 2409 1686 2469 aliisque
1703 2414 2052 2456 constitutionibus
2069 2444 2081 2466 ,
2107 2418 2146 2455 δε
2167 2429 2236 2460 or,-

1254 2473 1530 2517 dinationibus
1546 2472 1797 2527 Apostolicis,
1813 2485 1856 2513 ac
1870 2472 2050 2520 Ordinis,
2069 2475 2108 2513 &
2120 2476 2231 2514 Con·-

1256 2543 1448 2576 ventuum
1461 2558 1477 2581 ,
1496 2530 1617 2571 etiam
1633 2528 1862 2584 juramento
1877 2556 1891 2578 ,
1918 2530 2234 2572 confirmatione,

1253 2589 1487 2646 Apostolica
1504 2617 1517 2639 ,
1535 2589 1607 2631 vel»
1621 2586 1758 2642 quavis
1772 2586 1965 2629 firmitate
1979 2589 2053 2630 alia
2065 2589 2228 2630 robora·

1255 2651 1305 2691 tis
1333 2648 1486 2691 statutis
1504 2674 1517 2696 ,
1532 2649 1572 2689 δι
1595 2645 1971 2695 consuetudinibus,
1998 2648 2227 2701 caeterisque

1256 2706 1469 2751 contrariis
1485 2706 1793 2760 quibuscumque
1806 2733 1819 2745 .
1852 2703 2052 2747 Volumus
2065 2709 2197 2755 aufem
2211 2732 2225 2754 ,

1255 2767 1364 2825 quod
1382 2764 1624 2813 venditio,&
1635 2765 1751 2817 pretii
1768 2763 1991 2812 converfi0‚
2005 2765 2124 2806 unico
2137 2775 2232 2805 con-

1255 2837 1370 2869 textu
1398 2822 1495 2865 fiant
1509 2851 1523 2874 ,
1541 2823 1603 2864 vel
1618 2822 1756 2863 saltem
1773 2820 1898 2875 ipsum
1911 2823 2032 2876 penes
2047 2827 2228 2864 Mentem

1256 2883 1419 2932 Pietatis
1436 2910 1451 2935 ‚
1469 2881 1530 2923 vel
1555 2883 1758 2934 personam
1775 2878 1875 2930 fide,
1905 2882 1943 2922 ὃς
1966 2879 2222 2921 facultatibus

1254 2946 1439 2987 idoneam
1458 2939 1684 2993 deponatur
1699 2968 1715 2988 ,
1734 2938 1825 2980 inde
1842 2950 1918 2984 non
1945 2937 2226 2983 amovendum,

1255 3003 1320 3046 nifi
1347 3001 1396 3045 ad
1424 2997 1602 3041 effectum
1630 2995 1730 3038 illud
1744 3025 1763 3052 ,ι
1787 3003 1832 3038 ut
1860 2992 2101 3051 praefertur,
2129 3009 2222 3035 con-

1254 3057 1462 3104 vertendi.

1369 3121 1522 3160 Datum
1538 3117 1674 3156 Romae
1700 3111 1803 3168 apud
1830 3114 2223 3155 SannumPetrmm

1255 3180 1322 3223 sub
1353 3174 1516 3220 Annulo
1541 3171 1751 3213 Piscatoris
1779 3170 1844 3212 die
1868 3185 1962 3212 xtt.
1983 3170 2224 3213 Novembris

1258 3245 1502 3281 Mncxmtt.
1529 3227 1791 3272 pontificatus
1816 3229 1952 3274 Nostri
1979 3243 2080 3273 anno
2115 3228 2224 3281 vige-

1254 3297 1348 3338 fimo
1363 3292 1491 3350 primo
1506 3316 1518 3329 .

1311 3406 1556 3463 Autogrctph.
1575 3410 1615 3445 in
1637 3403 1805 3447 Archivo
1831 3406 1974 3447 secret.
1995 3406 2219 3446 Bromium*

1369 3466 1666 3521 Apostolicorum
1692 3462 1822 3519 mensis
1836 3491 1852 3513 ,
1870 3464 1921 3512 ὢν
1935 3458 2216 3517 annipraedz'ft‘.

1355 3524 1481 3584 fol.5.

1755 3872 1790 3911 Y
2055 3866 2165 3909 [1³1-
