2638 4088
429 251 591 362 362
1099 246 1690 335 Provincia

364 421 419 451 ac
445 403 645 453 nostrum
669 403 893 453 Ordinem
922 397 1199 458 devotio,&
1226 396 1393 447 fortior
1420 396 1477 446 de
1494 400 1744 447 Conventu
1760 392 2061 445 construendo
2091 398 2278 448 invaluit
2304 396 2390 448 dis-

367 472 523 523 cursus
552 510 567 532 ,
603 470 803 522 obstrusa
831 488 911 519 ora
937 468 1287 537 obloquentium
1321 505 1338 528 ,
1387 466 1435 519 δι
1463 466 1630 515 obnixa
1667 469 1712 514 in
1753 466 2089 524 contrarium-,—
2111 468 2159 517 δι
2189 464 2388 535 potentid

364 547 539 593 munita
577 543 720 592 studia
749 539 875 590 versa
907 538 1078 590 suntin
1109 543 1369 599 auxilium,
1400 538 1549 597 dum,
1576 553 1688 605 quos
1720 534 1973 586 fundationi
1988 540 2115 605 *prius
2139 542 2388 587 contrarios

366 614 412 663 hi
431 613 725 664 numerzirunt
752 610 988 661 Ministros
1020 610 1068 662 ἃ
1096 615 1365 681 Magnates,
1396 610 1610 660 viderunt
1638 608 1770 672 hujus
1803 605 2028 675 ferventes
2061 605 2262 658 fautores
2281 644 2296 667 ,
2327 614 2389 658 ita

368 699 420 733 ut
441 683 620 733 tandem
652 681 1042 732 Clementiffimus
1069 683 1326 732 Monarcha
1347 717 1362 740 ,
1391 698 1484 730 non
1515 678 1664 729 solum
1697 680 1879 728 Matriti
1895 690 1926 736 3.
1943 677 2020 727 sed
2046 678 2096 729 ὅ(
2124 681 2170 728 in
2194 681 2291 728 aliis
2309 681 2390 729 Ci-

368 753 584 802 vitatibus
617 756 887 803 Conventus
913 752 1118 823 erigendi
1140 753 1371 802 licentiam
1403 750 1501 801 tota
1534 747 1660 799 Aula
1689 751 1966 802 acclamante
2000 749 2050 800 ὃ(
2073 753 2389 820 congratulan-

365 840 412 874 te
436 821 725 872 concesserit.
754 825 1053 892 Qapropter
1089 841 1206 873 anno
1246 833 1391 885 1609.
1420 822 1493 872 die
1514 839 1596 870 xi.
1629 819 1911 869 Novembris
1940 821 1984 868 in
2015 823 2258 890 pervigilio
2280 829 2389 871 san-

362 894 426 942 &i
455 893 617 943 Didaci
649 895 1018 963 Complutenfis,
1049 893 1383 944 Illustriffirnus
1407 892 1457 944 ὃ(
1488 888 1900 942 Reverendiffimus
1945 894 2269 940 D.³Camillus
2303 895 2390 941 Ca·

362 961 474 1014 raffa
504 999 521 1023 ,
554 964 848 1030 Apostolicus
873 967 1056 1016 illarum
1085 967 1286 1032 partium
1318 965 1532 1014 Nuncius
1563 997 1579 1020 ,
1614 963 1769 1011 locum
1800 959 1849 1012 δε
1871 964 2154 1011 territorium
2184 979 2270 1030 pro
2302 979 2393 1010 coe-

362 1038 554 1084 meterio
588 1034 843 1103 Hospitalis
873 1039 1102 1085 Italorum
1135 1037 1383 1104 nuncupati
1411 1036 1520 1084 alias
1548 1030 1820 1081 destinatum
1843 1067 1859 1090 ,
1904 1048 1990 1100 pro
2023 1034 2169 1101 prima
2197 1034 2394 1100 Capuci-

363 1123 529 1155 norum
563 1105 836 1156 habitatione
865 1105 1101 1156 benedixit
1122 1142 1138 1164 ,
1177 1106 1227 1158 ὅ(
1253 1105 1454 1173 sequenti
1483 1104 1556 1153 die
1585 1107 1718 1153 Crux
1741 1104 1981 1152 communi
2005 1103 2151 1166 jubilo
2186 1101 2274 1153 fuit
2300 1120 2392 1151 ere-

364 1177 435 1224 &a
452 1175 787 1234 ,Illustriffimo
807 1179 1014 1227 Domino
1038 1175 1219 1227 Nuntio
1239 1175 1568 1245 proceffionem
1601 1175 1851 1227 comitante
1868 1210 1883 1233 ,
1916 1172 1966 1224 ὅ(
1998 1172 2056 1222 ad
2088 1177 2245 1223 Sacras
2274 1179 2395 1223 Aras

364 1246 619 1296 celebrante
647 1283 663 1305 ,
694 1266 747 1297 ac
784 1252 914 1316 Rege
944 1283 960 1307 ,
994 1250 1171 1317 Regina
1200 1283 1216 1306 ,
1248 1266 1301 1296 ac
1328 1244 1625 1316 Magnatibus
1657 1243 1836 1295 summa
1873 1244 2124 1294 devotione
2155 1258 2255 1292 tum
2286 1244 2393 1292 huic

358 1332 463 1367 tum
495 1318 561 1366 illi
590 1317 914 1376 affistentibus‚
935 1318 984 1371 ὃ(
1014 1319 1264 1387 Capucinis
1296 1314 1591 1366 fundamenta
1621 1312 1710 1364 suae
1727 1316 1988 1372 Provinciae
2022 1318 2066 1363 in
2094 1315 2316 1384 portentis
2346 1312 2395 1364 δε

362 1387 586 1458 prodigiis
631 1387 772 1455 posita
812 1387 938 1439 fuiffe
971 1425 987 1448 ,
1022 1394 1126 1452 jure
1151 1389 1488 1458 gloriantibus.
1518 1382 1763 1436 Crescente
1793 1388 1838 1434 in
1869 1386 1963 1435 dies
1996 1386 2154 1453 populi
2195 1387 2395 1453 pietate.»

362 1460 497 1507 nimis
528 1458 740 1526 angustus
767 1458 887 1511 visus
912 1457 1001 1510 fuit
1031 1462 1104 1510 hic
1133 1461 1261 1509 locus
1286 1480 1300 1518 ;
1332 1460 1436 1507 hinc
1466 1457 1578 1507 dum
1618 1457 1675 1504 de
1719 1457 1941 1524 ampliore
1971 1455 2020 1506 <St
2048 1455 2395 1505 commodiore„

363 1527 555 1578 aedificio
580 1530 733 1579 astum
758 1530 876 1588 fuit,
905 1532 1021 1580 inter
1052 1535 1296 1599 Magnates
1319 1545 1418 1579 orta
1446 1527 1508 1578 est
1534 1525 1667 1576 sortis
1702 1527 1834 1590 hujus
1874 1525 2088 1576 habendae
2128 1529 2392 1575 aemulatio.

364 1599 544 1648 Cedere
569 1599 792 1650 debebant
816 1618 973 1650 omnes
1000 1599 1384 1651 Excellentiffirno
1418 1599 1540 1649 Duci
1565 1597 1621 1646 de
1652 1600 1844 1656 Le'rma,
1872 1598 2025 1666 primo
2053 1597 2393 1647 Ministroize-

359 1670 439 1736 gio
461 1703 475 1725 ,
509 1671 586 1734 qui
611 1671 768 1720 locum
802 1673 977 1722 Palatio
1007 1671 1087 1722 suo
1119 1670 1344 1720 confinem
1380 1707 1395 1730 ,
1432 1668 1481 1721 Gt
1512 1665 1819 1717 construendae
1852 1663 2032 1717 Domus
2063 1666 2112 1718 ἃ
2145 1666 2355 1718 Ecclesiae
2375 1704 2392 1727 ,

359 1755 467 1786 cum
502 1738 635 1788 horto
656 1756 968 1809 opportunum
998 1741 1273 1810 designavit.
1298 1744 1372 1796 Ut
1399 1742 1548 1808 prima
1570 1750 1699 1806 petra
1727 1755 1834 1788 cum
1857 1737 2103 1788 devotione
2129 1753 2393 1805 poneretur,

355 1807 587 1858 Proceffio
620 1827 726 1858 cum
760 1825 888 1860 coetu
922 1813 1049 1860 Cleri
1081 1846 1096 1868 ,
1132 1810 1181 1861 ὅ(
1209 1811 1512 1878 quadraginta
1535 1807 1796 1857 nostrorum
1828 1812 2041 1857 Fratrum
2076 1827 2131 1857 ex
2158 1810 2394 1859 ·aliis.Pro-

353 1879 516 1928 vinciis
552 1878 891 1930 confluentium
922 1880 1009 1931 fuit
1038 1880 1210 1930 indic-‘ia
1228 1881 1277 1931 ὅ(
1294 1882 1527 1929 ordinata.
1547 1877 1754 1927 Mediam
1779 1877 1946 1927 horum
1969 1877 2153 1928 turbam
2182 1880 2394 1930 Eminen-

354 1948 549 2000 tiffimus
577 1950 836 2001 Cardinalis
867 1954 1039 2022 Borgia
1065 1970 1172 2003 cum
1200 1950 1289 2001 suis
1320 1950 1614 2019 Capellanis,
1643 1965 1843 2016 quorum
1872 1949 2061 2000 ultimus
2079 1961 2393 2005 marmoreum

352 2018 402 2070 ὅ(
428 2022 694 2090 angularem
724 2020 904 2073 fabricae
932 2023 1132 2093 lapIdem
1149 2060 1163 2083 ,
1190 2022 1415 2092 plumbeae
1447 2019 1587 2089 capsae
1614 2018 1874 2079 inclusum,
1909 2018 1958 2071 <St
1991 2022 2177 2070 nomina
2205 2023 2392 2072 'Summi

352 2090 587 2142 Pontificis
605 2128 622 2152 ,
655 2096 828 2163 RegiS,
854 2098 1075 2153 Patroni,
1095 2097 1231 2152 anni,
1267 2095 1355 2143 diei
1375 2128 1391 2150 ,
1414 2091 1462 2142 δε
1497 2093 1616 2140 hora:
1644 2104 1886 2140 notantem
1917 2093 1963 2139 in
1991 2090 2117 2141 disco
2146 2093 2255 2142 tulit
2286 2128 2303 2151 ,
2327 2093 2396 2143 in·

349 2160 594 2221 tersecuit,
624 2163 674 2215 ὅ(
705 2163 942 2213 Fratribus
968 2163 1015 2212 se
1034 2162 1287 2212 immiscuit
1312 2194 1329 2218 ‚
1359 2158 1557 2223 astisque
1586 2192 1602 2214 ‚
1625 2174 1724 2222 quae
1751 2161 1801 2205 in
1833 2159 2095 2220 hujusmodi
2125 2158 2392 2212 funstionea

347 2233 421 2295 agi
449 2235 714 2278 Romanum
740 2232 927 2277 Rituale
956 2229 1204 2295 praescribit
1224 2264 1239 2287 ,
1266 2232 1326 2277 D.
1355 2226 1614 2278 Cardinalis
1641 2225 1883 2278 Pontificio
1912 2229 2093 2279 Habitu
2124 2229 2311 2281 indutus
2324 2231 2390 2281 di·

347 2297 475 2346 &um
508 2296 706 2364 lapidem
738 2298 782 2345 in
816 2297 964 2365 egesta
994 2313 1113 2346 terra
1144 2299 1395 2346 collocavit
1421 2331 1437 2353 ,
1470 2295 1518 2346 ὅ(
1549 2298 1702 2362 plures
1735 2298 1942 2359 adjunxit
1971 2313 2262 2350 monetarum
2296 2301 2390 2370 spe·

346 2368 464 2415 cies.
495 2370 670 2431 Pompa
701 2365 947 2413 funstionis
978 2366 1196 2414 illustrior
1226 2365 1344 2415 fasia
1373 2365 1437 2414 est
1469 2383 1523 2414 ex
1552 2364 1790 2432 praesentia
1820 2369 1991 2437 Regis,
2017 2369 2239 2436 Principis
2259 2405 2275 2429 ,
2301 2375 2391 2421 Re-

343 2438 409 2504 gii
442 2431 635 2483 Infantis
653 2469 669 2493 ,
698 2436 842 2484 totius
860 2438 994 2485 Aulae
1026 2453 1135 2486 cum
1155 2435 1484 2506 Magnatibus‚
1512 2455 1564 2486 ac
1589 2434 1750 2503 plausu
1775 2440 1934 2505 populi
1963 2441 2211 2490 turmatim·
2228 2459 2388 2492 accur-

342 2507 511 2555 rentis.
543 2504 867 2555 Abundantius
900 2522 951 2556 ut
986 2511 1083 2557 Rex
1117 2512 1298 2557 Fratres
1333 2509 1377 2557 in
1411 2507 1499 2557 hoc
1527 2509 1789 2557 memoriali
1819 2509 1893 2558 die
1919 2510 2386 2569 honoraret,-eorum

343 2581 644 2628 Conventum
674 2593 783 2647 cum
814 2580 960 2647 Regia
986 2580 1120 2629 Prole
1141 2578 1354 2629 accedere
1385 2578 1601 2648 dignatus
1629 2577 1691 2628 est
1717 2613 1735 2637 ,
1770 2580 2015 2649 vidensque
2053 2580 2258 2632 mensam
2291 2587 2387 2652 pul·-

343 2645 447 2696 chre
477 2646 663 2713 quidem
693 2665 750 2698 ex
790 2650 923 2698 variis
957 2647 1180 2701 frudiibus
1213 2664 1447 2720 aptatam,
1479 2650 1688 2700 instituto
1723 2664 1873 2701 tamen
1904 2651 2067 2703 nostrae
2108 2658 2388 2721 paupertatis

341 2715 631 2767 conformem
649 2754 664 2776 ,
691 2737 762 2766 nec
782 2725 1099 2787 pauperiorem,
1138 2741 1210 2770 nec
1235 2723 1429 2771 ditior'em
1464 2720 1506 2771 se
1533 2739 1739 2790 unquam
1774 2720 1927 2773 vidisse
1951 2721 2082 2775 fassus
2113 2721 2174 2773 est
2193 2759 2209 2782 ,
2236 2723 2285 2776 &
2305 2730 2385 2777 Se-

337 2787 571 2909 ‹rienlisffimo
594 2790 794 2859 Principi
824 2791 874 2843 ὅ(
908 2791 1169 2844 Infantibus
1198 2792 1349 2843 eidem
1383 2792 1570 2844 affidere
1585 2804 1605 2855 ,'
1641 2792 1690 2846 ὃς
1716 2810 1826 2845 cum
1849 2795 2083 2846 Fratribus
2114 2797 2289 2863 epulari
2315 2799 2378 2847 in·

373 2878 400 2909 u
439 2874 504 2910 it.

478 2929 668 2980 Fabrica
696 2931 845 2999 prima
878 2930 927 2984 8(
952 2935 1159 3002 capitalis
1194 2935 1324 2999 hujus
1360 2934 1636 2987 Conventiis
1662 2938 1742 2987 vix
1772 2933 1862 2988 fuit
1885 2939 2127 2989 terminata
2155 2970 2172 2994 ,
2204 2934 2253 2988 ἃ
2278 2941 2384 2988 Fra·

338 3014 429 3050 tres
455 3001 513 3051 ad
543 3018 645 3052 eam
678 3019 798 3052 anno
837 3013 988 3053 1610.
1021 3006 1066 3052 in
1102 3008 1279 3075 Vigilia
1307 3005 1640 3058 Purificationis
1670 3011 1726 3058 B.
1758 3012 1824 3060 V.
1849 3011 2011 3060 Mariae
2037 3008 2379 3065 translati,alia

338 3073 385 3120 in
420 3075 548 3141 regio
575 3090 761 3123 nemore
780 3111 796 3135 ,
825 3075 899 3124 del
931 3075 1068 3126 Pardo
1092 3092 1383 3144 nuncupat0‚
1418 3078 1494 3128 ubi
1528 3078 1576 3130 ὅ(
1610 3083 1757 3150 Reges
1785 3078 2053 3131 diversionis
2078 3081 2304 3130 Palatium
2321 3094 2376 3130 te-

336 3156 474 3199 nent,
509 3146 643 3211 regiis
676 3143 874 3212 expensis
902 3143 989 3196 fuit
1021 3147 1265 3204 inchoata,
1301 3149 1692 3201 Excellentiffirno
1719 3152 1925 3201 Domino
1955 3151 2133 3203 Didaco
2166 3153 2376 3200 Guzrna-

336 3230 396 3261 no
425 3212 662 3263 Indiarum
696 3217 956 3266 Patriarcha
983 3219 1186 3285 primum
1217 3217 1414 3285 lapidem
1443 3236 1671 3288 ponente,
1699 3220 1749 3273 ὅ(
1775 3226 1907 3292 Rege
1936 3241 2043 3273 cum
2074 3220 2371 3288 Magnatibus

337 3276 559 3333 iunffioni
583 3284 803 3336 affistente
822 3324 833 3336 .
866 3292 1020 3351 Hujus
1052 3291 1302 3338 incolatum
1336 3306 1578 3356 coeperunt
1608 3298 1822 3346 Fratres,
1846 3296 1892 3343 in
1908 3292 2039 3343 Festo
2066 3289 2373 3341 Praesentatio·

339 3353 407 3399 nis
436 3356 487 3400 B.
519 3360 580 3403 V.
607 3374 727 3404 anno
753 3368 897 3422 1614.
915 3397 929 3417 ,
961 3369 1051 3427 q'uo
1077 3363 1243 3427 pariter
1264 3358 1650 3428 Augustiffimum
1671 3368 2016 3414 Sacramentum
2048 3361 2127 3412 sub
2158 3359 2369 3421 solemni,

336 3424 479 3491 Regis
515 3430 735 3492 regiaeque
768 3432 910 3479 Prolis
936 3448 988 3479 ac
1005 3434 1286 3502 Magnatum
1302 3466 1318 3488 ,
1341 3447 1422 3479 nec
1447 3449 1536 3480 non
1556 3434 1824 3484 Patriarchae
1842 3430 2014 3483 altefati
2041 3433 2272 3501 praesentia
2297 3436 2373 3484 de·

335 3508 490 3542 corata
522 3496 797 3561 proceffione
829 3502 887 3550 ad
922 3518 1087 3550 novam
1119 3501 1368 3551 Ecclesiam
1392 3499 1480 3551 fuit
1508 3506 1780 3554 translatum
1809 3539 1824 3562 ,
1858 3518 1904 3553 et
1931 3506 1975 3554 in
2006 3523 2093 3555 una
2119 3505 2250 3566 hujus
2281 3509 2371 3556 Ca·

338 3565 808 3643 pplla,pretios1ffima
831 3572 1004 3622 Christi
1030 3574 1221 3621 Domini
1255 3574 1299 3621 in
1323 3574 1578 3639 Sepulchro
1601 3576 1790 3638 jacentis
1814 3577 1967 3644 imago
1984 3611 1999 3635 ,
2025 3575 2082 3625 ad
2106 3591 2243 3642 quam
2268 3593 2368 3626 ma-

337 3652 485 3684 ximus
518 3635 691 3703 semper
710 3635 828 3698 fuit,
850 3657 896 3692 et
920 3643 1068 3692 adhuc
1099 3646 1146 3692 in
1173 3642 1268 3692 dies
1298 3644 1557 3694 devotionis
1584 3661 1631 3696 et
1661 3648 1760 3696 voti
1789 3647 1924 3696 causa
1951 3648 2247 3699 continuatur
2280 3663 2363 3715 po-

333 3707 427 3769 puli
450 3707 698 3757 confluxus
715 3746 730 3768 ,
757 3714 978 3763 collocata
994 3748 1007 3762 .

473 3780 529 3823 In
567 3780 792 3845 lapidibus
824 3786 1019 3852 Regiam
1053 3783 1410 3834 munificentiam
1440 3784 1675 3835 laudantes
1700 3823 1714 3845 ‚
1751 3803 1796 3838 et
1829 3788 2036 3856 exempla
2064 3786 2252 3837 virtutis
2278 3788 2363 3835 in..

336 3842 570 3896 Fratribus
595 3852 809 3903 mirantes
836 3856 988 3923 plures
1022 3857 1268 3922 Magnates
1296 3857 1461 3907 aemula
1508 3859 1676 3926 pietate
1709 3860 1777 3909 his
1823 3861 2095 3909 Conventus
2141 3855 2361 3909 fundare-³

2193 3942 2296 3976 con-
