2592 4094
887 232 961 320 S.
1026 228 1571 345 thdovici.

235 371 293 415 eit
313 373 569 416 Venerabilis
588 376 727 417 Frater
753 375 1030 430 Hieronymus
1058 377 1224 431 Episto-

234 443 310 484 pus
327 433 615 475 Cavallicenfis
632 462 646 485 ‚
659 434 767 489 quod
796 434 875 489 ipse
890 436 939 475 ad
954 435 1108 488 piarum
1125 434 1222 475 Vir-

233 490 372 542 ginum
402 494 490 533 Deo
527 491 713 534 famulari
750 493 1001 546 cupientium
1039 504 1224 532 commo-

233 548 328 590 dam
351 551 628 605 receptionem
650 551 690 593 in
709 551 833 592 Terra
850 549 980 599 Lillae,
1003 545 1074 595 suae
1104 549 1223 590 Dioe·

233 608 330 650 cefis
349 609 664 658 Cavallicenfis‚
693 622 814 650 unurn
828 607 1115 650 Monasterium
1128 607 1217 646 Μο-

231 667 401 709 nialium
417 669 711 723 Capucinarum
736 676 1069 721 nuncupatarum‚
1087 665 1214 706 Ordi-

230 727 295 768 nis
310 729 348 769 S.
368 725 584 776 Francisci,
598 726 773 769 ereetum
793 724 860 767 sub
882 725 1024 767 eadem
1041 722 1217 777 Regula,

232 797 318 838 quae
336 784 374 825 in
390 784 634 829 Monasterio
660 783 895 826 Monialium
922 783 1216 837 Capucinarum

233 843 275 883 in
310 846 455 886 Monte
481 842 683 901 Qirinali
707 842 759 884 de
798 842 914 885 Urbe
951 838 1216 889 observatur,

230 916 311 943 uno
325 902 483 944 tantum
500 911 687 955 excepto,
704 900 895 942 videlicet
907 925 920 948 ,
945 899 1050 953 quod
1065 911 1139 951 pro
1153 896 1217 938 di-

230 961 282 1001 esti
312 959 542 1002 Monasterii
566 958 617 999 ab
640 971 691 998 eo
719 958 840 999 erecti
869 957 909 998 in
933 957 1014 998 illis
1032 955 1213 1011 partibus

228 1015 424 1074 perpeturi
452 1014 779 1065 conservatione,
806 1015 846 1055 δε
873 1013 1212 1058 manutentione...

230 1071 441 1125 conceffit,
469 1082 511 1114 ut
527 1071 809 1116 Monasterium
825 1071 1035 1128 prael'atum
1050 1070 1090 1114 in
1107 1086 1218 1116 com-

229 1134 341 1176 muni
367 1130 536 1174 fundum
568 1129 915 1185 eleemosynarum
949 1131 1215 1181 dotalium,

228 1206 325 1248 quas
339 1191 526 1247 quaelibet
551 1189 738 1234 Monialis
763 1189 800 1232 in
820 1190 990 1246 ingressu
1014 1191 1054 1232 in
1071 1188 1218 1246 praedi-

229 1254 336 1292 etum
359 1249 641 1292 Monasterium
663 1248 792 1291 secum
807 1249 1024 1298 attulerit,
1049 1246 1217 1304 poffide-

230 1324 276 1351 re
309 1308 466 1360 valeat3
494 1307 681 1364 quodque
707 1306 787 1362 jam
814 1308 957 1352 domus
981 1305 1216 1352 eumoffici-

228 1369 316 1416 nis,
330 1369 368 1408 &
385 1367 570 1409 membris
592 1364 818 1409 necessariis
835 1397 849 1420 ,
872 1369 911 1409 &
936 1381 1028 1409 cum
1043 1366 1213 1409 debita-2

225 1423 486 1474 clausura2&
508 1424 680 1468 Ecclefia
698 1423 872 1480 ejusdem
900 1425 1127 1469 Monasterii
1142 1439 1214 1467 ex-

224 1486 361 1527 trustae
376 1482 486 1532 sunt,
508 1498 554 1526 ac
585 1484 623 1526 in
647 1483 730 1540 ipso
755 1486 1001 1529 Monasterio
1026 1498 1212 1526 novenu

226 1542 428 1586 Moniales
454 1541 613 1584 reclusae
637 1554 868 1598 permanent
895 1571 910 1594 s
942 1544 1086 1601 quibus
1113 1542 1204 1586 de,-

227 1599 473 1644 Confessario
498 1600 649 1643 idoneo
663 1629 676 1653 ‚
699 1602 765 1658 qui
781 1602 819 1644 in
839 1602 1012 1659 quadam
1030 1602 1206 1644 domun-

226 1658 317 1702 cula
338 1659 468 1702 eidem
486 1661 730 1703 Monasterio
754 1663 946 1717 contigua
962 1662 1113 1704 habitat
1131 1688 1145 1711 s
1161 1674 1207 1702 ac

228 1717 280 1760 de
307 1719 578 1760 Procuratore
613 1720 716 1761 Viro
744 1719 811 1774 pio
836 1749 850 1771 ,
879 1722 918 1762 δε
948 1718 1208 1763 facultatibus

229 1776 446 1817 commodo
461 1789 533 1830 pro
546 1776 644 1819 cura
659 1791 793 1820 rerum
807 1779 1092 1832 temporalium
1111 1775 1214 1832 ejus-

231 1832 323 1873 dem
346 1833 572 1873 Monasterii
597 1834 783 1885 providet
798 1861 814 1882 ,
844 1847 888 1875 ac
910 1833 1103 1888 praedie'tae
1127 1836 1218 1874 Mo-

229 1888 356 1934 niales
378 1902 449 1943 per
461 1889 666 1931 biennium
684 1891 847 1932 circiter
870 1890 1045 1945 regulam
1071 1889 1214 1946 praedi-

233 1952 337 1990 stam
353 1957 524 2003 expertae
538 1947 676 1994 ,inam
693 1962 831 2003 magna
848 1962 937 1990 cum
953 1947 1214 1991 aedificatione

230 2007 402 2049 aliorum
426 2004 760 2047 Christifidelium
777 2007 815 2046 in
843 2005 1213 2052 {anstitate‚&au·

228 2065 411 2105 steritate
439 2062 527 2102 vitae
546 2061 785 2102 observant.
813 2062 952 2113 Qare
971 2074 1048 2112 pro
1065 2058 1205 2112 majori

227 2121 457 2168 stabilitate,
478 2120 517 2158 &
529 2118 834 2159 conservatione
849 2116 942 2156 dicti
958 2114 1209 2163 Monasterii,

226 2179 340 2222 idem
356 2178 630 2231 Hieronymus
660 2174 877 2230 Episcopus
890 2174 1001 2229 cupit
1017 2170 1207 2230 praemiffa

227 2238 367 2283 nostrae
401 2234 718 2278 confirmationis
756 2232 992 2287 Apostolicae
1030 2231 1208 2287 praefidio

227 2295 464 2338 communiri
492 2322 507 2344 ‚
534 2291 738 2348 Nobisque
763 2301 977 2346 propterea
1002 2291 1208 2333 humiliter

231 2354 445 2410 supplicari
475 2351 595 2399 fecit,
623 2360 666 2392 ut
697 2351 735 2392 in
761 2349 956 2406 praemisfis
980 2347 1208 2404 opportune

225 2411 444 2470 providere
469 2411 521 2452 de
544 2409 792 2465 benignitate
815 2408 1048 2465 Apostolica
1066 2409 1209 2463 digna-

228 2484 367 2514 remur
379 2498 390 2508 .
421 2472 506 2511 Nos
520 2469 642 2528 igitur
654 2495 668 2518 ,
682 2468 747 2525 qui
764 2468 992 2524 Religionis
1009 2496 1022 2518 ‚
1036 2469 1076 2510 &
1101 2466 1219 2508 divi-‘

226 2531 269 2574 ni
302 2525 434 2572 cultiis
477 2536 695 2584 augmento
727 2527 904 2570 libenter
932 2526 1205 2571 intendimus,

229 2587 407 2641 ejusdem
446 2586 634 2642 Episcopi
673 2586 866 2641 pietatem
902 2587 943 2627 δε
982 2582 1212 2638 Religionis

227 2646 359 2689 zelum
376 2647 624 2701 summopere
641 2644 971 2687 commendantes
982 2668 996 2692 ,
1012 2642 1106 2698 huju
1114 2642 1134 2681 s
1128 2654 1214 2682 mo-

225 2705 268 2747 di
286 2704 643 2761 supplicationibus
672 2703 884 2754 inclinati,
898 2717 946 2745 ex
964 2711 1063 2743 voto
1079 2702 1214 2741 Vene-

225 2764 411 2806 rabilium
441 2765 625 2805 Fratrum
654 2762 897 2811 nostrorum,
913 2765 955 2804 S.
971 2761 1022 2799 R.
1039 2761 1085 2799 E.
1114 2761 1216 2800 Car-

228 2820 422 2864 dinalium
436 2820 550 2875 super
562 2817 923 2861 consultationibus
938 2846 953 2867 ,
982 2817 1021 2856 &
1042 2816 1212 2870 negotiis

229 2876 519 2933 Episcoporum
534 2904 549 2927 ,
561 2879 601 2918 &
617 2874 877 2931 Regularium
892 2874 1213 2930 deputatorum,

229 2937 470 2980 crestionem
497 2934 670 2990 praedieti
689 2933 918 2978 Monasterii
948 2932 1212 2984 Monialium,

228 3011 273 3037 ac
293 2992 489 3049 Regulam
507 3022 522 3044 ,
552 2995 592 3035 &
618 2993 792 3035 instituta
809 2991 992 3048 praedista
1007 3019 1021 3042 2
1045 2993 1084 3032 &
1107 2989 1210 3033 illud

231 3054 458 3111 signanter,
474 3052 584 3110 quod
609 3048 1066 3108 dissumMonasterium
1090 3048 1223 3107 hujus-

350 3876 455 3920 Tom·
464 3862 506 3917 V·

2057 245 2206 326 161

1286 377 1395 419 modi
1420 374 1698 431 eleemosynas
1727 371 1889 416 dotales
1907 375 2104 430 pofl'idere
2139 382 2271 424 valeat

1284 449 1359 491 pro
1373 447 1566 490 perpetua
1593 434 1704 476 illius
1731 431 2072 482 substentatione,
2095 442 2269 481 caeteras-

1282 507 1360 548 que
1387 495 1633 548 provisiones
1651 492 1759 534 circa
1784 490 1890 534 illius
1923 502 2006 534 tam
2034 493 2267 547 spirituale,

1281 554 1401 605 quam
1416 552 1638 606 temporale
1661 550 1903 607 gubernium
1927 551 1948 592 a
1972 550 2159 606 praedisto
2175 552 2270 605 Epi-

1278 609 1401 662 scopo
1415 609 1535 652 faetas
1549 637 1563 658 s
1579 625 1626 653 ac
1650 620 1796 652 caetera
1812 609 1952 651 statuta
1967 635 1982 658 ,
2010 622 2271 665 quaecumque

1275 666 1459 722 desuper,
1472 669 1600 709 forsan
1627 669 1734 709 edita
1746 699 1762 719 ‚
1777 667 1891 709 licita
1919 678 2050 710 tamen
2063 694 2076 716 s
2091 670 2130 709 &
2145 669 2270 709 hone-

1280 726 1332 768 sta
1348 754 1361 777 2
1392 740 1437 768 ac
1467 725 1597 767 Sacris
1623 725 1858 768 Canonibus
1876 755 1890 777 ‚
1916 727 2147 769 &Concilii
2165 727 2262 768 Tri-

1279 783 1435 826 dentini
1457 783 1636 824 decretis
1661 810 1675 832 a
1706 780 1898 838 ipsiusque
1913 786 2083 829 Ordinis
2102 785 2270 840 regula-

1276 843 1386 884 ribus
1408 840 1600 882 institutis
1624 853 1706 882 non
1731 842 1980 886 adverfiintia
2008 871 2022 893 s
2047 844 2270 886 auctorita-

1277 911 1317 943 te
1356 898 1585 954 Apostolica
1610 924 1624 947 ‚
1657 907 1799 942 tenore
1834 901 2079 953 praesentium
2122 916 2270 959 perpe·

1277 960 1352 1002 tuo
1367 955 1651 998 confirmamus
1668 983 1681 1004 ‚
1695 959 1735 999 &
1750 960 2012 1013 approbamus
2026 989 2040 1010 ‚
2064 961 2261 1017 illisque,

1277 1026 1564 1075 perpet11ae‚ac
1594 1015 1841 1059 inviolabilis
1868 1018 2108 1071 Apostolicae
2135 1019 2267 1061 firmi-

1278 1076 1372 1119 tatis
1390 1074 1515 1116 robur
1531 1072 1737 1128 adjicimus
1749 1103 1763 1125 ,
1782 1088 1829 1117 ac
1854 1087 1993 1118 omnes
2007 1105 2021 1127 ‚
2038 1078 2076 1118 ἃ.
2093 1076 2268 1133 fingulos

1280 1145 1366 1178 tam
1394 1133 1517 1190 juris,
1532 1131 1654 1187 quam
1671 1131 1762 1175 fani
1778 1130 1987 1183 defectus,
2016 1134 2040 1176 fi
2055 1137 2123 1191 qui
2153 1138 2271 1179 desu-

1284 1208 1357 1249 per
1380 1191 1692 1237 intervenerint,
1706 1190 1950 1245 supplemus.
1980 1196 2180 1238 Praeterea
2198 1196 2271 1237 Di-

1284 1252 1398 1296 leuis
1425 1250 1463 1292 in
1492 1248 1654 1293 Christo
1669 1249 1846 1291 Filiabus
1872 1252 2150 1306 Superioribus
2172 1281 2186 1303 ,
2218 1267 2265 1294 ac

1279 1308 1525 1355 Monialibus
1550 1307 1643 1351 dieti
1669 1308 1904 1349 Monasterii
1937 1323 2038 1349 nunc
2063 1339 2079 1359 ‚
2118 1312 2158 1348 &
2189 1323 2266 1363 pro

1277 1381 1463 1426 tempore
1479 1366 1743 1410 existentibus
1760 1394 1774 1418 ‚
1787 1376 1835 1408 ut
1847 1366 1970 1408 etiam
1987 1364 2056 1407 sub
2071 1380 2169 1408 cura
2186 1394 2200 1416 ‚
2227 1368 2268 1408 δε

1275 1428 1507 1474 obedientia
1523 1425 1729 1468 Ordinarii
1759 1423 2035 1480 permanendo
2051 1452 2063 1475 ‚
2080 1424 2268 1467 omnibus

1273 1491 1312 1531 δι
1334 1486 1495 1542 fingulis
1521 1485 1661 1541 gratiis
1680 1512 1693 1535 ,
1722 1484 1971 1539 privilegiis,
2002 1482 2198 1534 indultis,
2228 1485 2267 1525 &

1270 1546 1570 1602 indulgentiiS,
1599 1544 1743 1600 quibus
1756 1542 1834 1584 alia
1862 1541 2039 1598 ejusdem
2065 1542 2266 1593 Ordinis,

1269 1609 1309 1650 &
1330 1605 1495 1660 Regulae
1510 1602 1748 1646 Monasteria
1765 1601 2024 1652 Monialium,
2047 1600 2165 1643 etiam
2198 1598 2270 1642 sub

1275 1678 1399 1716 cura,
1424 1665 1464 1706 δε
1491 1662 1691 1719 gubernio
1723 1664 1907 1703 Fratrum
1925 1659 2270 1714 Caput-inomni„

1274 1724 1510 1779 degentium
1525 1750 1539 1772 ,
1555 1720 1606 1762 de
1620 1719 1708 1777 jure
1724 1749 1738 1772 ‚
1764 1719 1831 1762 usu
1844 1749 1860 1771 ,
1886 1720 1926 1760 &
1953 1715 2268 1768 consuetudine,

1278 1791 1347 1822 aut
1362 1780 1460 1821 alifis
1484 1779 1797 1834 quomodolibet
1812 1779 1869 1819 uti
1885 1804 1899 1826 ,
1925 1776 2001 1816 frui
2017 1802 2031 1823 s
2047 1777 2167 1830 potiri
2189 1803 2204 1824 ,
2227 1777 2268 1816 &-

1281 1836 1458 1892 gaudere
1471 1834 1653 1890 possunt,
1682 1837 1721 1875 &
1737 1844 1934 1889 poterunt
1956 1832 2273 1887 quomodolibet

1275 1896 1315 1936 in
1330 1892 1511 1936 futurum
1531 1895 1635 1944 ‚fine
1657 1892 1790 1948 aliqua
1815 1892 1977 1947 prorsus
2003 1889 2266 1934 differentia,

1275 1951 1359 2002 uti,
1374 1952 1474 2002 frui,
1504 1951 1627 2005 potiri
1642 1978 1656 2000 ,
1690 1953 1728 1992 &
1749 1951 1927 2005 gaudere
1946 1949 2114 2005 poffint,
2133 1951 2169 1991 δε
2201 1963 2268 1991 va-

1272 2010 1383 2050 leant
1394 2037 1408 2058 ‚
1425 2009 1664 2050 auctoritate
1678 2009 1933 2060 Apostolice'i2
1949 2017 2090 2050 tenore
2105 2005 2272 2062 praesens

1271 2063 1373 2103 tium
1388 2063 1739 2110 concedimusw&
1757 2064 2019 2116 indulgemus
2039 2092 2050 2103 .
2074 2069 2166 2105 Non
2197 2067 2274 2106 obv·

1272 2118 1463 2161 stantibus
1491 2112 1869 2171 Constitujtionibus
1885 2147 1899 2170 ‚
1924 2122 1964 2161 &
1990 2120 2273 2164 Ordinationi.

1270 2177 1343 2218 bus
1357 2176 1602 2232 Apostolicis
1616 2205 1631 2227 ‚
1651 2177 1826 2219 saer-dieti
1844 2178 2014 2220 Ordinis
2036 2181 2156 2221 etiam
2183 2182 2266 2224 &c-

1270 2236 1448 2284 statutis,
1473 2234 1912 2286 &consuetudinibus‚
1947 2238 2171 2293 privilegiis
2187 2242 2270 2282 διες

1270 2294 1460 2337 conceffis
1474 2322 1489 2343 ‚
1506 2292 1752 2336 confirmatis
1769 2325 1784 2347 ‚
1809 2297 1849 2337 &
1864 2296 2098 2352 approbatis
2113 2326 2126 2337 .
2160 2300 2266 2356 Qi-

1267 2353 1557 2402 busomnibus‚
1571 2353 1611 2394 ὃς
1628 2351 1803 2406 fingatis,
1818 2368 1961 2396 eorum
1981 2365 2145 2398 tenores
2163 2370 2260 2410 prae-

1270 2413 1446 2455 sentibus
1479 2423 1552 2465 pro
1573 2409 1761 2463 expreffis
1788 2413 1984 2454 habentes
2015 2415 2088 2454 hac
2128 2417 2262 2457 vict)

1268 2470 1479 2512 dumtaxat
1509 2467 1736 2522 specialiter
1759 2478 1774 2519 '‚
1800 2471 1840 2511 δε
1872 2467 2063 2522 expresse
2093 2469 2266 2526 deroga-

1275 2541 1362 2570 mus
1376 2555 1390 2579 ,
1414 2526 1647 2581 caterisque
1664 2527 1880 2568 contrariis
1900 2527 2234 2583 quibuscumque.

1394 2587 1544 2626 Datum
1577 2587 1713 2626 Romae
1744 2586 1851 2639 apud
1880 2587 2064 2626 sancium
2080 2588 2266 2630 Marcum

1278 2645 1347 2686 sub
1363 2643 1514 2685 annulo
1534 2643 1748 2686 piscatoris
1776 2644 1844 2685 die
1875 2657 1898 2685 x
1917 2657 1939 2684 x
1957 2656 1979 2684 v
1994 2658 2007 2685 1
2024 2657 2038 2684 1
2054 2657 2082 2684 ι.
2115 2645 2264 2699 Aprilis

1278 2715 1420 2746 mocu-
1450 2698 1714 2745 Pontificatfis
1742 2703 1866 2757 nostri
1897 2715 2003 2744 anno
2027 2702 2270 2746 undecimo„

1335 2878 1580 2933 Autograph.
1603 2880 1646 2919 in
1668 2879 1838 2921 Archi-vo
1867 2882 2016 2922 secret.
2031 2877 2262 2920 Bra-vium,

1385 2937 1845 2996 ApostolicorumRegesto
1858 2937 2031 2993 meust&
2047 2936 2142 2980 anni
2147 2944 2264 2990 prae·

1389 2994 1527 3039 difflor.
1532 2993 1615 3055 fol.
1620 3008 1670 3050 32
1677 3009 1718 3051 3.
2066 3015 2070 3019 »
