2638 4088
349 1283 2369 1484 ARAGONIAEss

623 1550 630 1564 ‘
664 1557 670 1564 “
726 1562 763 1594 s:
886 1533 915 1582 S
926 1549 958 1580 Τ
989 1525 1095 1582 felix
1125 1528 1174 1582 δε
1205 1528 1399 1583 secunda
1428 1532 1685 1585 Provinciae
1717 1531 1744 1582 a
1777 1531 1931 1580 Matre
1959 1525 2048 1579 Dei
2073 1535 2377 1592 nuncupatae,

735 1627 752 1674 *m
829 1649 837 1667 ,Ἴ
912 1599 988 1651 scu
1027 1602 1280 1653 Cataloniae
1299 1606 1413 1655 Filia
1429 1640 1446 1665 ,
1464 1621 1560 1670 quae
1579 1603 1635 1653 ab
1651 1620 1704 1652 ea
1722 1600 1956 1671 segregata
1976 1632 1992 1656 ,
2014 1598 2060 1647 in
2086 1595 2305 1646 floridam
2325 1589 2377 1643 δι

825 1682 854 1735 ,ἦ
911 1670 1005 1740 ipsa
1035 1689 1153 1721 anno
1180 1673 1425 1726 millesimo
1453 1671 1782 1725 sexcentesimo
1827 1670 2018 1740 septimo
2035 1665 2240 1718 adolevit
2269 1667 2379 1713 Pro·

383 1654 440 1679 st*
574 1668 595 1680 fx

598 1696 611 1718 l

424 1748 440 1775 '⁴
508 1732 522 1754 »
644 1792 655 1803 a,
760 1764 773 1806 ¹25
793 1745 855 1802 xa}
912 1743 1341 1802 vinciam,tantum
1370 1743 1544 1810 semper
1567 1761 1653 1809 pro
1679 1740 1875 1791 colendo
1901 1736 2078 1790 Domfis
2108 1734 2195 1787 suae
2212 1735 2377 1786 decore

515 1813 545 1850 Ξῖ·
664 1826 705 1871 7⁷³2
746 1801 827 1906 {Q
914 1808 1136 1868 sollicita,
1170 1812 1397 1880 quantum
1427 1830 1514 1881 pro
1560 1809 1917 1880 multiplicando
1959 1809 2215 1857 animarum
2245 1805 2377 1852 lucro

512 1910 553 1948 ,ῖ-
638 1922 713 1938 ιν
739 1858 813 1965 ᾖ
915 1879 1141 1933 laboriosa
1163 1919 1175 1935 ι
1206 1881 1365 1952 Usque
1401 1884 1456 1934 ad
1495 1882 1706 1934 barbaras
1742 1882 1969 1932 Nationes
1998 1878 2171 1930 Zelum
2205 1873 2378 1926 suum-³

344 1997 438 2022 2„
509 1951 591 2007 {(·'..¹'¹'·
645 1952 863 2020 ἄμ
921 1953 1155 2013 extendit,
1184 1951 1234 2004 8(
1268 1956 1314 2004 in
1340 1955 1546 2025 partibus
1572 1953 1802 2003 Americae
1821 1987 1835 2008 ,
1870 1955 2125 2021 Regnoque
2153 1950 2376 1998 Cumanae

336 2007 863 2090 {xxxj}
916 2026 1091 2075 animas
1125 2027 1546 2093 quaerit,veraeque
1575 2025 1701 2076 Fidei
1722 2025 1880 2072 lumen
1905 2019 2126 2089 dispergit
2147 2054 2159 2069 .
2178 2018 2379 2086 Aperuit

321 2095 659 2147 Miffionariam
702 2098 817 2145 hanc
858 2095 984 2145 viam
1027 2097 1188 2144 Frater
1218 2093 1484 2143 Franciscus
1516 2090 1883 2158 Pampelonenfis
1923 2125 1939 2149 ,
1974 2091 2030 2138 de
2060 2106 2152 2155 quo
2190 2087 2376 2155 sequens

321 2166 572 2214 Provinciae
618 2165 842 2211 Navarrae
884 2161 1140 2227 proemium
1187 2157 1327 2210 fufius
1375 2175 1522 2231 aget:
1571 2163 1919 2230 penetravitque
1963 2177 2042 2228 per
2095 2176 2193 2207 eam
2238 2159 2380 2226 Spiri-

320 2249 371 2284 tu
418 2233 507 2284 Dei
543 2245 746 2282 armatus
778 2233 951 2281 Servus
987 2231 1075 2280 Dei
1116 2233 1277 2279 Frater
1314 2231 1546 2299 Josephus
1579 2236 1604 2280 a
1633 2231 1911 2280 carabantes
1939 2247 1992 2278 ex
2023 2231 2145 2279 clara
2186 2227 2242 2278 de
2286 2232 2378 2278 De-

323 2306 514 2368 lazquez
546 2303 766 2369 progenie
802 2303 936 2365 plura
969 2334 986 2356 ,
1037 2298 1086 2349 ὅ(
1116 2316 1225 2349 cum
1266 2301 1414 2350 Sociis
1457 2298 1623 2352 sudore
1663 2299 1934 2367 Apostolico
1964 2312 2169 2349 arentem
2199 2332 2215 2356 ,
2255 2296 2379 2347 steri·

322 2371 654 2436 lescentemque
686 2370 914 2419 Americae
944 2385 1160 2436 campum
1199 2367 1256 2418 ad
1292 2387 1393 2420 eam
1431 2371 1642 2443 irrigavit
1669 2368 1855 2420 messem
1894 2404 1909 2427 ,
1948 2383 1999 2418 ut
2030 2371 2150 2418 ultra
2179 2368 2379 2419 decem..-

324 2443 470 2494 millia
502 2439 758 2491 infidelium
784 2437 1023 2509 sacrilegas
1060 2438 1322 2491 daemonum
1355 2458 1454 2492 aras
1473 2477 1488 2500 ,
1522 2441 1572 2495 &
1602 2439 1704 2490 fana
1745 2437 2056 2499 conculcasse,
2086 2438 2135 2492 ἃ
2165 2441 2260 2490 veri
2289 2441 2377 2490 Dei

321 2514 469 2565 cultui
503 2509 545 2562 se
583 2507 856 2563 consecrasse
891 2512 1023 2560 vario
1069 2509 1292 2563 idiomate
1329 2509 1584 2584 conscripta
1611 2517 1706 2576 ejus
1732 2526 2068 2563 commemoret
2097 2513 2217 2561 vita.
2250 2515 2377 2563 Cum

322 2584 372 2638 ὅ(
402 2582 545 2635 redux
593 2580 650 2631 ad
692 2597 841 2648 partes
874 2579 1106 2650 Hispaniae
1134 2617 1151 2641 ,
1193 2582 1402 2635 laborem
1448 2583 1496 2636 ὅ(
1533 2582 1740 2635 frustum
1778 2600 1855 2651 per
1887 2581 2121 2633 Miffiones
2150 2581 2198 2629 in
2223 2583 2374 2630 Galli·

323 2659 390 2705 cia
428 2690 443 2712 ,
481 2651 735 2705 Andalufia
768 2650 859 2702 &c.
900 2652 1103 2720 perastas
1142 2656 1483 2706 continuaverit
1514 2691 1531 2714 ,
1565 2656 1791 2707 Americae
1818 2652 1866 2704 ὅ(
1896 2651 2130 2720 Hispaniae
2175 2650 2375 2719 Aposto-

322 2728 389 2777 lus
419 2723 559 2795 digne
586 2720 674 2773 fuit
713 2725 1021 2793 proclamatus
1063 2760 1075 2774 .
1117 2726 1337 2777 Probavit
1371 2725 1420 2777 δε
1450 2728 1626 2779 coelum
1659 2723 1807 2776 vastos
1837 2725 1924 2774 zeli
1954 2720 2173 2774 successus
2206 2758 2222 2780 ,
2259 2722 2374 2772 dum

321 2798 349 2848 ὲ
382 2801 538 2847 Domo
567 2795 702 2846 Villae
739 2792 958 2862 Monsorte
985 2796 1034 2848 de
1061 2795 1215 2848 Lentus
1241 2833 1256 2854 ‚
1298 2799 1343 2847 in
1373 2816 1462 2867 qua
1491 2801 1678 2849 exuvias
1711 2796 2006 2847 mortalitatis
2029 2791 2259 2864 Josephus
2299 2793 2375 2843 de·

322 2865 508 2936 posuit,
537 2865 597 2918 ad
624 2864 955 2917 Monasterium
986 2867 1160 2920 SanRae
1187 2869 1338 2919 Clarae
1358 2904 1373 2926 ‚
1403 2871 1448 2919 in
1483 2874 1610 2934 cujus
1641 2865 1840 2921 Ecclefia
1871 2866 2093 2915 tumulari
2125 2881 2233 2914 eum
2271 2882 2375 2914 con·

324 2940 460 3005 tigit,
499 2937 668 2986 iridem
696 2939 812 2987 mira
853 2938 1064 2987 colorum
1094 2941 1197 2989 luce
1235 2939 1470 2992 ludentem
1499 2940 1705 2993 extendit
1730 2974 1747 2999 ,
1789 2938 1837 2991 8(
1870 2933 2006 3004 usque
2036 2936 2148 2988 dum
2174 2935 2369 2987 cadaver

173 3007 175 3009 ’
259 3022 261 3024 ·
324 3007 473 3063 fuerat
501 3011 830 3064 inhumatum,
860 3010 1090 3059 lucentem
1126 3008 1445 3067 conservavit,
1477 3012 1703 3079 variisque
1742 3011 1901 3080 gratiis
1931 3044 1946 3070 ‚
1976 3026 2074 3078 quae
2113 3009 2158 3055 in
2195 3003 2375 3076 proces-

326 3078 450 3130 fibus
479 3097 562 3148 pro
592 3085 732 3132 Sacro
759 3080 881 3130 illius
909 3081 1038 3128 cultu
1061 3076 1279 3130 confec'tis
1306 3081 1456 3148 ample
1491 3082 1806 3139 recensentur,
1837 3094 2149 3130 accurrentem
2176 3078 2232 3126 ad
2255 3093 2373 3128 tum-

326 3150 404 3201 bas
430 3185 446 3207 ,
480 3163 559 3199 aut
585 3152 693 3199 alias
724 3151 947 3204 auxilium
965 3147 1142 3223 Joseph
1181 3151 1509 3222 implorantem
1548 3154 1773 3223 populum
1811 3152 2070 3202 cumulavit
2100 3183 2117 3209 ‚
2153 3147 2201 3199 ὅ(
2225 3148 2373 3198 adhuc

330 3222 564 3271 cumulare
587 3238 676 3269 non
703 3221 837 3273 ceffat
854 3257 867 3271 .
1345 3268 1348 3272 .

470 3292 519 3341 Si
553 3289 602 3342 ὅ(
633 3293 772 3342 Filios
802 3294 845 3342 in
872 3293 1164 3365 generatione
1193 3291 1268 3345 sua
1294 3293 1466 3345 nobiles
1494 3294 1538 3341 in
1569 3295 1651 3345 hac
1680 3292 1921 3347 Provincia
1948 3289 2228 3355 inquiramus
2248 3326 2262 3347 ‚
2294 3308 2373 3340 oc·

332 3375 525 3411 currunt
554 3363 866 3431 ⁷Fr.Joachim
900 3366 922 3414 εὶ
953 3362 1326 3435 Caesaraugusta,
1353 3368 1397 3414 in
1431 3363 1592 3414 saeculo
1622 3370 1794 3415 Comes
1819 3363 1867 3410 de
1899 3359 2121 3409 Sobradiel
2146 3395 2160 3418 ,
2187 3379 2241 3411 ex
2270 3363 2372 3411 illu·

332 3430 572 3489 striffima,
602 3432 649 3486 ὅ(
680 3435 724 3480 in
754 3438 994 3506 Aragoniae
1029 3441 1192 3504 Regno
1219 3434 1448 3485 notiffima
1475 3435 1525 3483 de
1553 3434 1711 3485 Cabero
1751 3434 1968 3483 Familia:
2007 3435 2078 3483 Fr.
2110 3430 2371 3491 Orentiusss

333 3505 501 3571 pariter
534 3504 560 3552 ὲ
595 3502 933 3576 Caesaraugusta
951 3543 964 3567 ,
994 3505 1041 3559 ὅ(
1063 3505 1305 3558 clariffima
1332 3508 1381 3555 de
1405 3506 1589 3558 Zamora
1614 3505 1802 3557 Familia
1822 3539 1835 3561 ,
1864 3501 1911 3553 ὅ(
1935 3509 1955 3562 <
1985 3517 2035 3551 ut
2067 3502 2273 3571 pluribus
2306 3521 2369 3552 re·

336 3572 565 3625 censendis
593 3572 937 3641 supersedeam)
979 3583 1055 3630 Fr.
1087 3577 1347 3629 Franciscus
1380 3579 1406 3627 ὲ
1437 3576 1691 3629 Turiasona
1714 3611 1729 3634 ,
1749 3578 1793 3624 in
1814 3573 1975 3626 saeculo
1995 3572 2255 3624 Franciscus
2273 3579 2366 3623 An-

336 3646 529 3712 gulo'ex
553 3647 798 3697 Comitum
828 3650 876 3696 de
905 3649 1112 3699 Torrubia
1142 3648 1347 3719 prosapia
1381 3685 1396 3707 ,
1431 3653 1538 3718 qui,
1573 3647 1804 3716 postquam
1838 3651 1930 3710 ejus
1965 3649 2150 3708 Conjux
2191 3648 2234 3695 in
2265 3646 2366 3694 Μο-

339 3714 526 3765 nalterio
555 3721 834 3788 &joachim
868 3724 1148 3774 Monialium
1180 3726 1227 3774 S.
1254 3720 1475 3776 Thereliae
1519 3724 1564 3770 in
1591 3721 1792 3771 Civitate
1818 3715 2081 3769 Turiasonae
2101 3720 2364 3776 ,communi

2177 3799 2313 3828 eorum
