2592 4094
403 245 576 330 240
1090 206 1662 293 Pro-vincia

337 362 396 397 der
409 360 445 395 in
459 356 583 396 cubilis
598 355 743 401 ingressu
756 377 769 396 ‚
793 360 931 388 notatos
944 343 1172 384 ibierticulos
1187 347 1319 385 videret
1335 348 1369 384 8(
1385 350 1532 394 legeret.
1560 348 1643 384 Hoc
1654 347 1690 384 &
1704 345 1830 382 saelum
1844 345 1909 385 esse
1920 345 2098 384 francisca·
2111 347 2198 386 ficut
2219 347 2293 385 fian
2311 347 2379 386 dtr-3

336 407 475 448 bitavit,
490 407 534 442 ita
547 406 582 442 8(
595 406 709 451 postea
725 402 826 438 libere
840 394 1042 433 desiderium
1058 420 1069 436 ,
1080 395 1112 432 se
1126 408 1272 444 corpore
1284 398 1319 438 8(
1335 397 1454 444 spiritu
1465 398 1498 433 in
1510 396 1690 441 Religiosa
1702 396 1808 431 domo
1822 395 1902 431 Deo
1916 393 2135 438 consecrandi
2146 395 2177 430 ei
2191 395 2377 443 patefecitff
2393 429 2395 431 a

336 455 603 500 consensumque
619 464 705 488 voce
718 446 915 490 singultibus
930 442 1124 484 intermixta
1137 446 1304 494 poposcit.
1316 446 1459 493 Stupuit
1471 445 1603 486 diutius
1616 443 1821 492 Sponsus,&
1832 441 2015 489 dumsquid
2028 442 2377 494 replicaret,.motose

336 504 425 542 haesit
442 527 455 545 ,
480 503 584 539 verba
597 497 735 544 repulsae
750 503 844 529 amor
858 493 961 527 iratus
975 491 1116 529 tandem
1130 495 1469 540 expressit-Animum
1485 494 1598 531 Mariti
1609 493 1757 530 ulteriits
1767 493 1836 530 non
1850 491 2026 527 turbatura
2041 513 2055 534 ‚
2076 489 2210 538 patiens
2225 491 2378 541 quievit,

314 548 319 554 ’
336 555 464 599 semper
481 558 589 586 tamen
606 542 813 590 propositum
831 539 1033 576 ardentioris
1043 541 1206 579 orationis
1220 543 1338 588 spiritu
1351 541 1461 583 fovit,
1475 542 1508 579 8(
1526 542 1809 589 quotiescumque
1828 539 2066 577 Alexandrum
2081 538 2285 575 dociliorem
2299 546 2381 576 ere-

338 601 424 639 didit
441 623 455 643 ‚
480 594 653 633 instantias
666 588 823 635 repetiit.
850 584 1017 624 Effecit&
1033 584 1133 624 semel
1150 596 1258 637 ,quae
1269 592 1402 627 Marito
1417 591 1490 626 visa
1513 591 1599 635 suit,
1624 590 1894 636 importunitas,
1921 598 1958 623 ut
1982 586 2038 624 hic
2063 597 2185 624 votum
2213 584 2389 624 astiterit«

338 651 382 688 ad
395 649 465 686 dies
480 644 558 681 vitre
572 637 774 675 servandum
790 635 949 682 prasente
964 634 1136 684 Episcopo
1148 637 1303 675 emittere
1325 638 1533 684 promiserit,
1545 638 1566 674 si
1582 641 1646 675 hoc
1659 638 1815 685 petitioni
1828 637 1924 673 illius
1938 635 2131 679 sufficeret,
2151 646 2231 674 cum
2244 634 2383 675 officia-

339 710 416 747 φη
430 699 563 741 gereret
578 713 588 728 ,
613 687 648 725 8(
660 696 741 724 cura
755 684 905 721 filiarum
920 707 934 728 ‚
958 695 1034 733 quae
1057 684 1148 722 Patri
1175 697 1219 722 ex
1231 697 1358 727 naturae
1380 687 1415 723 8(
1441 686 1578 722 rationis
1591 685 1772 722 dictamine
1798 684 2011 721 incumberet
2023 707 2037 728 ‚
2064 683 2301 721 Sacerdotium
2314 690 2378 719 aut

342 738 543 788 Religionis
563 732 743 782 ingressum
761 731 985 772 dissuaderent
1000 758 1011 769 .
1040 733 1128 771 Lteta
1143 733 1211 774 hate
1224 735 1290 771 suis
1303 736 1415 772 retulit
1433 735 1699 778 Direaoribus,
1723 733 1786 781 qui
1809 733 1858 770 rei
1881 731 1963 768 exin
1976 732 2168 771 consultum
2190 741 2261 768 non
2284 728 2350 767 esse
2365 751 2382 775 2

340 789 532 840 reposuere,
545 793 702 830 eamque,
714 789 752 817 ut
764 781 795 818 se
807 781 931 823 divino
945 781 1173 820 Providentiae
1184 782 1329 823 consilio
1344 783 1585 828 conformaret,
1602 784 1787 820 monuere.
1816 780 2008 828 Aequievit
2024 779 2156 817 monito
2169 804 2182 822 ‚
2194 776 2240 816 ita
2255 788 2385 821 tamen,

341 852 379 877 ut
403 836 513 874 media
528 831 696 876 religiose
711 830 788 867 vitoe
813 829 874 866 sibi
885 841 956 867 non
969 831 1146 871 defutura,
1171 832 1299 868 interna
1313 831 1369 879 spe
1382 833 1509 878 semper
1519 831 1718 868 crediderit.
1743 830 1884 868 Pertaesa
1903 829 2004 865 semel
2017 841 2135 870 mora,
2149 839 2225 877 quae
2249 824 2386 864 incensa

340 884 498 924 desideria
512 877 694 928 impedivit
709 902 722 923 ‚
749 889 873 916 votum
889 879 1063 928 Religiose
1078 879 1156 916 vitae
1175 879 1229 916 die
1251 882 1288 918 S.
1300 881 1448 917 Andreae
1461 881 1636 928 Apostolo
1650 879 1738 918 sacri
1750 905 1762 922 ,
1785 891 1862 916 curn
1875 877 2076 916 conditione
2087 903 2098 920 ‚
2123 877 2148 913 si
2161 877 2266 914 vitam
2282 874 2390 911 Cott-¹

336 935 431 985 jugis
445 930 650 972 excederet,
673 927 779 964 emisit
796 953 808 964 .
834 928 986 972 interim,
1000 940 1036 967 ut
1053 930 1131 965 Deo
1145 928 1290 976 majore,
1302 931 1368 976 qua
1383 927 1505 975 pofl'et,
1521 927 1730 975 perseffione
1749 927 1914 971 serviret,
1939 926 1974 965 8(
1991 925 2157 972 religiose
2169 924 2247 962 vitoe
2259 922 2382 960 munia.

340 978 557 1019 honorabilis
572 977 735 1018 connubii
758 977 909 1028 parergis
924 976 1092 1020 sociaret,
1120 977 1437 1023 peculiarioreeelo
1448 977 1482 1014 &
1493 977 1611 1022 spiritu
1623 977 1774 1026 orationi
1792 975 1926 1013 mentali
1949 998 1962 1019 ,
1987 975 2022 1011 8(
2038 972 2294 1011 mortificationi
2310 971 2381 1008 se..-

341 1029 510 1077 impendir
525 1040 534 1063 ε
560 1026 610 1062 illi
625 1049 638 1069 ,
652 1037 691 1061 ut
707 1036 782 1061 rore
795 1025 913 1072 gratiae
934 1025 968 1061 ἃ
993 1024 1248 1063 benedi6tionis
1262 1026 1491 1063 abundantius
1505 1025 1717 1072 irrigaretur,
1728 1026 1822 1068 huic,
1841 1035 1879 1061 ut
1893 1025 1928 1060 in
1940 1024 1971 1060 se
1985 1021 2172 1063 succideret
2192 1021 2381 1069 passionum

345 1076 605 1128 praedominium
621 1086 631 1110 ε
658 1073 709 1110 illi
723 1097 736 1118 ‚
749 1083 785 1110 ut
797 1085 857 1111 cor
866 1074 908 1110 ad
922 1074 1042 1111 suaves
1053 1073 1167 1110 divini
1180 1074 1304 1111 amoris
1318 1075 1505 1120 pregustus
1525 1074 1736 1121 recipiendos
1753 1074 1964 1121 disponeret,
1971 1072 2074 1116 hanc,
2090 1081 2128 1108 ut
2139 1081 2266 1118 corpus
2274 1069 2310 1106 in
2322 1073 2389 1106 vas

341 1127 505 1165 mundum
522 1152 529 1166 ,
555 1123 769 1169 animamque
784 1123 827 1160 ad
846 1122 1015 1168 sequelam
1030 1123 1112 1158 vitoe
1127 1122 1209 1171 jesu
1219 1123 1344 1159 Christi
1359 1122 1516 1159 crucifixi
1529 1133 1687 1170 aptarett
1713 1122 1766 1160 illi
1781 1119 2196 1170 adjunxitfrequentioris
2203 1115 2384 1155 consessio-

344 1178 400 1214 nis
415 1202 425 1217 ‚
451 1187 489 1211 ac
501 1171 758 1211 communionis
771 1171 981 1219 quotidianae
993 1170 1219 1208 devotionem
1232 1196 1242 1211 ‚
1258 1172 1492 1218 impugnatam
1506 1171 1644 1219 quidem
1658 1171 1763 1209 arudi
1780 1171 1912 1218 populo
1925 1193 1937 1214 ‚
1964 1169 2143 1216 probatam
2158 1175 2274 1204 antem
2285 1164 2390 1202 &Vi-

341 1226 391 1263 tis
406 1222 567 1261 doc-*trinae
585 1245 598 1266 ,
622 1221 656 1260 8(
674 1219 832 1268 Episcopi
849 1219 1110 1256 Audomarensis
1128 1244 1139 1260 ,
1167 1230 1247 1255 tunc
1272 1220 1368 1256 Blasii
1393 1218 1774 1261 Blazaei,authoritate=
1801 1217 2066 1256 mortificatione
2093 1215 2242 1262 denique
2257 1222 2390 1260 quaere-

345 1274 403 1310 bat
419 1271 514 1320 sequi
526 1269 695 1318 Sponsum
706 1269 906 1313 sanguinum
921 1291 934 1310 ‚
955 1268 990 1304 8(
1002 1267 1032 1307 se
1046 1268 1169 1307 Crucis
1193 1267 1227 1306 8(
1241 1267 1397 1314 passionis
1412 1268 1487 1320 ejus
1503 1266 1702 1314 participem
1723 1268 1868 1305 reddere
1887 1280 1899 1310 3
1923 1265 2006 1304 hinc
2027 1265 2088 1303 sub
2106 1263 2197 1302 veste
2217 1258 2389 1299 vanitatis

348 1321 443 1367 gessit
457 1321 606 1358 cilicium
628 1343 640 1362 ‚
665 1329 788 1364 corpus
802 1317 934 1354 domuit
950 1316 1155 1365 quotidianis
1175 1317 1312 1361 flagris:
1335 1316 1500 1364 jejunium
1520 1315 1585 1352 suit
1609 1317 1641 1352 ei
1668 1317 1786 1358 cibus,
1811 1316 1871 1360 ἃ,
1895 1313 2119 1364 quantumvis
2146 1311 2284 1349 delicati
2305 1319 2387 1347 cor-

355 1370 448 1415 poris
462 1368 663 1415 complexio
673 1366 862 1412 aliquando
883 1367 1097 1402 moderamen
1110 1365 1234 1413 rigoris
1248 1365 1400 1401 suaderet
1414 1389 1424 1405 ‚
1450 1365 1575 1401 fortior
1601 1375 1709 1403 tamen
1731 1365 1866 1412 spiritus
1890 1365 1979 1401 hunc
2003 1360 2193 1400 continuari
2214 1358 2384 1407 impulit,

349 1418 423 1454 imo
446 1416 596 1453 absentia
617 1414 735 1451 Mariti
758 1414 969 1458 duplicavit.
995 1413 1178 1450 Convivas
1200 1413 1222 1448 li
1240 1414 1292 1451 hic
1307 1414 1349 1453 ad
1368 1414 1456 1455 aedes
1474 1413 1602 1457 duxit,
1627 1415 1776 1462 benigno
1799 1413 1862 1450 hos
1884 1412 2031 1462 respexit
2054 1413 2184 1453 oculo,
2208 1408 2243 1445 &
2269 1405 2389 1444 mensa

351 1467 489 1503 asiidens
503 1465 586 1500 ficto
601 1463 756 1511 appetitu
765 1462 885 1510 jejunii
897 1473 1021 1499 morem
1031 1462 1183 1501 occuluit
1198 1487 1208 1497 .
2083 1503 2085 1505 μ

443 1514 578 1551 Duriits
594 1514 674 1548 dum
686 1511 719 1547 8(
735 1511 878 1547 Maritus
888 1511 935 1546 ob
947 1511 1128 1547 colet-icam
1142 1522 1318 1553 naturam,
1330 1511 1365 1548 8(
1375 1510 1519 1549 sinistros
1535 1511 1629 1550 casus
1655 1511 1748 1548 illam
1760 1510 1911 1558 respexit
1922 1533 1936 1554 ‚
1954 1509 2110 1547 modesto
2125 1506 2256 1544 silentio
2271 1504 2392 1543 exces-

344 1563 416 1600 sum
435 1562 507 1599 zeli
521 1560 697 1601 confudit,
719 1559 911 1608 jugumque
926 1560 1138 1595 Matrimonii
1149 1572 1188 1596 ea
1200 1561 1364 1607 patientia
1377 1560 1530 1607 portavit
1545 1584 1558 1604 ,
1582 1560 1667 1607 quin
1683 1561 1775 1607 apud
1791 1560 1915 1597 amicas
1943 1560 1999 1595 vel
2023 1557 2129 1594 verbo
2147 1557 2289 1603 desuper
2303 1566 2391 1600 que-

347 1621 504 1648 reretur:
529 1611 657 1645 clarum
679 1608 818 1654 desuper
842 1609 1072 1644 testimonium
1095 1609 1233 1656 reliquit
1259 1610 1304 1645 R.
1320 1609 1580 1648 P-Theodorus
1596 1609 1727 1648 Rosuor
1741 1609 1923 1647 Societatis
1937 1606 2015 1691 {esu
2043 1606 2078 1642 in
2104 1605 2292 1644 litterarum
2319 1601 2395 1648 posi:

347 1667 497 1694 mortem
516 1655 709 1698 Franciscae‚
733 1656 775 1691 ad
789 1655 860 1704 ejus
873 1655 994 1692 Filiam
1008 1666 1091 1693 natu
1108 1657 1284 1706 majorem,
1299 1659 1463 1694 Sororem
1480 1660 1653 1704 Agnetem
1666 1659 1820 1694 datarum
1835 1657 1943 1693 articu
1960 1668 1983 1691 o
2000 1654 2152 1702 sequenti
2176 1666 2186 1690 z
2213 1649 2397 1703 Quantum

347 1705 395 1741 ad
406 1703 548 1752 vestram
560 1705 642 1738 bina
661 1704 738 1741 vice
753 1704 919 1748 Matrem,
932 1704 1090 1742 Sororem
1106 1703 1231 1742 Franci
1228 1705 1320 1754 scam
1332 1730 1346 1749 ‚
1356 1714 1418 1753 per
1428 1705 1546 1754 plures
1560 1718 1665 1742 annot
1678 1706 1825 1742 animam
1838 1704 1933 1742 illius
1947 1704 2061 1742 direxi
2072 1727 2087 1747 ,
2110 1703 2303 1750 agnovique
2323 1700 2397 1736 in.)

349 1764 390 1790 ea
403 1751 554 1800 solidam
563 1753 732 1788 virtatem
744 1754 912 1788 orationis
926 1753 969 1792 ὼ·
982 1752 1256 1798 mortificationis
1269 1765 1307 1790 ea
1319 1764 1394 1788 eum
1405 1754 1579 1800 patientia
1591 1776 1606 1796 ,
1630 1765 1731 1801 quam
1735 1753 1826 1801 satit
1857 1753 1981 1789 mirari
1993 1764 2060 1788 non
2070 1752 2168 1799 potui
2182 1763 2194 1786 t
2226 1758 2298 1786 tota
2331 1747 2396 1785 Ci-

347 1801 442 1836 vitas
476 1798 730 1847 Burburgensis
749 1799 792 1839 ὰ
815 1810 874 1846 ego
907 1800 1103 1835 tenebamur
1131 1798 1226 1834 illam
1239 1798 1398 1835 Saniiam
1415 1825 1427 1845 ,
1451 1799 1608 1837 videnter
1634 1809 1704 1836 tam
1729 1801 1905 1847 patienter
1931 1808 2005 1836 tunt
2027 1798 2175 1845 taediosor
2203 1793 2392 1844 aliquando

350 1846 514 1891 Mariti
540 1847 694 1884 humores
709 1870 720 1889 ,
746 1855 818 1882 tum
843 1857 946 1882 onera
969 1847 1193 1883 Matrimonia
1221 1857 1372 1882 connexa
1397 1848 1441 1883 ab
1466 1846 1738 1895 easupportariz
1762 1854 1863 1896 opera
1877 1846 2069 1885 devotionis
2099 1846 2141 1888 ὁ·
2157 1842 2393 1892 mortificatio-

344 1899 399 1934 nir
422 1897 578 1946 faciebat
601 1906 776 1943 nunquam
796 1919 809 1938 ,
835 1895 920 1943 quin
940 1894 1070 1942 previa
1092 1894 1177 1931 mihi
1198 1906 1240 1931 ea
1262 1898 1524 1933 communicaret
1545 1907 1558 1935 ς
1575 1894 1702 1948 saepiut
1733 1906 1890 1945 quoque,
1915 1907 1961 1932 an
1987 1893 2069 1933 vere
2098 1891 2175 1945 effer
2192 1893 2361 1944 resignata
2383 1897 2400 1935 ‚⁴

350 1957 414 1983 aut
432 1947 550 1982 virtus
578 1945 650 1991 eius
668 1942 780 1992 solida
809 1967 821 1987 ‚
846 1943 889 1985 ὼ·
914 1955 982 1980 nen
1009 1943 1107 1980 aliud
1125 1942 1239 1992 pluris
1264 1941 1366 1992 quim
1392 1944 1617 1982 obedientiam
1640 1943 1817 1995 estimaret
1844 1970 1856 1987 ‚
1878 1944 2027 1993 probavi
2047 1967 2061 1989 ,
2084 1942 2129 1986 ὁ·
2167 1954 2218 1980 ent
2240 1952 2278 1979 er
2303 1941 2399 1978 illam

347 1995 490 2043 eousque
516 1995 725 2032 obedientem
750 1993 890 2040 reperi,
917 2002 957 2030 ut
970 1992 1049 2041 plur
1071 1994 1115 2029 ab
1139 2005 1179 2030 ea
1203 1992 1389 2043 desiderare
1414 2004 1481 2029 non
1499 1993 1691 2041 potuerim»
1718 1993 1937 2032 Gubernium
1959 1993 2102 2028 ‘Damas
2222 1989 2404 2033 inurunt-r,

348 2043 548 2082 examinavi
566 2066 578 2085 ,
600 2042 642 2083 ὼ·
666 2043 708 2078 ab
729 2041 796 2087 ipso
820 2041 978 2077 ‘Domino
1006 2042 1112 2078 Patre
1139 2039 1246 2087 vestro
1270 2040 1463 2086 indagavi,
1489 2051 1536 2075 an
1560 2041 1599 2074 in
1622 2038 1741 2086 aliqua
1763 2050 1801 2076 re
1814 2062 1827 2082 ‚
1850 2040 2012 2087 adquam
2027 2038 2116 2076 alm:
2137 2040 2244 2087 proba
2261 2037 2403 2077 Maura

343 2092 500 2142 familias
529 2100 668 2126 tenetur
681 2114 692 2129 ,
718 2087 874 2134 deficeret
887 2112 898 2127 ‚
923 2089 967 2127 ὠ·
980 2088 1112 2134 semper
1127 2085 1324 2122 nullatenus
1335 2085 1509 2168 respondit
1527 2097 1537 2121 ε
1561 2085 1678 2122 cilicia
1691 2107 1705 2129 ,
1729 2083 1914 2133 dise-iplinae
1924 2109 1938 2130 ,
1952 2086 1996 2127 ά·
2003 2086 2140 2136 jejunia
2146 2085 2298 2134 fuerunt
2319 2095 2397 2121 con-

351 2142 454 2178 tinua
468 2162 479 2178 ,
507 2149 567 2172 nec
597 2136 638 2171 de
662 2136 806 2170 aliorum
845 2133 1047 2180 loquebatur
1073 2132 1258 2180 defefiibus
1275 2157 1286 2175 ,
1309 2132 1353 2173 ὠ·
1393 2142 1552 2182 oquenter
1568 2133 1714 2171 audiens
1728 2158 1741 2178 ,
1768 2133 1827 2170 vel
1836 2133 2014 2183 excusavit
2033 2157 2046 2178 ‚
2073 2132 2131 2170 vel
2142 2135 2180 2171 di
2195 2134 2329 2184 cursum
2341 2133 2404 2168 in-

354 2187 510 2234 terrupit
524 2208 536 2228 ‚
559 2192 622 2219 aut
633 2182 733 2219 talem
739 2182 804 2230 sibi
817 2180 996 2230 displicere
1011 2180 1232 2232 monstravit.
1266 2178 1370 2216 Alias
1388 2181 1691 2228 particularitates
1720 2181 1864 2231 elapsum
1889 2194 1947 2231 35.
1967 2194 2134 2220 annorum
2165 2185 2304 2238 parium
2322 2207 2333 2224 ,
2354 2181 2399 2223 ὁ·

356 2235 515 2275 memoria
524 2233 616 2281 senis
635 2243 689 2275 72.
706 2241 873 2268 annorum
888 2229 1013 2267 addere
1026 2229 1277 2278 nonfinunt,&
1289 2228 1490 2277 compellunt
1502 2229 1596 2278 hasce
1598 2229 1708 2278 finire
1720 2231 1923 2276 &c-Firmat
1935 2231 2019 2268 hanc
2031 2231 2212 2268 Franciscae
2227 2243 2308 2276 erga
2322 2230 2403 2267 Ma-

354 2286 460 2323 ritum
483 2281 730 2318 submisiionem
751 2277 845 2315 aetus
877 2279 1034 2325 publicus
1053 2279 1211 2325 praesente
1231 2278 1382 2315 Notario
1397 2277 1529 2320 faetus,
1550 2290 1621 2326 quo
1641 2279 1750 2315 Soror
1769 2279 1943 2316 francisca
1956 2282 1975 2314 it
1991 2280 2029 2316 S.
2045 2279 2178 2316 Alexio
2196 2302 2211 2322 ‚
2236 2278 2403 2316 Monialis

361 2331 565 2370 Monasterii
582 2332 618 2365 S.
636 2328 826 2364 Audomari
842 2353 853 2371 ‚
879 2340 953 2374 quae
965 2338 1021 2372 per
1041 2327 1193 2372 quinque
1205 2337 1310 2362 annos
1325 2326 1421 2361 illius
1431 2326 1674 2362 cubiculariam
1685 2327 1776 2372 egit,
1801 2328 1871 2364 haec
1887 2327 1976 2363 inter
1989 2327 2052 2363 alIa
2065 2327 2225 2375 deposuit
2239 2340 2250 2363 ς
2277 2327 2348 2377 ipsa
2360 2327 2402 2363 in

356 2382 508 2418 omnibus
530 2403 542 2419 2
567 2377 610 2418 (θ’
621 2385 681 2422 per
695 2377 806 2411 omnia
818 2385 1005 2423 promptam
1013 2374 1053 2421 se
1066 2374 1222 2410 exhibuit
1237 2373 1284 2408 ad
1291 2370 1380 2423 juffa
1393 2371 1556 2413 diderit?
1568 2375 1761 2413 executioni
1784 2374 1899 2411 danda
1913 2399 1926 2419 ,
1949 2375 2000 2412 ita
2022 2400 2033 2417 ,
2059 2385 2100 2413 ut
2129 2386 2304 2425 nunquam
2330 2385 2407 2412 con-

356 2428 544 2468 tradiceret
560 2450 573 2468 ,
597 2425 778 2472 &semper
791 2425 831 2459 eci
844 2424 996 2459 obediret
1014 2421 1138 2460 latitia
1148 2447 1162 2466 ,
1188 2421 1261 2470 aest
1270 2432 1337 2458 vox
1349 2421 1422 2470 ejus
1439 2447 1451 2464 ,
1475 2433 1542 2459 vox
1553 2420 1631 2472 effer
1641 2423 1724 2460 ‘Dei
1734 2445 1746 2455 -
1772 2423 1879 2460 ‘Dum
1893 2423 2021 2461 accidit
2034 2447 2048 2469 ,
2064 2423 2218 2474 vestitam
2231 2423 2326 2461 illam
2337 2431 2407 2459 non

347 2473 449 2528 fuiffe
467 2475 560 2511 modo
576 2498 589 2517 ,
614 2484 712 2520 quem
723 2471 835 2508 voluit
853 2472 1033 2514 Maritus,
1058 2471 1104 2506 ad
1122 2472 1270 2518 primum
1285 2471 1428 2507 verbum
1442 2470 1679 2520 sespoliavit,
1705 2472 1749 2518 ὼ·
1771 2471 1875 2514 aliis,
1901 2473 2025 2523 quibus
2051 2472 2200 2523 placeret
2221 2497 2235 2520 ‚
2259 2471 2406 2524 vestibus

347 2527 388 2577 se
402 2525 522 2562 induit
537 2548 547 2563 ‚
568 2522 711 2571 fuitque
726 2520 919 2569 hocfafiium
935 2521 974 2556 eti
985 2518 1130 2556 lenitate
1144 2520 1186 2561 ὠ·
1195 2518 1392 2556 humititate
1408 2545 1418 2560 ,
1445 2531 1517 2568 quae
1529 2532 1579 2556 me
1589 2521 1627 2556 r'n
1641 2520 1904 2558 admirationem
1918 2523 2038 2568 rapuit
2049 2549 2059 2558 .

463 2576 498 2610 ln
513 2572 717 2608 educatione
736 2570 769 2605 8(
791 2580 871 2606 cura
895 2570 1057 2606 Filiarum
1088 2569 1150 2614 piae
1174 2569 1355 2614 prudentiae
1371 2569 1523 2604 ad'mbuit
1541 2570 1675 2616 regulas
1693 2585 1700 2604 :
1726 2569 1788 2606 vix
1800 2582 1855 2607 eas
1869 2569 1926 2606 sibi
1941 2571 1975 2606 8(
1994 2571 2127 2608 mundo
2146 2571 2279 2620 peperit
2291 2594 2305 2615 ,
2334 2580 2409 2606 coe-
2431 2614 2433 2616 ι

354 2626 391 2661 lo
406 2620 579 2661 restituit,
604 2619 638 2654 &
655 2618 720 2654 Dei
733 2618 950 2658 consecravit
963 2618 1075 2654 cultui
1099 2629 1109 2653 t
1135 2628 1231 2653 atate
1247 2617 1468 2663 proficientes
1490 2618 1532 2654 ad
1551 2621 1682 2655 celebre
1701 2619 1737 2656 Β.
1751 2618 1795 2655 V.
1814 2619 1930 2657 Mariae
1953 2620 1996 2656 de
2022 2619 2213 2658 Boulizelle
2238 2617 2404 2657 sanctua-

353 2673 440 2709 tium
457 2696 469 2714 ,
495 2672 531 2706 S.
553 2668 744 2704 Audomari
762 2667 911 2704 Civitati
926 2666 1078 2704 vicinum
1091 2667 1281 2707 conduxit,
1306 2665 1425 2716 ibique
1438 2667 1605 2704 clientela
1628 2667 1745 2705 Μαι-ἔκ
1759 2667 1946 2705 commisit:
1971 2668 2207 2708 innocentiam
2231 2669 2266 2704 in
2292 2668 2335 2703 iis
2365 2673 2407 2701 ut

356 2723 526 2762 servaret,
557 2718 712 2752 timorem
733 2716 878 2752 Domini
895 2715 1069 2751 instillavit
1083 2727 1095 2755 ς
1130 2715 1165 2751 8(
1189 2717 1209 2754 a
1232 2719 1408 2761 juventute
1435 2717 1598 2752 curvavit
1613 2717 1766 2755 cervices
1779 2728 1921 2761 earum,
1946 2728 1989 2754 ne
2002 2717 2045 2754 ad
2060 2716 2405 2757 maluminclinaren-

356 2780 408 2807 tur
423 2793 436 2812 ,
463 2769 520 2803 vel
535 2765 798 2801 indurarentur:
822 2765 913 2802 Usus
934 2766 1230 2801 Sacramentorum
1254 2789 1266 2807 ‚
1295 2763 1517 2804 Ecclesiarum
1543 2765 1716 2808 accessus,
1740 2766 1774 2802 8(
1793 2766 1857 2801 alia
1873 2777 2018 2815 quaeque
2043 2766 2244 2804 Christianae
2271 2767 2408 2814 pietatis

356 2816 522 2857 exercitia
535 2815 676 2850 fuerunt
702 2823 775 2848 tum
797 2823 950 2849 maternae
972 2813 1163 2860 vigilantiae
1187 2814 1364 2856 stimulus,
1392 2824 1463 2849 tum
1482 2816 1580 2851 bonae
1604 2814 1766 2850 Filiarum
1791 2814 1919 2852 indolis
1942 2816 2231 2866 voluptas.Qae
2245 2826 2306 2857 ,ut
2325 2816 2412 2854 Filia

358 2878 443 2905 natu
468 2865 576 2913 major
593 2862 760 2902 liberios,
783 2862 817 2898 8(
844 2862 1057 2909 frequentius
1088 2873 1232 2906 ageret,
1253 2861 1376 2897 exasto
1411 2873 1461 2908 ¹3·
1489 2865 1598 2900 aetatis
1620 2875 1741 2906 anno,
1767 2862 1872 2902 vitam
1901 2863 2122 2900 monasticam
2145 2864 2180 2900 in
2201 2865 2415 2903 monasterio

368 2913 513 2952 Ordinis
525 2909 759 2954 summias,
773 2911 807 2948 8(
824 2911 989 2947 Civitatis
1006 2911 1191 2948 Duacenfis
1205 2908 1364 2957 amplesti
1381 2912 1503 2948 statuit.
1519 2913 1674 2950 Parentes
1685 2912 1824 2960 quidem
1846 2923 1973 2948 morem
1989 2911 2167 2957 gesierunt,
2183 2926 2257 2950 eam
2277 2915 2413 2951 Pensio-

363 2965 493 3000 nariam
521 2961 625 3006 usque
639 2959 682 2995 ad
693 2971 823 2997 aetatem
846 2971 1033 3005 congruam
1053 2960 1088 2994 in
1101 2959 1167 2995 illo
1192 2959 1420 3002 collocando,
1435 2962 1534 2997 aliter
1556 2972 1671 2997 autem
1691 2961 1856 3008 disposuit
1882 2962 1999 3002 Deus,
2014 2962 2097 2998 dum
2110 2962 2271 3008 graviore
2290 2965 2416 3002 morbo

361 3013 458 3048 illam
475 3010 623 3054 afflixit,
647 3009 681 3044 &
707 3011 864 3047 reducem
881 3009 915 3044 in
930 3009 1057 3046 aedibus
1074 3009 1222 3052 paternis
1245 3008 1286 3043 ad
1305 3009 1367 3043 suae
1390 3009 1621 3046 Providentiae
1642 3009 1742 3045 finem
1761 3009 1916 3046 asservari
1933 3010 2047 3046 voluit
2065 3038 2073 3047 .

474 3062 585 3096 Amor
599 3083 614 3102 ,
639 3058 745 3106 quiin
760 3058 937 3096 francisca
961 3056 1062 3094 silias
1077 3067 1136 3102 pet
1150 3055 1223 3092 vias
1243 3056 1353 3093 rectas
1366 3057 1532 3101 deduxit,
1547 3058 1611 3096 fuit
1632 3058 1666 3094 8(
1689 3058 1750 3094 ille
1770 3058 1837 3101 ips'e
1853 3082 1866 3102 ‚
1883 3060 1941 3105 qui
1968 3059 2003 3095 8(
2021 3059 2291 3098 Domesticorum
2305 3065 2416 3100 mores

371 3109 550 3153 regulavit
570 3118 581 3140 ε
605 3107 742 3143 Vitium
762 3108 850 3143 inter
866 3107 929 3144 hos
947 3106 1080 3148 noluit,
1095 3104 1130 3140 8(
1142 3127 1155 3148 ,
1180 3116 1269 3150 quos
1293 3104 1438 3144 infestos
1452 3107 1551 3143 novit
1569 3133 1580 3149 ,
1607 3108 1784 3153 extemplo
1799 3108 1841 3145 de
1860 3109 1978 3143 Domo
1989 3106 2113 3143 dimisit
2126 3131 2139 3152 ,
2162 3120 2205 3144 ne
2221 3111 2342 3145 horum
2366 3112 2414 3146 1ιὲ

368 3159 411 3193 be
436 3158 470 3193 8(
490 3155 624 3192 macula
651 3157 796 3192 aliorum
823 3155 1022 3193 inficeretur
1049 3153 1255 3189 innocentia.
1286 3155 1442 3190 Discreto
1459 3156 1576 3191 labore
1591 3156 1672 3192 illos
1690 3156 1783 3201 aeque
1805 3157 1986 3199 exercuit,
2011 3169 2051 3193 ac
2064 3157 2171 3194 verbo
2196 3157 2230 3197 &
2247 3159 2413 3205 exemplo

368 3207 405 3242 in
420 3204 550 3240 virtute
566 3204 715 3239 erudivit
729 3230 739 3240 .
755 3207 844 3241 Tam
857 3207 943 3242 altas
956 3205 1024 3242 haec
1034 3204 1068 3239 in
1084 3203 1343 3251 tribusAncillis
1354 3201 1437 3250 jecit
1454 3203 1635 3251 radicemur
1647 3215 1721 3239 eam
1741 3215 1804 3239 una
1819 3204 1909 3239 inter
1922 3205 2066 3240 Sorores
2081 3204 2315 3243 franciscanas
2329 3208 2415 3244 Bur-

366 3254 472 3298 burgi
491 3277 504 3296 ,
532 3253 633 3288 altera
658 3251 693 3287 ln
713 3253 921 3291 Monasterio
939 3255 977 3290 S.
992 3253 1182 3290 Catharinae
1195 3250 1354 3288 Civitatis
1364 3252 1404 3287 S.
1422 3251 1612 3287 Audomari
1625 3276 1636 3295 ,
1663 3253 1695 3287 8r
1712 3252 1808 3290 tertia
1821 3251 1909 3288 inter
1934 3251 2104 3287 Moniales
2118 3251 2318 3298 Brugenses
2343 3258 2413 3294 Or.

365 3303 455 3341 dinis
479 3303 517 3338 S.
537 3299 710 3337 Dominici
736 3300 824 3337 arete
849 3303 1051 3339 custoditam
1066 3301 1107 3338 ad
1123 3302 1245 3338 uberes
1264 3299 1401 3348 pietatis
1418 3298 1547 3339 fruetus
1562 3300 1759 3335 maturarint
1772 3322 1785 3334 .

460 3353 516 3386 De
533 3347 727 3385 domesticis
740 3351 992 3395 laribus,virtus
1006 3351 1187 3390 Franciscae
1198 3349 1388 3397 penetravit
1401 3348 1436 3384 in
1450 3348 1676 3395 publicum&
1691 3347 1844 3394 procesiit
1859 3346 1942 3384 sicut
1956 3347 2114 3386 Solmam
2129 3347 2211 3386 sicut
2226 3350 2279 3389 hic
2295 3354 2415 3391 Plane-

374 3413 486 3439 tarum
504 3399 662 3445 Princeps
678 3398 763 3435 lucis
776 3399 947 3447 majestate
961 3412 1078 3438 omnes
1099 3400 1211 3445 replet
1222 3424 1231 3439 ,
1245 3398 1279 3435 8(
1292 3397 1491 3434 beneficium
1506 3397 1571 3432 suec
1587 3407 1711 3434 naturae
1725 3398 1758 3434 in
1770 3396 1943 3442 quoslibet
1955 3395 2121 3442 dispergit
2136 3401 2282 3443 angulos
2293 3427 2304 3445 ‚
2320 3403 2365 3439 ita
2379 3404 2414 3440 ἃ

376 3453 489 3488 vinus
504 3447 685 3484 Franciscae
697 3460 764 3484 non
782 3448 894 3486 solitm
909 3450 1098 3486 Civitatem
1118 3447 1386 3492 Burburgensem
1404 3446 1489 3483 lucis
1503 3445 1566 3482 suae
1584 3445 1733 3481 candore
1747 3444 1938 3486 recreavit,
1970 3444 2024 3480 sed
2038 3446 2140 3481 etia'm
2153 3448 2187 3483 in
2211 3460 2319 3487 tetam
2332 3454 2417 3490 vici·

373 3502 463 3537 niam
487 3500 550 3535 suae
570 3498 708 3542 pietatis
723 3497 933 3545 splendorem
952 3498 1129 3537 extendit.
1155 3498 1264 3535 Suavi
1277 3507 1417 3546 quoque
1434 3493 1596 3534 violentia
1612 3493 1654 3529 ad
1675 3493 1706 3530 se
1719 3504 1837 3529 omnes
1853 3492 2017 3537 attraxit,
2043 3495 2134 3531 acin
2151 3496 2200 3533 sui
2224 3503 2415 3540 veneratio-

368 3563 413 3586 ne
440 3546 612 3595 suspendit
627 3572 640 3588 ,
665 3559 742 3584 cum
756 3550 863 3586 comis
878 3549 955 3586 effer
973 3559 1052 3593 erga
1070 3559 1210 3590 omnes,
1235 3546 1373 3582 humilis
1399 3544 1528 3591 ubique
1542 3567 1556 3587 ‚
1581 3542 1764 3580 verborum
1787 3542 1914 3588 semper
1942 3553 2041 3589 parca
2060 3566 2073 3587 ‚
2095 3544 2129 3580 &
2150 3545 2185 3582 in
2216 3548 2258 3584 iis
2279 3550 2327 3588 ita
2352 3551 2416 3588 cir-

371 3596 567 3646 cumspefiia
580 3621 594 3641 ‚
610 3606 647 3632 ut
668 3598 784 3642 lingua
801 3600 941 3634 auderet
962 3599 1048 3636 nihil
1070 3623 1080 3638 ‚
1093 3597 1187 3646 quod
1201 3606 1271 3631 non
1289 3594 1429 3633 limfisi‘et
1451 3592 1630 3630 meditatio
1642 3616 1650 3626 .
1680 3591 1779 3627 Nihil
1801 3602 1948 3637 unquam
1973 3592 2063 3639 egit,
2082 3595 2179 3640 quod
2195 3608 2266 3634 non
2282 3600 2418 3645 probas.

368 3650 418 3684 set
436 3650 523 3684 ratio
542 3668 554 3687 ‚
581 3647 664 3682 nihil
684 3646 781 3683 suasit
798 3671 810 3692 ‚
836 3650 929 3693 quod
945 3662 1012 3686 non
1028 3647 1105 3684 esset
1120 3646 1293 3683 conditum
1310 3643 1449 3690 spiritu,
1462 3643 1572 3684 adeo,
1587 3651 1624 3676 ut
1648 3640 1707 3689 qui
1724 3639 1930 3676 franciscam
1957 3640 2109 3686 videret,
2127 3653 2186 3680 aut
2206 3645 2344 3687 sentiret
2359 3653 2415 3694 ‚in

373 3710 414 3733 ea
430 3709 510 3734 rarae
529 3696 671 3733 virtutis
683 3697 800 3733 idaeam
813 3699 1003 3734 miraretur.
1019 3698 1118 3733 Hanc
1136 3706 1172 3731 ut
1185 3694 1297 3731 sensim·
1309 3695 1351 3730 ad
1366 3691 1492 3730 chith
1511 3691 1811 3734 deduceret‚Deus
1825 3689 1855 3725 ei
1872 3691 2023 3726 nostrum
2043 3691 2336 3738 Fr.Augusiinum
2351 3696 2415 3739 Be.

374 3745 576 3782 thunensem
604 3746 857 3784 Provincialem
876 3771 887 3789 ‚
906 3753 1009 3793 quem
1032 3748 1080 3783 ob
1094 3756 1200 3781 raram
1225 3743 1411 3784 virtutem,
1435 3739 1665 3787 &spiritualis
1691 3738 1769 3774 vitae
1783 3739 1952 3776 scientiam
1968 3739 2100 3779 Fratres
2123 3745 2294 3789 gaudium
2307 3746 2412 3795 suum

373 3803 573 3840 nuncupare
586 3794 738 3832 solebant
756 3818 770 3840 ,
785 3798 917 3836 Ducem
931 3795 1110 3836 destinavit
1123 3819 1131 3830 .
1146 3793 1245 3832 Fama
1259 3791 1358 3843 hujus
1379 3790 1454 3827 Viri
1471 3789 1585 3829 excita
1603 3788 1760 3827 socialem
1775 3799 1851 3827 cum
1870 3799 1914 3826 co
1927 3789 2082 3840 quaesivit
2099 3792 2302 3847 amicitiam,
2317 3807 2395 3835 eum
2405 3820 2413 3842 Ι.

2301 3855 2367 3890 que
