2638 4088
1038 170 1615 291 Appendtxr.
2136 209 2293 297 3813

350 311 436 354 sunt
453 308 771 355 Mendicantium
788 340 805 362 ,
824 313 926 355 &ex
943 311 1125 364 his,o&o
1141 316 1329 356 fratrum
1391 317 1475 357 duo
1492 314 1577 354 sunt
1607 309 1860 367 antiquiisrini
1875 338 1889 363 ,
1916 312 1953 353 in
1987 315 2066 369 ipsa
2084 321 2263 366 Civitate
2288 325 2361 366 has

339 369 549 414 Minorum
565 365 696 414 'Sancti
712 370 911 414 Francisci
939 371 991 416 de
1011 373 1329 422 Observantur-2,
1391 373 1593 422 bentibus,
1607 373 1857 413 extorserant
1873 369 2103 416 consensum
2115 382 2137 421 a
2154 381 2362 423 ven-Fra-

343 429 421 470 alia
433 429 1057 485 dqu'onachorum,&reliqua
1075 432 1329 479 Monialium,
1391 442 1457 474 tre
1496 431 1696 487 Episcopo
1731 430 1989 486 Majoricenst
2015 458 2029 479 ,
2076 436 2115 474 δι
2150 437 2359 480 Γυεςεῐῐὶνίς

338 485 510 532 fuerant
522 488 680 544 semper
695 489 826 544 rejee'ti
857 503 869 532 :
894 490 1205 533 &nihilominus
1231 503 1324 532 cum

341 546 501 590 defa&o
531 549 679 591 ibidem
694 548 906 602 hospitium
920 548 1160 604 aperui-ssent
1174 577 1188 599 ,
1219 550 1324 589 dieta

342 609 626 662 Congregatio
657 607 705 649 ad
724 606 1067 662 supplicationem
1096 607 1324 649 eorundem

340 667 534 708 Fratrum
558 667 763 709 M-inorum
788 668 922 708 saneti
947 666 1144 709 Francisci
1171 666 1222 707 de
1237 666 1327 706 Ob-

339 719 541 767 servantia
561 725 627 768 die
658 726 911 780 28·Januarii
945 726 1066 774 1650.
1094 723 1324 779 injunxerat

339 793 440 826 tunc
456 784 642 827 existenti
658 785 880 826 Ordinario
894 784 1144 842 Majoricensi
1159 812 1173 835 ,
1202 793 1245 826 ut
1260 793 1324 825 at-

339 851 453 885 tenta
465 843 638 886 contrad
646 844 786 885 iCtione
797 843 994 886 dictorum
1007 843 1326 886 Mendicantium

337 901 440 945 nihil
455 904 690 952 innovaret,
707 914 782 943 nec
794 903 1078 956 permitteret,
1107 913 1151 945 ut
1166 904 1326 944 Fratres

343 962 543 1015 Capucini
568 959 798 1016 Hospitium
813 987 827 1010 ,
857 974 929 1004 nec
950 961 1068 1002 aliam
1084 962 1261 1004 Domum
1286 962 1324 1002 in

338 1018 446 1062 dicta
470 1019 652 1062 Civitate
680 1017 918 1073 aperirent,
943 1032 1023 1062 nec
1049 1020 1275 1062 retinerent
1310 1048 1323 1059 .

343 1077 497 1121 Verum
527 1075 642 1121 diftis
665 1077 874 1120 Fratribus
903 1078 1122 1135 Capucinis
1155 1077 1324 1121 obedire

332 1132 612 1179 recusantibus
628 1166 644 1188 ‚
675 1149 774 1192 opus
791 1133 950 1185 fuerat,
978 1147 1023 1178 ut
1052 1135 1197 1179 eadem
1211 1142 1325 1178 Con-

339 1196 526 1250 gregatio
550 1195 618 1238 die
651 1207 712 1245 15·
734 1195 842 1251 Junii
869 1194 1047 1251 ejusdem
1077 1197 1168 1238 anni
1201 1198 1321 1244 1650-

335 1254 503 1311 prae'cise
522 1256 803 1297 committeret
819 1253 1020 1310 Episcopo
1035 1279 1049 1302 ,
1078 1263 1122 1295 ut
1138 1255 1232 1296 illos
1251 1270 1318 1297 co-

331 1321 450 1368 geret
476 1312 527 1354 ad
556 1312 848 1357 discedendum
871 1314 920 1356 ab
946 1312 1082 1358 Insula
1107 1326 1119 1355 :
1145 1314 1208 1356 sed
1235 1314 1318 1356 illis

331 1370 633 1415 obstinatissime
646 1371 921 1416 recusantibus
945 1372 1143 1422 obedire,
1167 1374 1318 1429 praevio

332 1433 459 1474 etiam
472 1430 667 1487 confugio
695 1431 746 1474 ad
770 1433 980 1488 praetensas
1006 1443 1212 1487 exemptas
1241 1435 1322 1475 Do·

334 1503 423 1532 mos
438 1489 662 1545 Hospitalis
686 1491 901 1546 &joannis
929 1492 1319 1546 Hierosolymitani,

331 1549 485 1592 iterum
497 1549 576 1605 ipsa
589 1551 868 1605 Congregatio
879 1551 1144 1594 mandaverat
1161 1553 1318 1606 expres-

332 1609 376 1650 se
391 1609 524 1650 eidem
542 1609 756 1664 Episcopo,
771 1619 815 1651 ut
831 1611 1112 1652 ordinationes
1122 1611 1230 1651 circa
1245 1624 1319 1653 eo-

331 1666 519 1710 rumdem
535 1668 1026 1724 FratrumCapucinorum
1044 1668 1318 1725 expulsionem

329 1723 557 1782 hujusmodi
573 1736 986 1783 exequeretur-,prout
1007 1729 1048 1771 in
1064 1729 1191 1771 ternis
1207 1729 1319 1772 dieiae

329 1786 674 1840 Congregationis
703 1786 855 1828 litteris
882 1787 999 1840 super
1024 1786 1226 1843 praemiflis
1257 1803 1322 1830 re·

326 1844 504 1896 spemve
520 1844 717 1886 emanatis
739 1844 895 1900 plenius
912 1845 1061 1887 dicitur
1087 1847 1319 1899 contineri3

323 1903 369 1943 ἃ.
383 1901 613 1951 successive,
634 1916 782 1957 nempe
802 1902 869 1945 die
883 1905 1177 1958 7.Septembris
1200 1905 1321 1956 1657.

329 1962 477 2004 eadem
492 1961 774 2005 cardinalium
802 1964 1080 2016 Congregatio
1108 1976 1179 2018 per
1206 1963 1318 2005 suum

330 2021 555 2064 Decretum
570 2020 801 2077 injunxerat
814 2021 1034 2064 Ordinario
1048 2020 1319 2079 Majoricenfi,

329 2090 375 2121 ut
404 2093 486 2122 non
518 2081 809 2136 permitteret,
841 2080 1215 2122 contradicentibus
1230 2082 1318 2124 aliis

326 2138 658 2181 Mendicantibus
670 2166 685 2188 ‚
703 2139 850 2192 absque
866 2137 979 2178 Sedis
996 2137 1235 2191 Apostolicae
1247 2153 1320 2180 ex-

321 2193 451 2252 pressa
472 2194 698 2246 facultate,
730 2196 769 2238 in
800 2208 847 2236 ea
861 2193 1043 2237 Civitate
1058 2207 1133 2250 per
1152 2195 1318 2235 Fratres

323 2253 562 2310 Capucinos
578 2256 875 2297 Conventuum
890 2253 991 2305 erigi
1009 2279 1024 2300 ,
1051 2253 1116 2294 seu
1129 2265 1200 2305 per
1217 2253 1317 2305 eius·

323 2313 418 2354 dem
446 2311 527 2352 loci
557 2312 683 2352 Cives
704 2336 719 2359 ,
748 2308 982 2357 Ministros,
1007 2307 1076 2349 seu
1103 2310 1318 2362 quoscum-

323 2384 402 2425 que
423 2369 527 2410 alios
546 2366 664 2423 super
680 2364 880 2422 praemiffis
907 2365 1123 2421 quidquam
1149 2378 1321 2421 quomo-

327 2428 488 2471 dolibet
502 2427 731 2477 attentari,
745 2424 813 2468 sed
829 2423 980 2466 servari
996 2425 1100 2466 circa
1120 2438 1187 2476 ea,
1202 2425 1317 2480 quic-

322 2486 422 2542 quid
439 2488 478 2528 in
497 2485 585 2541 ipfis
602 2484 947 2541 congregationis
969 2481 1114 2526 litteris
1143 2484 1192 2525 ad
1220 2497 1318 2526 eun-

323 2547 420 2589 dem
449 2545 718 2588 Ordinarium
747 2544 842 2587 alias
873 2541 979 2586 datis
1001 2543 1319 2593 continebatur,

325 2603 535 2648 mandaret
575 2605 614 2645 &
640 2603 876 2658 praeciperet
908 2631 923 2654 ,
951 2603 992 2644 in
1024 2603 1319 2645 contrarium-a

321 2678 401 2707 non
423 2663 669 2705 obstantibus
701 2659 1022 2717 quibuscumque
1051 2686 1065 2709 2
1089 2661 1320 2716 dictumque

322 2725 567 2772 Decretum,
583 2723 707 2764 etiarn
729 2735 801 2776 per
815 2720 1007 2776 quasdam
1033 2719 1102 2762 sel.
1118 2734 1203 2762 rec.
1221 2720 1318 2762 Ale-

324 2780 474 2826 xandri
488 2782 604 2834 Papa:
619 2782 714 2823 vn.
733 2777 1034 2822 Praedecess'oris
1049 2778 1173 2822 nostri
1205 2777 1319 2820 litte-

325 2839 450 2884 rasin
468 2838 583 2882 fimili
601 2839 730 2882 forma
746 2839 811 2880 die
827 2836 1086 2892 28.Januarii
1110 2837 1231 2886 1658.
1246 2851 1319 2879 ex·

322 2897 485 2955 peditas
502 2896 789 2941 confirmatum
808 2895 965 2938 fuerat:
995 2897 1068 2939 His
1084 2906 1218 2939 tamen
1235 2910 1315 2939 non

321 2956 592 3007 obstantibus,
604 2956 699 2999 diui
716 2959 879 2999 Fratres
894 2956 1094 3011 Capucini
1117 2954 1184 2998 die
1197 2959 1320 3003 5.Se-

320 3016 520 3073 ptembris
543 3015 664 3066 1671.
690 3015 805 3058 nulla
821 3015 921 3056 saeta
934 3018 1145 3058 mentione
1170 3015 1314 3071 praedi-

1383 490 1490 532 clam
1507 516 1521 538 ,
1553 492 1590 531 &
1607 489 1659 530 de
1673 493 1790 532 noste
1819 493 1858 532 in
1881 491 2005 532 certis
2021 491 2204 534 domibus
2218 497 2361 550 Hospi.

1385 549 1486 590 tium
1500 561 1743 604 aperuerant
1758 559 1849 591 curn
1864 549 2058 592 oratorio
2071 579 2086 601 ,
2111 551 2149 592 &
2163 552 2360 606 Cappella

1387 607 1574 663 publica,
1600 609 1722 650 etiam
1742 622 1832 650 cum
1858 622 2051 664 campana
2066 637 2080 660 ,
2112 609 2361 651 celebrantes

1385 668 1570 721 quotidie
1588 664 1719 709 Missas
1743 667 1781 707 in
1799 682 1845 710 ea
1858 697 1872 719 ,
1896 679 2013 722 prout
2032 682 2080 709 cx
2094 667 2273 724 processu
2290 680 2363 721 pu-

1383 726 1550 767 blicoin
1567 725 1672 766 dieta
1697 727 2032 781 Congregatione
2059 728 2242 770 exhibito
2266 740 2366 767 con-

1386 785 1486 827 stare
1501 783 1713 825 dicebatur
1726 810 1739 832 ,
1755 785 1861 826 unde
1875 785 1941 826 die
1956 799 2023 835 27.
2040 788 2214 828 Ianuarii
2227 787 2364 840 proxi·

1386 843 1452 884 me
1467 842 1659 897 praeteriti
1675 843 1873 897 proposita
1887 846 1998 886 causa
2016 849 2131 900 super
2146 844 2369 899 subreptio·

1387 917 1436 945 ne
1452 902 1648 943 dietarum
1666 901 1887 943 nostrarum
1915 903 2140 946 litterarum
2155 933 2169 956 ,
2199 905 2236 946 δε
2249 915 2367 945 revo-

1386 961 1550 1003 catione
1567 970 1860 1002 attentaturum
1878 975 2014 1003 earum
2031 965 2168 1019 vigore
2182 961 2369 1005 commis·

1388 1018 1518 1060 sorum
1532 1047 1548 1068 ‚
1567 1019 1862 1073 ·Congregati0
1878 1020 2065 1073 praedifila
2087 1034 2261 1079 utraque
2276 1018 2371 1076 par-

1383 1090 1424 1120 te
1439 1075 1683 1120 informante
1699 1105 1713 1128 ,
1746 1079 2025 1136 rescrisperat,
2038 1079 2101 1123 seu
2120 1081 2368 1124 decreverat

1381 1136 1537 1180 easdem
1553 1136 1709 1179 litteras
1725 1137 1874 1182 nostras
1890 1149 2080 1196 tanquam
2101 1136 2361 1194 subreptitias

1381 1211 1460 1240 non
1476 1194 1552 1238 else
1567 1197 1827 1252 exequendas
1840 1225 1856 1251 ,
1881 1201 1921 1240 δε
1937 1198 2129 1255 quidquid
2149 1201 2289 1255 vigore
2311 1196 2366 1238 il-

1381 1257 1511 1300 larum
1541 1254 1693 1310 gestum
1720 1267 1809 1298 erat
1824 1284 1838 1307 ,
1878 1266 2068 1313 tanquam
2106 1267 2368 1302 attentatum,

1378 1314 1454 1359 effe
1471 1314 1747 1357 revocandum
1762 1343 1775 1365 ,
1803 1329 1850 1356 ac
1882 1316 2092 1358 servandas
2105 1316 2184 1358 effe
2208 1315 2368 1359 ordina.

1382 1377 1510 1417 tiones
1539 1401 1553 1424 ,
1579 1375 1618 1416 δι
1643 1372 1812 1416 decreta
1838 1374 1939 1416 alias
1968 1375 2063 1416 data
2092 1377 2132 1415 δι
2158 1374 2290 1416 fasta:
2318 1376 2371 1415 Et

1379 1436 1420 1477 in
1437 1433 1581 1477 eadem
1596 1432 1846 1489 expolitione
1861 1432 2069 1488 subjuncto
2082 1461 2096 1483 ,
2117 1433 2226 1488 quod
2240 1460 2254 1482 ,
2279 1445 2372 1473 cum

1380 1493 1529 1537 eisdem
1546 1491 1755 1534 Fratribus
1771 1491 1991 1548 Capucinis
2005 1502 2148 1534 contra
2166 1490 2371 1545 hujusmo-

1380 1554 1420 1595 di
1444 1556 1666 1596 Decretum
1679 1563 1781 1593 nova
1795 1551 1999 1594 audientia
2013 1546 2196 1593 concessa
2210 1548 2340 1593 fuisset
2353 1574 2368 1597 ,

1380 1611 1824 1670 praedidtiExponentes
1846 1624 1894 1653 ex
1909 1609 2047 1652 iisdem
2064 1609 2288 1652 rationibus
2306 1607 2369 1649 su·

1383 1685 1454 1728 pra
1471 1670 1637 1719 relatis,
1667 1671 1708 1711 &
1723 1669 1810 1712 aliis
1825 1669 2012 1711 deducus
2028 1670 2068 1710 in
2083 1667 2288 1723 scripturis
2304 1681 2372 1708 an·

1384 1742 1450 1774 tea
1465 1728 1671 1781 exhibitis,
1686 1729 1900 1785 cupiebant
1927 1726 2157 1771 confirmari
2181 1720 2371 1770 diuum
2395 1735 2399 1738 ’

1386 1792 1642 1839 Decretum,
1673 1801 1763 1829 cum
1795 1787 2050 1844 impofitione
2076 1786 2198 1829 etiam
2223 1798 2372 1841 perpe·

1389 1849 1445 1890 tui
1464 1847 1637 1896 silentii,
1668 1847 1705 1887 &
1723 1857 1949 1901 praecepto,
1972 1846 2037 1888 seu
2053 1842 2234 1901 specifica
2259 1858 2373 1886 com-

1389 1907 1565 1950 missione
1588 1906 1723 1947 eidem
1748 1905 1974 1948 Ordinatio
2002 1902 2253 1962 Majoricenfi
2278 1932 2293 1953 ‚
2330 1910 2372 1944 ut

1384 1981 1456 2021 per
1470 1963 1656 2008 censuras
1667 1992 1680 2012 ,
1696 1964 1852 2019 aliaque
1865 1963 2044 2007 remedia
2060 1962 2271 2006 uccellaria
2285 1976 2371 2002 om-

1382 2026 1479 2067 nino
1507 2023 1778 2078 compelleret
1800 2023 1927 2066 dictos
1945 2025 2104 2066 Fratres
2136 2020 2369 2076 Capucinos

1381 2084 1626 2127 discederea
1638 2079 1823 2138 praedieta
1840 2082 1973 2130 Insula
1989 2079 2371 2137 Majorieenfi,juxta

1382 2144 1496 2194 supra
1513 2143 1661 2184 relatas
1676 2142 1957 2184 ordinationes
1980 2170 1995 2193 ,
2023 2140 2225 2184 emanavit
2241 2139 2291 2182 ab
2306 2152 2370 2180 ea·-

1382 2198 1476 2238 dem
1489 2201 1819 2252 Congregatione
1842 2214 1994 2242 novum
2011 2204 2233 2242 Decretum
2251 2207 2371 2239 teno-

1382 2256 1437 2297 ris
1460 2257 1527 2310 qui
1544 2255 1756 2311 sequitur,
1790 2255 1987 2297 videlicet
2008 2270 2022 2298 :
2048 2262 2171 2297 Sacra
2197 2261 2371 2310 Congre-

1375 2314 1489 2364 gatio
1505 2314 1907 2369 Eminentiss‘imorum
1923 2316 2077 2357 sant-he
2103 2317 2285 2357 Romana.-
2300 2319 2372 2357 Ec-

1378 2369 1500 2418 clefiae
1518 2367 1794 2411 cardinalium
1818 2371 1982 2424 negotiis
1995 2400 2011 2420 ,
2033 2372 2087 2419 ὠν
2113 2373 2370 2427 consultatio-

1381 2427 1493 2469 nibus
1509 2426 1783 2483 Epfioporum
1799 2452 1814 2474 a
1843 2429 1897 2476 &⁶
1915 2429 2369 2485 Regulariumpraepost-

1380 2497 1451 2536 ta,
1470 2486 1657 2541 partibus
1671 2482 1985 2542 informantibus
2001 2511 2014 2533 ,
2036 2499 2080 2527 rc
2112 2486 2259 2528 iterum
2284 2501 2370 2528 ma·

1381 2545 1473 2587 ture?
1490 2572 1505 2595 ,
1533 2558 1577 2586 ac
1602 2545 1812 2598 diligenter
1836 2543 2019 2600 discussa,
2045 2540 2239 2598 refi’rcntc
2259 2549 2369 2588 Emi..

1381 2603 1601 2660 nentisiimo
1621 2601 1897 2644 saanacrucio
1911 2602 2059 2658 censuit
2067 2602 2365 2660 ,persistendum

1380 2661 1449 2720 ff
1465 2661 1507 2705 in
1527 2666 1692 2705 Decreta
1706 2690 1720 2712 ,
1734 2662 1835 2702 alitis
1861 2661 1924 2701 die
1940 2673 2009 2711 27.
2024 2662 2221 2713 ‘Januarii
2238 2664 2362 2718 1673.

1381 2721 1483 2763 edito
1497 2752 1512 2772 ‚
1545 2733 1618 2776 quo
1624 2719 1828 2775 praedittis
1845 2719 2057 2762 Fratribus
2073 2721 2274 2775 Capucinis
2288 2726 2342 2762 im
2357 2749 2366 2757 .

1370 2776 1767 2836 postiumfuitfitper
1778 2779 1972 2834 praeditJa
1997 2778 2242 2837 controverso
2257 2779 2363 2836 fun-

1379 2842 1535 2881 datione
1555 2847 1791 2894 perpetuum
1800 2837 2011 2894 silentium
2025 2867 2039 2889 ,
2063 2851 2206 2881 necnon
2227 2838 2364 2895 injun-

1372 2899 1542 2953 gendum
1560 2896 1634 2954 oste
1648 2922 1664 2944 ι,
1685 2907 1808 2953 prout
1817 2897 2005 2954 praestnti
2032 2901 2198 2940 Decreta
2224 2898 2358 2954 injun-

1371 2961 1438 3013 git
1452 2957 1666 3001 ordinario
1678 2954 1957 3011 Majoricenst',
1980 2965 2026 2998 ut
2051 2956 2179 2998 omnia
2193 2959 2301 3012 gasto
2313 2961 2357 2999 in

1375 3019 1631 3060 executionem
1643 3015 1973 3073 strpradittarum
1996 3014 2228 3058 litterarum
2250 3021 2357 3070 Apo-

318 3080 476 3117 «Storum
494 3077 765 3119 Decretorum
794 3073 1140 3130 Congregationis
1167 3073 1312 3130 praedi·
1357 3075 1592 3132 stolicarum
1617 3084 1808 3129 tanquam
1817 3072 2154 3130 fiabreptitiarum
2177 3103 2190 3124 ,
2218 3084 2351 3128 utpote

322 3138 408 3184 stae,
427 3133 668 3189 subreptitie
683 3134 704 3176 a
720 3134 849 3176 Nobis
867 3147 938 3188 per
951 3130 1141 3188 quasdam
1158 3133 1309 3175 nostras
1368 3143 1590 3185 attentata,
1605 3146 1783 3175 revocare
1797 3126 2086 3187 omninofaciat
2099 3160 2114 3181 ,
2130 3132 2185 3173 ad
2195 3145 2350 3187 qua-212„

320 3194 476 3249 pariter
500 3190 681 3236 informa
696 3193 836 3236 Brevis
862 3191 1019 3235 litteras
1046 3192 1309 3235 obtinuerant

321 3251 562 3295 facultatem
589 3281 603 3303 ,
634 3254 674 3294 δι
703 3252 910 3294 licentiam
940 3250 1126 3306 erigendi
1154 3250 1308 3294 dietum

320 3324 471 3354 novum
483 3314 748 3354 Conventum
775 3312 814 3352 in
827 3309 934 3352 dieta
944 3313 1122 3354 Civitate
1135 3310 1310 3366 Maiori·

321 3369 454 3419 cenfi,
478 3369 531 3412 de
547 3371 740 3414 consensu
757 3370 966 3413 Ordinarii
995 3397 1010 3420 ,
1033 3384 1124 3411 cum
1148 3367 1306 3412 clausu-

320 3429 503 3472 latamen
524 3456 539 3479 ,
564 3431 734 3474 servatis
749 3430 843 3472 alias
870 3444 917 3472 ex
933 3428 1165 3485 praescripto
1191 3432 1307 3472 Con-

320 3487 573 3531 stin-:tionum
587 3488 915 3542 Apostolicarum
930 3489 1133 3532 servandis
1147 3514 1161 3536 ,
1186 3497 1304 3543 prout

319 3547 361 3589 in
374 3545 523 3588 eisdem
549 3545 700 3589 litteris
724 3547 887 3590 uberius
907 3548 1143 3590 continetur
1168 3575 1183 3596 ,
1210 3545 1300 3587 illa-

319 3617 487 3660 rumque
502 3606 643 3660 vigore
656 3605 722 3650 die
739 3607 947 3660 2.Augusti
963 3605 1143 3662 proxime
1157 3613 1301 3660 praete-

321 3665 418 3716 riti,
434 3678 511 3707 non
524 3663 660 3707 citatis
673 3693 689 3716 ,
709 3680 782 3708 nee
799 3665 944 3707 auditis
958 3667 1189 3708 memoratis
1207 3666 1300 3706 Fra-

321 3725 453 3766 tribus
465 3725 691 3767 Minoribus
711 3725 763 3767 de
777 3723 1040 3767 Observantia
1059 3723 1298 3777 nuncupatis

1351 3251 1517 3310 fizriam
1533 3279 1547 3301 ,
1571 3251 1623 3300 ὠ·

1369 3192 1738 3251 cffiHumpraediHo
1752 3191 1965 3234 ordinario
1979 3189 2209 3244 facultatem
2223 3194 2350 3246 neceſs

1652 3259 1909 3305 opportunam
1934 3251 2061 3291 eadem
2090 3252 2348 3306 Congrcgatio

1367 3313 1571 3367 impertita
1585 3309 1636 3361 est
1650 3324 1661 3353 5
1694 3309 1916 3352 Contrariis
1943 3308 2244 3365 quibufiumque
2269 3324 2344 3351 non

1367 3367 1610 3428 obstantibus
1624 3397 1635 3408 .
1653 3370 1782 3408 Romae
1796 3381 1863 3411 21.
1883 3373 1966 3422 Apr
1986 3370 2106 3421 1673.
2135 3371 2205 3411 Fr.
2224 3372 2343 3411 card.

1363 3431 1612 3475 Brancatius.
1630 3429 1724 3469 Loco
1739 3426 1796 3481 »Β
1815 3429 1948 3482 Sigilli
1972 3429 2025 3469 N.
2046 3428 2243 3484 Casunata
2258 3433 2338 3469 sec.

1480 3489 1586 3528 Cum
1601 3496 1735 3527 autem
1750 3512 1763 3535 ,
1789 3484 1888 3528 ficut
1910 3500 1983 3540 pro
2006 3495 2120 3540 parte
2135 3486 2339 3541 praedieto-

1359 3561 1451 3590 rum
1471 3548 1655 3587 Fratrum
1672 3545 1878 3586 Minorum
1892 3545 2059 3586 Ordinis
2081 3550 2120 3589 S.
2141 3546 2336 3588 francisci

1359 3606 1412 3648 de
1427 3603 1690 3646 observantia
1703 3614 2021 3659 nuncupatorum
2035 3604 2159 3645 Nobis
2171 3601 2336 3647 subinde

1359 3662 1582 3717 expositum
1608 3661 1681 3702 fuit
1706 3689 1718 3713 =
1746 3663 1813 3716 ipsi
1840 3666 2055 3704 Decretum
2080 3662 2330 3718 hujusmodi,

1359 3723 1441 3778 quo
1455 3720 1603 3764 firmius
1631 3721 1800 3764 subsistat
1817 3747 1831 3769 ,
1855 3720 2094 3776 Apostolicae
2119 3720 2330 3763 confirma·

320 3783 360 3825 in
390 3783 495 3825 dieta
522 3783 652 3826 Insula
675 3786 768 3828 oCto
790 3786 1059 3833 Conventus,
1089 3782 1294 3838 exquibus
1355 3782 1476 3824 tionis
1503 3779 1638 3822 nostrae
1666 3779 1895 3835 patrocinio
1934 3780 2174 3822 communiri
2206 3780 2329 3835 pluri-

2166 3853 2277 3881 mum
