2638 4088
363 192 525 277 302

306 315 355 358 sis
369 315 686 365 habentium,seu
700 315 868 371 alicujus
884 327 1027 357 eorum
1047 313 1222 370 desuper
1238 312 1300 358 su—

1022 169 1680 255 Monumenta

1359 314 1419 370 gis
1443 314 1654 357 Catholici
1669 339 1684 362 ,
1698 311 1828 356 felicis
1844 315 2136 359 recordationis
2157 317 2363 361 Innocenss

305 375 387 418 crit
410 374 636 430 requisitus,
653 374 882 417 solemniter
898 373 1127 426 publicans,
1141 375 1299 430 illisque
1358 384 1420 417 tio
1434 375 1546 428 Papae
1561 374 1657 415 xil.
1686 371 1965 427 praedecellori
1990 375 2126 417 nostro
2152 377 2360 430 expolito,

307 436 347 480 in
364 432 562 489 praemislis
577 434 748 476 efficacis
764 430 1006 475 deienfionis
1057 433 1208 478 raefidio
1221 432 1318 476 affi-

308 493 411 536 stens
427 521 440 543 ,
452 492 571 535 faciat
585 490 827 532 auctoritate
842 490 974 533 nostra
987 490 1016 533 il
1037 505 1096 545 os,
1109 494 1306 537 &eorum

308 551 532 611 quemlibet
563 545 818 604 praesentium
843 548 1076 593 litterarum
1092 580 1110 602 ,
1132 554 1174 595 δι
1191 554 1231 595 in
1245 555 1304 596 eis

310 618 602 654 contentorum
625 607 853 651 eorundem
877 609 1121 662 commodo,
1143 613 1184 655 δε
1208 611 1304 656 effe-

312 673 377 713 ἂυ
390 665 552 724 pacifice
566 663 670 718 frui,
683 667 724 710 δε
736 665 916 723 gaudere
928 696 942 720 ,
961 681 1043 712 non
1058 672 1301 726 permittens

314 729 406 771 illos
422 723 593 776 desuper
606 722 628 764 ἑ
642 737 842 782 quoquam
862 727 1002 784 quavis
1018 730 1302 777 auctoritate,

308 781 617 844 quomodolibet
644 783 826 828 indebite
839 785 1044 831 molestari
1059 815 1074 840 ,
1096 791 1308 844 perturba·

309 847 346 889 ri
358 874 373 897 ,
392 841 458 885 vel
473 842 692 897 inquietari
705 871 718 886 .
732 844 1067 889 Contradiflores
1080 849 1304 904 quoslibet,

306 907 347 946 δι
372 899 546 944 rebelles
573 914 647 957 per
661 899 879 946 sententias
895 932 910 956 ,
937 907 1123 949 censuras
1134 932 1150 957 ,
1163 908 1203 950 δι
1218 921 1307 963 poe-

312 974 379 1005 nas
397 959 695 1004 Ecclefiasticas
709 990 724 1015 ,
748 960 906 1018 aliaque
930 976 1163 1021 opportuna
1178 965 1275 1024 juris
1290 997 1306 1019 ,

306 1024 345 1064 &
362 1016 453 1062 faeti
472 1018 948 1077 remedia,appellatione
965 1022 1306 1079 postpofita,com-

308 1077 580 1138 pescendo,ac
599 1078 793 1135 legitimis
805 1078 923 1135 super
939 1081 1000 1123 his
1016 1081 1211 1127 habendis
1226 1085 1309 1129 ser-

308 1137 412 1181 vatis
431 1136 674 1192 procellibus
688 1165 702 1187 a
727 1141 939 1188 censuras,
956 1141 997 1182 δι
1006 1153 1148 1196 poenas
1181 1143 1278 1199 ipsas
1292 1173 1307 1196 ,

309 1197 430 1240 etiam
454 1195 607 1239 iteratis
623 1197 780 1241 vicibus
797 1197 1057 1255 aggravando
1070 1229 1085 1251 ,
1114 1202 1306 1247 invocato

311 1256 435 1299 etiam
449 1254 499 1297 ad
525 1255 603 1299 hoc
618 1285 634 1311 ,
651 1258 678 1299 fi
692 1270 795 1314 opus
810 1256 937 1302 fuerit
954 1285 970 1312 ‚
981 1257 1134 1315 auxilio
1148 1260 1308 1307 brachii
1326 1300 1329 1303 .

308 1311 507 1358 saecularis
522 1341 535 1356 .

406 1375 523 1439 ‘Non
538 1371 786 1419 obstantibus
800 1378 1000 1434 praemiffis
1014 1408 1028 1432 ,
1053 1393 1101 1423 ac
1118 1379 1188 1423 fel.
1221 1394 1306 1424 rec.

312 1429 510 1476 Bonifaeii
527 1432 641 1486 Papae
656 1435 1081 1492 V111-praedecefforis
1108 1439 1229 1483 noflri
1261 1440 1314 1485 de

310 1503 387 1533 una
403 1517 417 1542 ,
432 1490 471 1532 δε
484 1490 664 1534 Concilii
680 1495 898 1538 Generalis
928 1496 981 1540 de
1004 1497 1160 1541 duabus
1173 1499 1314 1552 dietis,

309 1548 536 1592 dummodo
563 1548 666 1594 ultra
692 1562 774 1596 tres
801 1554 932 1597 dietas
947 1555 1089 1612 aliquis
1117 1558 1314 1613 vigore-³

311 1605 567 1672 praesentium
585 1609 623 1649 in
636 1607 832 1664 judicium
862 1627 945 1656 non
973 1617 1191 1669 trahatur,
1207 1616 1313 1659 aliis·

306 1665 785 1731 que-Gonstitutionibus,
801 1672 842 1713 δι
854 1670 1188 1718 Ordinationibus
1203 1679 1315 1732 Apo-

308 1722 461 1766 stolicis
479 1749 494 1772 ,
511 1737 587 1766 nec
602 1737 700 1775 non,
714 1739 915 1783 quatenus
937 1745 1037 1785 opus
1053 1732 1119 1782 fit,
1136 1734 1313 1775 Provin-

306 1783 460 1826 ciatum
481 1809 496 1833 ,
516 1783 552 1823 &
567 1782 735 1826 Ordinis
765 1787 1021 1843 hujusmodi,
1049 1791 1173 1831 etiam
1205 1793 1315 1847 jura-

310 1850 478 1889 mento,
509 1839 817 1887 confirmatione
845 1846 1108 1898 Apostolica,
1135 1847 1198 1891 vel
1220 1863 1314 1905 qua-

312 1902 371 1942 vis
389 1899 465 1941 alia
481 1898 677 1943 firmitate
707 1905 910 1947 roboratis
937 1905 1118 1959 statutis,
1147 1908 1185 1950 &
1212 1921 1314 1951 con·

310 1957 596 2002 suetudinibus
609 1988 624 2012 ,
638 1961 863 2021 privilegiis
877 1977 1039 2022 quoque
1054 1964 1226 2010 indultis
1239 1997 1256 2020 ,
1274 1968 1316 2010 &

310 2017 462 2061 litteris
488 2019 731 2075 Apostolicis
756 2024 797 2064 in
824 2025 1073 2068 contr-arium
1103 2025 1315 2080 praemisso-

310 2091 399 2119 rum
413 2078 722 2131 quomodolibet
738 2078 934 2124 conceffis
945 2110 960 2132 ,
981 2081 1231 2123 confirmatis
1244 2111 1260 2131 ‚
1273 2085 1315 2124 δε

311 2134 548 2184 innovatis3
564 2137 709 2187 quibus
733 2137 923 2177 omnibus
946 2139 985 2177 &
1001 2138 1187 2192 fingulis,
1219 2137 1314 2179 illo·

313 2203 405 2234 rum
424 2199 586 2231 tenores
602 2191 858 2244 praesentibus
871 2206 947 2247 pro
968 2193 1114 2249 plene,
1143 2197 1185 2237 δε
1211 2194 1317 2237 suffi-

314 2249 472 2292 cienter
498 2247 686 2303 exprellis
701 2276 716 2299 ,
748 2265 797 2294 ac
825 2250 879 2293 de
902 2253 1028 2294 verbo
1047 2252 1097 2295 ad
1117 2255 1317 2298 verbum..

315 2306 474 2351 insertis
505 2306 696 2350 habentes
711 2337 725 2358 ,
747 2308 831 2351 illis
854 2310 951 2352 alias
980 2310 1018 2352 in
1044 2310 1115 2352 suo
1130 2312 1318 2355 robore.-

315 2361 608 2423 permansuris,
634 2363 685 2406 ad
713 2364 996 2420 praemifforum
1023 2367 1207 2411 effectum
1241 2370 1316 2412 hac

317 2425 407 2466 vice
435 2420 630 2464 duntaxat
658 2421 888 2478 specialiter
903 2451 918 2474 ,
939 2426 980 2469 ec
994 2426 1179 2484 expresse
1197 2428 1319 2472 dero·

315 2493 455 2539 gamus
478 2506 493 2529 ,
544 2483 774 2540 caeterisque
815 2486 1034 2530 contrariis
1064 2486 1324 2544 quibuscum-

349 2556 371 2583 u
413 2570 424 2583 .

318 2555 345 2598 q
376 2556 399 2584 e
433 2599 634 2643 Volumus
651 2607 818 2655 autem,
841 2604 1067 2662 misuprae.

433 2660 584 2702 Datum
605 2662 746 2703 Romae
775 2664 882 2718 apud
897 2669 1081 2708 Sanctam
1107 2666 1318 2711 Mariam-a

311 2715 512 2772 Maiorem
546 2718 616 2761 sub
644 2721 811 2762 Annulo
847 2722 1061 2768 piscatoris
1094 2724 1162 2766 die
1192 2740 1220 2768 x
1239 2738 1253 2767 1
1275 2739 1318 2768 v.

311 2776 485 2843 Augusti
511 2791 711 2823 mncxev.
757 2781 1025 2829 pontificatus
1055 2783 1178 2829 nostri
1209 2797 1318 2830 anno

314 2845 486 2893 quinto.

372 2956 624 3013 Autograpb.
640 2958 683 2999 t'n
712 2958 882 3001 Archino
908 2963 1056 3004 secret.
1084 2964 1317 3009 Brevium...

438 3016 608 3070 Apoaol.
637 3017 793 3076 Regsso
813 3018 967 3079 mcnstit,
993 3020 1044 3069 ὅθ’
1055 3021 1151 3064 anni
1159 3020 1313 3081 praedh

433 3074 530 3115 ἅον.
537 3075 724 3132 ]οΙ.200.

319 3210 966 3236 *κ--ψ

322 3308 607 3360 ΕΙεᾶἰοηεπι
620 3309 936 3372 Discretorum
949 3317 1199 3371 Provinciis
1213 3315 1320 3375 His-

387 3383 535 3449 paniae
549 3380 745 3434 restituit
762 3421 775 3434 .
1140 3405 1142 3408 ’

319 3501 859 3563 BENEDICTUS
896 3513 1091 3563 PAPA
1127 3513 1319 3567 x111.

526 3602 788 3663 Adfutaram
800 3606 860 3650 roi
875 3609 1100 3654 memoriam
1111 3636 1125 3651 .

454 3720 591 3763 Udum
605 3735 680 3779 pro
693 3732 810 3780 parte
824 3724 939 3770 clara:
963 3725 1165 3770 memoriae
1175 3723 1319 3771 Caroli

476 3781 647 3837 Secundi
659 3784 785 3833 ,dum
799 3784 897 3833 vixit
911 3814 926 3841 ,
939 3785 1221 3845 Hispaniarum
1231 3787 1318 3833 Re-

1367 434 1480 489 quod
1493 432 1589 475 alias
1602 431 1652 473 ad
1669 430 1852 474 tollenda
1880 430 2022 474 damna
2034 459 2050 484 ,
2080 433 2120 473 δι
2140 431 2361 478 incommo-

1367 493 1418 535 da
1435 519 1449 543 ,
1463 505 1549 548 quae
1561 493 1726 542 Fratres
1752 489 2060 534 Provinciarum
2078 491 2354 546 Regnorum„

1365 550 1572 606 utriusque
1589 549 1801 601 Castellae,
1819 550 1968 591 veteris
1987 549 2140 591 scilieet
2175 549 2216 590 &
2242 562 2358 593 nove

1362 621 1699 666 nuncupatarum‚
1717 608 1883 651 Ordinis
1902 608 2104 650 Minorum
2130 610 2172 651 S·
2194 608 2361 652 Franci-

1362 669 1415 711 sci
1459 669 1657 723 Capucini
1695 666 1913 722 nuncupati
1949 681 1999 709 ex
2039 666 2235 709 electione
2268 666 2361 711 nifi-

1361 738 1569 770 cretorum
1594 753 1608 775 ,
1637 726 1707 782 qui
1734 727 1755 768 i
1782 726 2068 769 Conventibus
2093 722 2355 768 ad-effeflum

1366 787 1431 831 sua
1450 785 1632 843 suffragia
1657 785 1696 827 in
1721 784 1923 841 Capitulis
1946 781 2270 827 Provincialibus
2301 784 2360 828 se-

1365 846 1480 889 rendi
1494 846 1588 901 eligi
1607 845 1900 888 consueverant
1916 874 1932 896 ‚
1961 845 2001 887 in
2020 840 2213 899 religiosae
2227 842 2362 899 pacis,

1363 906 1405 947 δι
1420 904 1650 947 concordiae
1663 932 1678 955 ,
1691 915 1737 944 ac
1755 903 1967 960 Regnlaris
1987 900 2203 958 disciplinae
2219 899 2366 958 praeju-

1367 964 1520 1007 dicium
1535 964 1622 1020 paffi
1639 962 1797 1006 fuerant
1813 991 1827 1014 ‚
1852 962 1961 1005 idem
1979 960 2247 1005 Innocentius
2262 972 2363 1015 prae·

1368 1021 1548 1069 decessor
1565 1035 1637 1078 per
1652 1020 1838 1079 quasdam
1870 1022 1956 1064 suas
1984 1017 2160 1077 desuper
2186 1017 2227 1062 in
2244 1016 2360 1060 simili

1369 1083 1497 1126 forma
1514 1083 1652 1124 Brevis
1665 1079 1732 1123 die
1761 1093 1828 1136 ²9·
1847 1079 1983 1122 Martii
2006 1079 2128 1135 ¹⁶93·
2156 1077 2366 1133 expeditas

1367 1142 1556 1191 litteras,
1584 1139 1790 1183 Discretos
1804 1138 2013 1195 praedictos
2040 1137 2081 1179 in
2113 1135 2229 1178 dietis
2260 1137 2366 1177 Pro-

1369 1199 1512 1244 vinciis
1532 1198 1686 1242 sustulit
1700 1224 1714 1247 ‚
1729 1212 1775 1240 ac
1794 1198 1996 1245 removit,
2022 1195 2062 1237 &
2078 1193 2244 1237 subinde
2257 1193 2366 1236 inter

1369 1258 1448 1303 alia
1462 1258 1726 1302 remotionem
1739 1258 1779 1299 δι
1790 1256 2058 1300 abolitionem
2083 1250 2366 1296 Discretorum

1372 1315 1594 1375 hujusmodi
1623 1345 1639 1368 ,
1672 1314 1960 1371 expeditusque
1997 1310 2169 1370 desuper
2209 1311 2367 1354 litteras

1373 1376 1582 1435 praedifilas
1594 1375 1646 1418 ad
1661 1374 1896 1418 Provincias
1911 1373 2064 1417 Baeticae
2080 1401 2095 1424 ,
2120 1373 2159 1414 δι
2175 1374 2369 1414 Navarrae

1373 1451 1448 1493 per
1475 1436 1570 1478 alias
1591 1433 1676 1477 suas
1702 1432 1846 1476 itidem
1873 1434 1911 1476 in
1927 1431 2041 1476 fimili
2065 1429 2194 1474 forma
2226 1427 2368 1472 Brevis

1374 1497 1535 1539 litteras
1564 1493 1631 1537 die
1653 1492 1976 1548 12.Septembris
2001 1489 2182 1549 ejusdem
2203 1490 2296 1531 anni
2321 1502 2368 1529 e·
2436 1507 2441 1512 ·

1376 1564 1555 1597 manatas
1579 1552 1820 1594 auctoritate
1835 1551 2067 1608 Apostolica
2089 1548 2306 1597 extendit,
2333 1546 2375 1588 δι

1375 1611 1601 1666 ampliavit,
1618 1612 1657 1653 &
1671 1610 1789 1661 alias,
1800 1621 1922 1667 prout
1948 1611 1986 1653 in
2001 1608 2117 1652 dietis
2144 1605 2373 1651 Innocentii

1377 1669 1672 1730 praedecefforis
1694 1669 1812 1712 nostri
1839 1669 1994 1712 litteris
2017 1698 2031 1719 ,
2054 1681 2224 1726 quarum
2255 1675 2375 1712 teno-

1376 1744 1436 1773 res
1465 1728 1724 1785 praesentibus
1763 1741 1839 1783 pro
1865 1726 2054 1784 expreffis
2089 1726 2230 1769 haberi
2256 1724 2378 1766 volu·

1377 1801 1488 1835 mus,
1504 1786 1666 1830 uberius
1689 1786 1923 1828 continetur
1941 1816 1953 1829 .
1978 1788 2086 1827 Cum
2102 1794 2263 1831 autem,
2281 1782 2379 1824 ficut

1371 1845 1541 1890 diletiius
1559 1843 1980 1895 Filius,l-lartmanuus
1996 1840 2380 1894 BrixinenfisMini-

1374 1907 1453 1950 fier
1467 1903 1682 1948 Generalis
1697 1902 1795 1944 dicti
1813 1902 1983 1946 Ordinis
1998 1902 2129 1946 Nobis
2145 1915 2274 1956 nuper
2294 1913 2375 1942 ex-

1374 1965 1469 2023 poni
1493 1961 1621 2013 fecit,
1646 1971 1815 2019 propter
1845 1961 2122 2006 Discretorum
2149 1957 2377 2017 hujusmodi

1375 2022 1673 2071 abolitionem,
1704 2020 1802 2062 licet
1830 2020 1879 2062 ad
1896 2022 2042 2062 bonum
2071 2017 2190 2066 finem
2214 2019 2377 2073 petita,

1375 2079 1500 2120 fuerit
1516 2077 1809 2128 ,nihilominus
1831 2079 2049 2120 maximum
2077 2087 2209 2129 tamen
2242 2075 2376 2119 detri-

1378 2143 1576 2185 mentum,
1590 2147 1638 2176 ac
1654 2133 1932 2188 praeiudicium
1952 2135 2147 2191 Regulari
2159 2133 2377 2178 observan-

1377 2194 1442 2237 tiae
1456 2192 1629 2235 allatum
1645 2191 1765 2237 fuerit
1780 2221 1795 2243 ,
1813 2194 1850 2235 81
1867 2193 2000 2237 adhuc
2011 2194 2064 2236 de
2075 2195 2259 2250 prasenti
2281 2192 2379 2236 affe-

1379 2262 1528 2301 ratur,
1551 2251 1727 2304 ideoque
1755 2251 1865 2293 idem
1895 2254 2171 2295 Hartmannus
2198 2253 2382 2295 Minister

1378 2308 1597 2352 Generalis
1629 2308 1869 2352 eleffionem
1905 2310 2131 2352 eorundem
2175 2307 2383 2353 Discreto.

1380 2383 1472 2413 rum
1501 2367 1691 2411 omnibus
1715 2368 1998 2425 Hilpaniarum
2024 2368 2246 2412 Provinciis
2271 2368 2384 2412 resti·

1381 2428 1441 2471 tui
1468 2426 1720 2483 summopere
1745 2426 1945 2470 desideret
1984 2427 2329 2484 quemadmodum
2355 2429 2381 2472 ὲ

1382 2485 1612 2531 recolendae
1652 2488 1856 2530 memoriae
1893 2486 2114 2531 Clemente
2151 2489 2189 2530 X
2209 2489 2243 2528 1.
2287 2487 2381 2530 Bel-

1383 2547 1469 2602 gii,
1482 2547 1519 2588 &
1547 2547 1794 2589 Innocentio
1811 2548 1932 2588 Xlll.
1950 2547 2145 2589 Romanis
2170 2544 2384 2588 Pontifici·-

1382 2606 1473 2654 bus,
1488 2602 1838 2660 praedecelsoribus
1854 2604 2006 2661 pariter
2029 2602 2383 2653 nostris,Sardiniae

1381 2664 1607 2720 respeftive
1626 2662 1851 2707 Provinciis
1879 2663 2045 2706 Ordinis
2072 2662 2248 2719 praedifki
2281 2677 2378 2706 con-

1382 2722 1529 2770 ceffum
1545 2720 1654 2766 fuiffe
1670 2731 1944 2766 memoratur.
1969 2721 2098 2766 Nobis
2127 2732 2380 2778 propterea..-

1385 2785 1514 2828 dinus
1529 2784 1803 2839 Hartmannus
1820 2781 1999 2825 Minister
2014 2780 2230 2824 Generalis
2246 2810 2263 2832 ,
2292 2791 2384 2826 ten-

1383 2842 1574 2887 dentibus
1588 2843 1712 2885 etiam
1731 2844 1768 2884 in
1793 2842 1834 2885 id
1850 2839 2061 2884 charissimi
2076 2840 2116 2882 in
2130 2839 2297 2884 Christo
2316 2838 2385 2882 Fi-

1377 2903 1424 2947 lii
1444 2903 1582 2951 nostri,
1597 2901 1793 2957 Philippi,
1806 2900 2040 2943 earumdem
2061 2898 2383 2956 Hispaniarum.-

1379 2962 1510 3013 Regis
1534 2958 1749 3004 Catholici
1780 2959 1886 3003 votis
1914 2958 2119 3002 humiliter
2158 2956 2378 3015 supplicari

1377 3020 1475 3063 fecit
1491 3049 1507 3072 ,
1529 3030 1573 3062 ut
1600 3021 1642 3061 in
1661 3018 1861 3075 pramiffis
1893 3016 2122 3074 opportune
2137 3016 2382 3073 providere,

1376 3083 1478 3130 &‚ut
1495 3078 1618 3132 infra,
1631 3078 1843 3132 indulgere
1859 3077 1911 3122 de
1935 3077 2183 3133 benignitate
2201 3074 2378 3130 Aposto-

1377 3139 1458 3182 lica
1475 3139 1749 3195 dignaremur.
1769 3141 1855 3181 Nos
1878 3134 2139 3191 igituripsum
2160 3137 2379 3178 Hartman·

1379 3210 1477 3240 num
1493 3198 1723 3239 Ministrum
1738 3194 1983 3238 Generalem
2013 3192 2252 3248 specialibus
2266 3190 2384 3235 savo·

1379 3255 1491 3298 ribus
1506 3257 1566 3306 ,δι
1584 3255 1726 3310 gratiis
1743 3253 1930 3310 prosequi
1955 3250 2141 3294 volentes
2153 3276 2169 3301 ‚
2192 3252 2231 3293 δι’
2254 3249 2274 3292 ὲ
2292 3249 2383 3306 qni·

1379 3312 1516 3357 busvis
1530 3309 1964 3356 excommunicationis
1978 3338 1992 3360 ,
2005 3310 2084 3352 &c-
2095 3310 2136 3351 ἃ.
2150 3308 2381 3353 absolutum

1380 3370 1472 3415 fore
1493 3371 1708 3415 censentes
1731 3396 1746 3420 ,
1763 3365 1992 3423 hujusmodi
2019 3368 2380 3425 supplicationibus

1380 3431 1592 3480 inclinati,
1605 3429 1792 3486 praedieto
1805 3430 2060 3470 Hartmanno
2089 3428 2276 3472 Ministro
2291 3430 2379 3470 Ge·

1379 3491 1508 3534 nerali
1526 3504 1572 3546 re
1589 3489 1707 3536 serio,
1722 3489 1964 3544 prudenter,
1977 3500 2025 3529 ac
2038 3485 2264 3542 diligenter
2280 3499 2379 3530 exa—

1380 3548 1534 3594 minati
1550 3574 1565 3598 ,
1590 3547 1776 3591 omnibus
1803 3547 1842 3589 &
1868 3544 2029 3602 singulis
2058 3545 2375 3604 Hispaniarum..

1381 3607 1607 3655 Provinciis
1635 3606 1689 3650 de
1720 3616 1868 3649 coetero
1899 3604 2141 3648 electionem
2173 3602 2377 3649 Discreto-

1382 3683 1471 3712 rum
1491 3665 1716 3724 hujusmodi
1735 3693 1750 3718 ,
1771 3666 1798 3707 fi
1814 3665 1856 3708 id
1874 3665 2033 3707 Divina:
2052 3665 2191 3722 gloriae
2207 3695 2222 3717 ,
2241 3662 2376 3720 publi-

1378 3742 1432 3771 cae
1454 3724 1771 3783 tranquillitati,
1794 3739 1841 3767 ac
1866 3723 2085 3779 Regularis
2114 3719 2375 3768 observantiae

1378 3788 1635 3849 incremento
1657 3786 1699 3835 in
1713 3784 1891 3842 Domum
1914 3782 2110 3840 expedire
2132 3780 2374 3838 jmiicaverit

2253 3853 2320 3881 re-
