2592 4094
855 275 1511 402 Burgundios.

1970 316 2131 398 149

438 460 700 508 Honorabili,
714 459 903 513 Religiosb
917 488 933 509 ,
956 459 1105 508 devoto,
1122 430 1250 512 Nobis
1265 460 1399 502 dileblo
1414 493 1424 511 ,
1442 464 1591 514 -yeanni
1616 466 1760 507 Maria
1784 467 1828 507 do
1845 467 1962 516 Noto,

742 516 898 559 Ordinis
920 520 962 558 S.
980 516 1185 571 Francifii
1209 515 1394 574 Ministro
1427 522 1609 564 Generali
1625 553 1637 565 .

303 648 524 700 Eleonora
540 645 738 707 ,Divind
754 644 935 696 favente
968 643 1231 697 Clementid
1261 647 1399 696 elesta
1422 654 1737 703 Romanorum
1766 655 2041 721 Imperatrix
2059 689 2076 712 ‚

693 781 968 832 Honorabilis,
994 783 1209 841 Religiose,
1223 784 1378 836 devote,
1396 785 1515 829 Nobis
1537 788 1692 830 dileffi.

280 915 366 965 ‘Jam
383 913 698 997 anteusuffcienter
714 911 812 947 vobis
839 921 955 948 notum
970 910 1037 959 esse
1056 913 1276 950 arbitramur
1291 938 1304 958 ,
1318 925 1403 962 quas
1414 914 1454 949 ob
1465 912 1582 960 causas
1596 912 1820 958 eAbbatissa,
1838 918 1881 958 ῤ’
1903 919 2072 956 Mantala
2102 920 2196 958 Sa„-

538 973 551 995 t

186 966 241 1003 fic
256 966 367 1003 clara
382 963 524 1010 Imperia

555 971 568 996 s
585 959 757 998 Civitatis
771 957 970 1006 ‘Bisuntinae
984 959 1077 1007 apud
1090 960 1350 999 Beatitudinem
1364 963 1496 998 Summi
1519 960 1696 1007 Pontificis
1717 964 1789 1011 jam
1817 967 1858 1001 ab
1885 966 1997 1014 aliquo
2021 978 2195 1015 tempore)

175 1013 345 1063 supplices
355 1008 632 1060 efflagitaverint
643 1031 655 1051 ,
667 1014 709 1042 ut
718 1015 760 1042 ex
776 1004 963 1054 Pontificia
975 1008 1170 1058 conceffione
1185 1011 1486 1047 Sacramentorum
1498 1010 1590 1045 inter
1606 1020 1672 1046 *eas
1697 1011 1942 1061 administratio
1971 1016 2072 1063 vestri
2086 1015 2195 1052 Ordi-

180 1063 236 1098 nis
249 1060 428 1096 ‘Patribus
439 1055 637 1094 traderetur
656 1079 666 1091 .
717 1052 784 1088 uod
801 1057 996 1102 negotium,
1012 1056 1055 1097 &¹
1086 1067 1145 1093 nos
1163 1058 1299 1105 quidem
1319 1057 1510 1095 Sanfilitati
1522 1058 1600 1094 Suae
1617 1058 1765 1107 stadios?
1785 1060 2109 1099 commendavimus:
2131 1061 2196 1099 Ve-

182 1111 270 1149 rum,
287 1118 362 1145 cum
373 1117 446 1144 rem
458 1103 478 1140 ἃ
492 1103 610 1154 vestro,
622 1115 662 1141 ae
677 1115 698 1139 a
712 1113 823 1139 iorum
835 1105 874 1139 in
889 1103 1028 1141 Ordine
1044 1104 1272 1154 Superiorum
1285 1105 1442 1153 consensu
1457 1105 1641 1152 dependere
1658 1108 1890 1156 intelligamus
1902 1134 1915 1153 ‚
1940 1120 1980 1145 ex
2002 1113 2102 1158 digno
2115 1123 2199 1147 com·

181 1156 409 1206 miserationis
423 1151 539 1203 affeflu
551 1152 671 1201 facere
691 1149 882 1196 voluimus,
911 1162 954 1190 ut
981 1151 1077 1198 hasce
1096 1165 1228 1203 quoque
1253 1153 1380 1203 nostras
1401 1162 1466 1202 pro
1473 1152 1740 1236 subplicantium
1751 1157 1873 1204 solatio
1885 1158 1975 1206 apud
1986 1171 2044 1195 vos
2067 1160 2196 1205 impen-

180 1206 334 1242 deremus
350 1229 361 1239 .
384 1203 439 1241 At
462 1214 504 1238 ue
526 1208 700 1250 eapropter
738 1199 816 1237 udnt
830 1199 991 1237 benevoli
1005 1199 1026 1236 ὰ
1039 1202 1134 1238 vobis
1149 1204 1373 1251 requirimus,
1387 1202 1479 1250 ut‚fi
1487 1213 1510 1238 u

1537 1213 1557 1236 a
1572 1204 1706 1239 ratione
1718 1205 1755 1240 id
1768 1205 1889 1253 absque
1917 1206 2085 1256 manifesto
2099 1206 2197 1242 Reli·

179 1255 297 1302 'gionis
309 1250 423 1302 vestm
457 1248 639 1298 amnofieri
646 1213 739 1300 pofflqt
748 1275 759 1292 ‚
782 1247 977 1298 necessitati
990 1247 1112 1286 harum
1125 1250 1337 1289 Monialium
1350 1274 1362 1294 ,
1377 1250 1554 1287 accedente
1566 1249 1749 1299 Pontificia
1762 1254 1939 1290 voluntate
1955 1280 1964 1294 ‚
1977 1266 2018 1291 ve
2064 1266 2081 1288 o
2096 1255 2199 1289 etiam

182 1299 339 1350 consensu
354 1324 368 1344 ‚
379 1309 453 1337 tum
474 1309 515 1336 ex
522 1299 665 1348 propria
672 1299 823 1347 pietate,
837 1307 910 1336 tum
922 1297 1026 1348 nostrl
1041 1299 1146 1337 etiam
1164 1301 1289 1348 gratia
1295 1299 1486 1348 subvenire
1498 1323 1511 1342 ‚
1537 1298 1684 1346 adeoque
1707 1312 1781 1336 cum
1800 1300 1937 1336 Ordine
1956 1314 1998 1337 ve
2024 1312 2061 1336 ro
2079 1299 2200 1336 difflant

181 1351 484 1390 Sacramentorum
497 1344 823 1396 administrationem
834 1370 847 1389 ‚
853 1345 979 1395 saltem
991 1348 1116 1392 certis,
1133 1350 1189 1385 uti
1201 1357 1327 1395 rogant
1339 1373 1350 1389 ,
1370 1347 1576 1397 temporibus
1587 1370 1601 1390 ‚
1617 1356 1680 1395 pro
1699 1347 1837 1398 illarum
1857 1350 2049 1385 animarum
2058 1347 2201 1394 salute„

184 1397 279 1435 haud
290 1398 470 1445 gravatim
473 1397 643 1446 suscipere
656 1395 774 1432 velitis
789 1417 799 1429 .
811 1393 852 1431 ld
863 1395 952 1444 quod
961 1393 1172 1444 perlibenter
1184 1395 1404 1434 intellefiiurae
1415 1421 1429 1440 ,
1452 1406 1492 1431 ae
1507 1402 1570 1442 pro
1585 1395 1756 1444 singulari
1780 1395 1881 1446 vestri
1903 1407 1984 1443 erga
2007 1394 2085 1434 Nos
2091 1395 2200 1444 studii

184 1445 379 1483 documento
402 1444 674 1494 habituraefimus
687 1470 696 1480 .
722 1445 812 1497 Q
832 1445 951 1488 vobis,
968 1451 1016 1480 tot
1023 1444 1103 1492 ique
1116 1444 1251 1482 Ordini
1267 1443 1372 1494 vestro
1393 1444 1545 1493 vicissim
1559 1446 1687 1492 quavis
1700 1444 1861 1483 benevola
1880 1444 2117 1492 gratitudinis
2142 1454 2200 1478 no-

317 1550 411 1579 otum
430 1539 572 1580 Vienna
588 1540 645 1578 die
660 1540 839 1579 undecima
852 1541 964 1591 mensts
981 1543 1160 1593 Januarii
1172 1543 1280 1581 Anno
1294 1539 1454 1591 millesimo
1457 1540 1687 1594 sexcentesimo
1709 1542 1872 1594 trigesimo
1880 1542 1990 1592 primo
2003 1566 2014 1579 .

178 1493 357 1582 straefissna
369 1493 410 1528 in
427 1505 536 1531 omnes
559 1493 733 1541 occasiones
747 1493 972 1541 paratissima
989 1490 1158 1541 offi’rimus
1170 1520 1181 1530 .

183 1925 477 1974 Provinciam
509 1922 568 1972 ad
610 1920 834 1972 instantias
861 1925 1001 1992 Regis
1036 1922 1167 1972 Chri-

262 1992 506 2041 stianiffimi
535 1993 784 2040 Provinciae
804 1989 1093 2056 Lugdunenfi
1122 2010 1168 2038 u-

257 2062 345 2109 niri
376 2058 589 2108 mandat.

190 2197 358 2241 Dilcbiis
379 2201 411 2240 F
414 2197 512 2246 iliis,
530 2191 714 2241 Ministro
732 2193 931 2241 Gemma,
945 2205 990 2234 ac
1010 2192 1174 2235 Ludovi.

246 2257 342 2300 code
353 2257 467 2312 ‘Julio
487 2252 706 2309 Dtffinitori
726 2252 912 2294 Generali
924 2279 939 2302 ‚
956 2252 1115 2294 Ordinis

319 2319 512 2360 fratrum
542 2312 740 2354 Minorum
767 2313 806 2352 S.
841 2310 1043 2367 Francfii

365 2375 648 2429 capuanorum
662 2377 970 2425 nuncupatorum
986 2398 998 2411 .

197 2489 822 2544 INNOCENTIUS
861 2491 1036 2539 PAPA
1072 2489 1165 2537 XI.

264 2619 415 2664 Ditem
431 2616 557 2666 Filii,
560 2616 733 2673 salutem
749 2645 763 2666 .,
781 2618 829 2664 ὅ
849 2616 1103 2672 Apostolicam

524 2675 833 2719 Beni-demonem
846 2705 857 2716 .
869 2708 872 2711 .

304 2797 405 2844 UM,
424 2794 522 2835 ficut
539 2807 614 2847 pro
635 2798 749 2846 parte
764 2787 975 2831 chariffimi
998 2789 1034 2828 in
1049 2785 1172 2828 Chri·

326 2852 384 2893 sto
406 2850 496 2893 Filii
512 2850 632 2891 nostri
651 2848 845 2891 Ludovici
862 2875 876 2896 ‚
889 2849 1172 2888 Francorum-0

196 2917 321 2968 Regis
340 2913 417 2952 &c-
450 2907 654 2964 Refiduum
667 2905 752 2948 vide
756 2905 887 2964 fhprd
888 2903 970 2962 fol.
991 2915 1086 2956 123.

195 3055 1000 3079 ——u——ffl-——n

197 3144 517 3204 Abbatissae,&
532 3141 811 3194 Monialibus
829 3139 1050 3209 praediffls
1066 3141 1170 3188 San-

265 3218 346 3267 &ae
367 3220 517 3268 Clarae
530 3250 546 3274 ‚
575 3212 654 3263 sub
686 3211 933 3261 direc'lione
954 3208 1175 3276 spirituali

266 3291 482 3338 Fratrum
512 3282 798 3334 existentibus
813 3317 827 3340 ,
847 3279 1179 3348 Indulgentias,

268 3355 498 3425 &’gratias
515 3353 783 3423 spirituales,
798 3350 1076 3401 Monialibus
1093 3352 1180 3399 Ca-

267 3429 441 3492 pucinis
458 3427 565 3476 alias
581 3422 1144 3481 concessas,c0mmunicat.

200 3545 658 3596 CLEMENS
717 3543 967 3591 PAPA
1030 3540 1175 3588 XII.

386 3658 453 3704 Ad
452 3655 646 3717 futuram
659 3657 719 3703 rei
740 3660 960 3702 memoriam
974 3685 986 3698 .

262 3786 422 3846 Njuncfil
439 3786 565 3828 Nobis
577 3786 743 3830 coelitus
759 3783 961 3840 pastoralis
976 3781 1092 3823 officii
1113 3795 1174 3821 ra-

203 3792 258 3901 I
290 3850 346 3891 tio
360 3846 554 3905 postulat,
573 3856 617 3887 ut
633 3856 838 3901 paternam
855 3847 1067 3886 sacrarum
1084 3841 1173 3882 Vir·

1817 1661 2038 1713 Eleonora
2055 1694 2069 1708 .

1574 1814 2204 1834 *m——

1227 1921 1380 1977 ginum,
1393 1923 1433 1963 &
1446 1918 1684 1962 devotarum
1700 1922 1916 1964 Mulierum
1935 1921 2205 1965 Altiffimiob-

1226 1981 1370 2032 sequiis
1394 1979 1573 2019 arnioris
1603 1981 1690 2020 vitae
1717 1979 1924 2035 disciplina
1955 1983 2200 2033 mancipata-

1227 2047 1341 2080 rum,
1366 2032 1587 2084 uberesque
1616 2035 1809 2074 bonorum
1844 2049 2009 2086 operum
2035 2039 2204 2083 fruetus,

1229 2088 1353 2130 dante
1381 2091 1472 2130 Deo
1495 2114 1509 2137 ‚
1540 2085 1685 2129 affidue
1710 2088 1895 2144 proferre
1919 2090 2206 2147 satagentium,

1231 2160 1364 2189 curam
1379 2155 1563 2200 gerentes
1577 2173 1592 2196 ‚
1606 2147 1684 2200 piis
1702 2176 1716 2198 ‚
1731 2148 2052 2192 &laudabilibus
2067 2165 2205 2193 earum

1231 2204 1432 2248 desideriis
1444 2234 1461 2255 ‚
1480 2205 1674 2259 quantum
1689 2219 1779 2247 cum
1795 2209 1972 2250 Domino
1998 2207 2205 2261 possumus,

1231 2259 1508 2306 favorabiliter
1524 2277 1739 2305 annuamus
1752 2293 1763 2306 .
1782 2266 1976 2308 Volentes
1990 2268 2126 2322 itaque
2143 2267 2205 2308 di-

1230 2321 1340 2364 lenis
1366 2321 1406 2364 in
1432 2320 1590 2363 Christo
1604 2321 1794 2372 Filiabus,
1816 2323 2021 2375 Abbatiffae
2037 2327 2103 2372 2&
2116 2326 2203 2366 Mo-

1196 2391 1198 2393 ·
1231 2379 1400 2422 nialibus
1415 2376 1645 2419 Monasterii
1659 2378 1806 2419 Sanetae
1819 2380 1951 2423 Clarae
1972 2383 2206 2435 nuncupati,

1231 2435 1395 2480 Ordinis
1421 2441 1461 2479 S.
1489 2433 1686 2476 Francisci
1705 2463 1718 2486 ,
1750 2436 1939 2478 Civitatis
1965 2437 2202 2486 Bisuntinae‚

1232 2510 1315 2552 quae
1330 2522 1345 2545 ‚
1358 2504 1402 2537 ut
1414 2491 1582 2535 afferunt
1595 2517 1608 2537 ³
1625 2492 1723 2536 alias
1738 2506 1880 2549 nempe
1894 2507 1996 2536 anno
2009 2510 2203 2538 mccccv.

1232 2557 1254 2598 ὲ
1270 2558 1312 2596 B<
1329 2551 1480 2596 Coleta
1495 2547 1715 2592 reformatae
1730 2548 1889 2594 fuerunt
1903 2579 1917 2602 ‚
1940 2554 1980 2593 δι
2006 2553 2074 2594 sub
2086 2553 2204 2608 juris·

1233 2613 1409 2653 dimone
1433 2609 1634 2652 ordinarii
1653 2611 1907 2664 reperiuntur
1929 2637 1944 2661 ,
1971 2622 2076 2652 anno
2105 2612 2204 2653 νει-ὀ

1234 2683 1426 2712 mocxvr.
1455 2668 1506 2711 de
1527 2668 1700 2709 omnium
1726 2677 1821 2711 tunc
1848 2666 2096 2710 existentium
2121 2669 2204 2710 Ar-

1232 2727 1578 2782 chiepiscoporum
1595 2724 1773 2781 ejusdem
1791 2726 1978 2769 Civitatis
1994 2725 2203 2774 licentias,

1231 2786 1378 2842 absque
1392 2785 1473 2828 ulla
1490 2783 1774 2827 intermistione
1789 2783 1856 2826 sub
1869 2783 2089 2826 directione
2106 2788 2200 2827 Fra-

1232 2857 1340 2888 trum
1364 2842 1465 2886 Ord.
1484 2843 1587 2884 Min.
1601 2841 1772 2893 eiusdem
1785 2843 1823 2882 S.
1833 2845 1872 2883 P.
1891 2839 2103 2890 Francisci,
2117 2845 2199 2883 Ca-

1232 2903 1468 2959 pucinorum
1495 2908 1814 2953 nuncupatorum
1848 2896 2145 2948 remanserunt,
2165 2901 2202 2940 &

1232 2961 1361 3004 adhuc
1385 2959 1436 3001 de
1458 2957 1633 3013 praesenti
1655 2956 2046 3012 remanent,gratiam
2059 2970 2204 2998 conce-

1230 3020 1327 3062 dere
1341 3017 1550 3075 specialem
1566 3044 1579 3066 ,
1607 3028 1821 3068 earumque
1839 3015 2053 3068 singulares
2068 3014 2205 3069 perso-

1232 3091 1318 3129 naS,
1331 3080 1354 3121 ὲ
1375 3073 1571 3130 quibusvis
1585 3076 1656 3116 &c-
1670 3072 1872 3115 censentes
1887 3101 1901 3121 ‚
1915 3071 2207 3127 supplicationi·

1233 3139 1304 3179 bus
1327 3135 1483 3177 illarum
1510 3134 1666 3174 nomine
1686 3131 1810 3173 Nobis
1839 3131 1954 3184 super
1983 3131 2058 3172 hoe
2074 3131 2205 3172 humi·

1236 3196 1331 3238 liter
1354 3192 1542 3249 porreelis
1561 3189 1753 3239 inclinati,
1771 3203 1826 3254 ’ς
1848 3188 2047 3230 modernis
2065 3190 2128 3240 ,&
2145 3187 2206 3231 fu-

1237 3253 1334 3296 turis
1350 3245 1621 3298 Abbatiffae‚&
1636 3247 1870 3288 Monialibus
1885 3246 2080 3298 Clariffis,
2095 3248 2206 3288 Civi-

1239 3311 1330 3355 tatis
1345 3307 1593 3365 hujusmodi,
1608 3307 1694 3360 ipsae
1708 3307 1906 3354 omnibus,
1921 3305 1961 3344 &
1974 3305 2130 3359 fingulis
2145 3307 2204 3346 in-

1240 3367 1511 3424 dulgentiis‚&
1525 3366 1661 3417 gratiis
1676 3361 2205 3419 spiritualibus,quaeMonia-

1240 3428 1339 3470 libus
1351 3425 1563 3479 Capucinis
1587 3421 1703 3477 ipfius
1720 3422 1882 3463 Ordinis
1897 3418 2082 3462 coneeffae
2094 3418 2198 3468 sunt,

1237 3488 1277 3527 δι
1290 3483 1581 3541 quandocumq5
1603 3482 1640 3521 in
1657 3477 1831 3520 futurum
1846 3479 2089 3533 generaliter
2103 3491 2201 3517 con-

1235 3537 1757 3594 cedentur‚ac,qu1busipsae
1783 3541 1852 3580 Mo
1887 3538 1976 3578 'ales
1989 3537 2202 3587 Capucinae

1234 3612 1406 3645 utuntur
1420 3625 1434 3647 ‚
1450 3600 1635 3638 fruuntur
1649 3625 1662 3647 ,
1682 3597 1721 3636 &
1735 3596 1862 3651 gaude
1895 3604 1934 3644 t,
1949 3607 1995 3634 ac
2008 3592 2065 3632 uti
2079 3618 2093 3640 ,
2108 3591 2199 3643 frui,

1234 3663 1272 3703 &
1289 3657 1459 3713 gaudere
1479 3652 1629 3710 possunt
1648 3680 1661 3702 ‚
1676 3667 1720 3694 ac
1738 3658 1928 3707 poterunt
1955 3650 1995 3690 in
2012 3649 2204 3701 futurum,

1237 3719 1318 3774 pari
1335 3714 1531 3762 modo‚&
1550 3714 1695 3768 absque
1722 3710 1801 3751 ulla
1828 3707 2057 3750 differentia
2073 3735 2087 3756 ,
2118 3708 2204 3755 uti,

1233 3776 1335 3822 frui,
1352 3776 1390 3814 &
1408 3772 1579 3826 gaudere
1595 3799 1607 3821 ,
1623 3767 1747 3813 libere
1762 3795 1775 3816 ‚
1795 3767 1832 3807 &
1858 3764 1971 3808 licite
1983 3763 2124 3821 poffint
2138 3794 2153 3815 ,
2167 3767 2205 3805 δε

1234 3834 1391 3878 valeant
1407 3833 1446 3872 iu
1470 3828 1654 3871 omnibus
1670 3856 1682 3879 ‚
1713 3828 1748 3866 δι
1764 3839 1836 3879 per
1852 3825 1985 3867 omnia
2013 3823 2179 3878 perinde
2193 3852 2204 3872 ‚

2104 3894 2145 3920 ac
