2592 4094
957 230 1550 348 Insulenfis'.
2032 265 2202 350 239

253 369 427 413 mentiri
441 369 942 430 firmioribusApostolicoe
970 375 1109 417 nostre
1133 390 1233 419 con·
1291 377 1528 418 austeritate
1555 371 1751 422 scienter,
1773 371 1840 415 vel
1866 371 2098 428 ignoranter
2124 382 2258 422 conti-

251 426 490 490 firmationis
515 432 663 475 robore
697 434 939 477 communiri
981 433 1232 489 summopere
1290 435 1396 487 gerit
1408 434 1596 476 attentari
1609 451 1620 463 ·
1637 435 1728 475 Non
1741 432 1986 475 obstantibus
2002 432 2258 487 Apostolicis,

249 486 479 543 defideret3
507 493 591 532 Nos
614 490 726 534 Pauli
754 492 941 548 Episcopi
963 489 1113 547 praefati
1141 489 1232 547 sup·
1287 491 1328 531 &
1355 490 1395 532 in
1421 489 1714 534 universalibus
1729 489 2048 533 provincialibus
2061 490 2259 533 conciliis

246 544 534 602 plicationibus
550 549 676 593 Nobis
691 547 809 604 ὧροι
821 550 900 592 hoc
912 548 1119 590 humiliter
1133 561 1230 602 por-
1287 545 1412 590 editis
1424 549 1678 604 generalibus
1690 575 1703 597 ,
1728 549 1793 591 vel
1807 547 2043 604 specialibus
2056 548 2262 589 Constitu·
2294 573 2299 578 ·

249 605 369 648 reffls
386 603 598 657 inclinati,
617 609 838 652 Decretum
862 605 1089 662 predictum
1113 609 1228 660 Apo-
1287 605 1494 656 tionibus,
1516 609 1556 649 &
1583 606 1917 649 ordinationibus
1931 632 1948 655 ,
1969 606 2035 655 δι,
2061 613 2259 659 quatenus

248 660 386 704 norica
403 665 643 707 auctoritate
654 675 798 708 tenore
818 663 1066 721 presentium
1077 676 1227 718 appro-
1285 675 1383 718 opus
1397 663 1467 715 fit,
1488 664 1656 707 Ordinis
1677 663 1844 718 praefati,
1857 664 1981 706 etiam
2005 662 2260 719 juramento,

247 721 386 761 bamus
405 747 420 770 ,
437 721 475 762 &
491 720 798 774 confirmamur,
825 721 962 776 illique
977 720 1218 764 inviolabilis
1281 719 1586 764 confirmatione
1598 722 1821 775 Apostolica
1836 750 1850 773 ,
1878 723 1942 764 vel
1969 721 2109 778 quavis
2131 719 2259 762 firmi·-

245 775 485 835 Apostolicat
510 778 712 826 firmitatis
739 781 866 825 robur
889 779 1100 836 adjicimus
1127 807 1142 831 ,
1173 791 1222 820 ac
1280 787 1365 819 tate
1378 778 1454 821 alia
1469 779 1669 820 roboratis
1697 778 1877 830 statutis,
1903 781 1940 820 &
1958 777 2263 822 consuetudini-

244 835 458 889 omnibus,
475 838 516 879 8(
542 838 705 892 lingulis
739 849 824 882 tam
837 837 961 894 juris,
988 839 1109 892 quam
1134 834 1226 879 faeti
1286 835 1621 891 bus‚caeterisque
1633 838 1846 878 contrariis
1861 837 2201 893 quibustumque.

243 893 438 943 deferres,
455 894 479 936 fi
493 895 562 950 qui
585 896 754 951 desuper
775 893 1082 952 quomodolibet
1094 895 1226 937 inter·
1398 896 1550 937 Datum
1566 895 1704 936 Romae
1726 895 1830 948 apud
1848 899 2028 939 Sanctam
2054 896 2252 939 Marianu·

244 952 456 1000 venerint,
484 952 712 1005 supplemus
739 980 752 994 .
794 955 1070 995 Decet-nentes
1090 952 1221 1002 illud,
1281 950 1480 1002 Maiorem
1502 951 1568 994 sub
1589 951 1754 993 Annulo
1780 952 1990 994 Piscatoris
2020 982 2034 1005 ‚
2065 953 2132 995 die
2164 964 2255 995 altr.

240 1022 286 1051 ac
312 1009 518 1064 ptaesentes
532 1008 691 1052 litteras
715 1009 892 1061 validas,
914 1007 1219 1057 firmas‚&effi.
1266 1009 1368 1062 ‘Maii
1398 1022 1590 1051 mucxxx.
1621 1009 1883 1053 Pontificatfis
1910 1012 2035 1054 nostri
2064 1025 2169 1054 anno
2198 1009 2259 1052 se·

239 1080 352 1108 caces
374 1064 539 1110 existere
551 1095 568 1117 ,
580 1069 620 1110 &
632 1065 718 1109 fore
734 1081 751 1120 ;
777 1065 906 1124 sicque
925 1081 998 1125 per
1011 1067 1217 1122 quoscum·
1275 1068 1406 1124 ptimo
1421 1096 1434 1107 .

237 1136 316 1178 que
325 1122 490 1179 Judices
503 1123 728 1174 ordinarios
739 1153 755 1176 ,
775 1126 813 1166 8(
826 1125 1038 1181 delegatos
1050 1153 1065 1176 ,
1092 1125 1214 1167 etiam

238 1182 445 1225 causarum
456 1183 601 1227 Palatii
629 1183 851 1238 apostolici
871 1185 1096 1228 Auditores
1112 1182 1221 1238 judi·
1343 1181 1592 1239 Autograpb.
1607 1186 1649 1224 in
1664 1184 1797 1226 Archi.
1819 1185 2054 1228 secretaria·
2074 1189 2260 1228 Brevium

239 1240 348 1290 cari,
373 1242 412 1282 &
437 1241 595 1284 definiri
611 1241 789 1291 debere,
814 1256 860 1284 ac
875 1244 1035 1285 irritum
1050 1268 1064 1291 a
1083 1243 1123 1283 &
1141 1242 1222 1283 ina·-
1397 1241 1703 1298 Apostolicorum
1722 1242 1876 1300 chtsso
1906 1245 2037 1300 mensis
2051 1273 2065 1296 ,
2096 1244 2149 1295 &a
2165 1246 2261 1286 anne·

244 1311 294 1339 ne
307 1324 321 1346 2
339 1297 363 1339 fi
382 1299 475 1355 quid
500 1300 612 1344 secus
627 1299 742 1359 super
756 1301 815 1343 his
828 1303 851 1345 ὲ
864 1315 1064 1359 quoquam
1081 1300 1219 1356 quavis
1386 1297 1731 1359 prediff.fol.41.

972 1457 1527 1522 NOTA.

234 1654 303 1746 F
329 1655 529 1694 Ranciscam
544 1659 579 1691 in
592 1655 769 1702 prtepofito
781 1654 987 1703 Apostolico
1003 1655 1105 1692 Brevi
1117 1664 1334 1692 memoratam
1347 1654 1480 1692 mundo
1489 1655 1583 1692 dedit
1596 1654 1899 1703 quarturJanuarii
1917 1655 1990 1692 dies
2003 1657 2082 1693 anni
2092 1653 2259 1690 millesimi

332 1703 593 1751 quingentesimi
618 1703 816 1754 caugeiimi
843 1702 967 1750 primi,
995 1703 1206 1751 videturque
1219 1730 1231 1746 ‚
1256 1704 1350 1750 quod
1362 1703 1431 1750 ipse
1442 1704 1542 1740 ortus
1557 1705 1652 1741 locus
1666 1704 1784 1741 futmae
1810 1702 2040 1740 sanctimonia
2065 1701 2262 1750 praedixerit

233 1753 379 1797 gloriam
395 1765 408 1797 ς
431 1764 510 1800 cum
524 1753 558 1788 iu
572 1751 731 1789 Civitate
743 1775 757 1792 .
781 1763 858 1798 quae
871 1753 891 1788 ὲ
902 1752 940 1789 S.
954 1752 1160 1788 Andomaro
1176 1762 1304 1788 nomen
1318 1751 1466 1796 accepit,
1480 1751 1580 1788 fuerit
1594 1763 1671 1788 nata
1680 1777 1694 1795 ‚
1719 1756 1739 1788 'a
1753 1753 1851 1788 Patre
1864 1752 2002 1797 quidem
2017 1752 2118 1788 Petro
2130 1747 2263 1794 Taffin,

234 1802 391 1841 DomIno
403 1801 445 1837 de
459 1801 537 1837 Hoc
564 1809 622 1835 uet
633 1799 700 1838 &a
718 1798 807 1835 Viro
818 1821 833 1841 ‚
855 1797 954 1843 cujus
968 1798 1071 1834 fidem
1086 1799 1201 1844 Philip
1228 1810 1268 1835 us
1285 1799 1329 1834 ΙΙ.
1342 1798 1587 1844 Hispaniarum
1601 1800 1683 1836 Rex
1697 1799 1816 1836 litteris
1829 1799 2083 1836 commendavit
2092 1821 2108 1841 ,
2131 1797 2166 1833 &
2180 1796 2257 1833 Ma·

235 1857 285 1884 tre
302 1872 314 1889 ‚
345 1848 533 1893 Margarita
571 1847 652 1893 apin
667 1872 678 1888 ,
701 1846 828 1882 nobilis
841 1848 874 1881 δι
888 1844 1034 1891 antiquie
1045 1844 1080 1880 in
1091 1844 1183 1882 dieta
1194 1811 1350 1881 givitate‘
1366 1845 1532 1892 prosapiae
1548 1846 1695 1882 Muliere
1708 1870 1720 1882 .
1747 1845 1887 1893 Adjecit
1907 1846 2026 1883 divina
2042 1844 2262 1883 Providentia

233 1895 340 1932 omini
353 1895 451 1932 ottt'ls
465 1895 571 1932 decus
582 1893 733 1931 nominis
745 1893 923 1931 Franciscae
937 1891 970 1926 in
984 1891 1159 1939 Baptismo
1171 1892 1284 1929 collati
1296 1915 1309 1936 ,
1332 1903 1405 1939 quo
1431 1891 1502 1939 jam
1527 1902 1607 1929 tunc
1630 1892 1833 1931 franciscam
1864 1905 1938 1929 non
1966 1895 2079 1930 solum
2095 1890 2262 1929 francisci

233 1943 349 1982 Sanffl
361 1943 397 1980 ἃ
414 1941 593 1988 seraphici
610 1941 824 1979 imitatricem
836 1964 849 1984 ‚
861 1941 914 1977 sed
927 1940 962 1976 8(
975 1951 1073 1977 novae
1086 1940 1307 1978 Franciscanae
1322 1940 1437 1977 Ptolis
1453 1941 1596 1977 Matrem
1610 1940 1681 1978 fore
1697 1939 1892 1988 prasagiifl'e
1907 1941 2065 1979 videtur.
2089 1943 2259 1977 necarem

231 1992 396 2039 dotesque
413 1989 566 2037 corporis
579 1989 751 2036 superavit
765 1990 866 2032 longe
882 1987 1016 2033 spiritus
1029 1989 1150 2025 mentis
1161 2014 1172 2030 ‚
1196 1991 1295 2034 cujus
1311 1989 1354 2025 ab
1366 1988 1507 2024 infantia
1523 1991 1680 2034 preclara
1694 1989 1788 2026 dedit
1803 1989 1983 2035 specimina
2000 2015 2011 2031 ,
2027 1994 2061 2026 8(
2074 2001 2177 2036 quem
2188 1999 2259 2023 ma-

232 2047 316 2077 turae
330 2040 456 2086 semper
470 2036 610 2072 virtutis
621 2036 794 2071 exercitiis
803 2036 963 2070 firmavit.
978 2034 1077 2070 Vidit
1093 2037 1127 2070 in
1142 2036 1322 2071 Franciscoe
1335 2035 1435 2078 facie,
1445 2038 1540 2080 quod
1554 2037 1649 2073 intus
1665 2037 1781 2078 latuit,
1791 2038 1925 2083 pietatis
1934 2038 2058 2082 semen,
2068 2037 2262 2084 Episcopufl

234 2085 472 2126 Nivernenffi,
483 2084 563 2118 dum
577 2084 834 2118 Sacramentum
845 2080 1126 2116 Confirmationis
1140 2082 1172 2116 ei
1183 2081 1374 2122 conferens,
1383 2083 1532 2126 praesago
1545 2083 1702 2120 instinctu
1717 2086 1810 2119 illam
1821 2086 1868 2121 ita
1885 2087 2059 2122 allocutus
2073 2087 2120 2121 est
2135 2096 2146 2119 t
2165 2082 2257 2119 Filia

232 2133 378 2177 muster
389 2131 458 2168 tihi
469 2129 576 2166 ‘Deus
583 2129 737 2177 gratiam
747 2126 830 2164 ben&
844 2126 991 2163 vivendi
1004 2127 1077 2167 &a
1095 2126 1223 2163 Vivam
1234 2126 1362 2173 semper
1375 2129 1486 2162 tenuit
1499 2129 1710 2174 Episcopalis
1725 2131 1932 2176 precationis
1945 2132 2138 2168 memoriam
2147 2153 2160 2174 ‚
2173 2131 2259 2167 sicut

230 2183 266 2219 8(
281 2182 420 2219 devota
431 2177 604 2225 cujusdam
621 2177 786 2215 Matronae
796 2175 983 2217 monitum,
993 2186 1080 2222 quo,
1094 2173 1242 2222 utjuxta
1255 2174 1448 2212 Puellarum
1474 2185 1600 2210 morem
1613 2178 1758 2213 durante
1784 2178 1890 2214 Miffoe
1912 2179 2088 2215 Sacrificio
2111 2181 2259 2215 lumen...

233 2231 353 2268 statum
367 2227 492 2264 divina
509 2226 680 2262 voluntati
703 2225 900 2264 conformcn
921 2223 1085 2267 seligendi
1103 2225 1123 2259 ἐι
1142 2226 1220 2260 Deo
1234 2233 1394 2270 peteret,
1417 2235 1490 2259 eam
1509 2222 1663 2261 incitavit
1681 2252 1692 2260 .
1720 2226 2000 2269 Progredientem
2021 2227 2056 2262 in
2078 2225 2209 2262 virtute
2223 2225 2259 2260 &

229 2288 325 2315 aetate
338 2274 520 2314 duodecim
532 2284 701 2309 annorum
718 2274 883 2309 Parentes
895 2272 929 2308 in
946 2271 1071 2307 celebri
1086 2270 1295 2307 Monasterio
1307 2270 1525 2313 Monialium,
1538 2272 1685 2310 Ordinis
1697 2273 1927 2318 S.Benediffi‚
1938 2275 1973 2311 8(
1986 2274 2151 2314 Civitatis
2165 2274 2257 2310 Bur-

227 2323 408 2370 burgeulis
424 2320 668 2358 Penlionariam
681 2321 894 2358 collocarunt
910 2342 922 2362 ‚
944 2318 978 2353 in
993 2330 1066 2364 quo
1083 2317 1230 2354 neusin
1246 2318 1350 2355 corde
1360 2318 1436 2366 ejus
1450 2317 1622 2362 rigidioris
1634 2323 1846 2368 paupertatis
1859 2334 2008 2360 amorem
2018 2324 2064 2358 ita
2072 2322 2258 2366 excitavit,

228 2384 268 2412 ut
281 2383 402 2409 votum
415 2371 499 2406 inter
513 2368 674 2406 Clarifl'as
690 2369 721 2405 se
734 2367 855 2405 divino
876 2365 1048 2414 obsequio
1062 2365 1271 2410 mancipandi
1295 2365 1355 2401 vix
1370 2377 1439 2400 uon
1455 2365 1647 2404 emitteret.
1673 2369 1880 2406 Reservavtt
1900 2379 2014 2406 autem
2035 2372 2135 2406 Deus
2156 2370 2259 2417 hujus

228 2420 376 2459 fervoris
386 2417 542 2456 effectum
569 2416 716 2453 adalind
733 2425 866 2460 tempus
879 2440 892 2458 ,
916 2415 999 2452 dum
1012 2412 1151 2450 interim
1170 2413 1345 2450 Francisca
1364 2412 1399 2447 in
1411 2412 1506 2448 dicto
1520 2413 1727 2451 Monasterio
1738 2438 1753 2458 ‚
1777 2427 1841 2451 ceu
1857 2427 1947 2452 νει-ω
1960 2416 2096 2452 virtutis
2118 2418 2229 2452 schola
2241 2440 2256 2461 ‚

228 2468 401 2507 solidioris
414 2464 612 2503 devotionis
625 2464 767 2511 collegit
779 2463 980 2503 charismata
993 2485 1004 2497 .
1031 2462 1211 2498 Revocata
1227 2460 1302 2508 post
1315 2460 1403 2497 duos
1415 2469 1520 2495 annos
1535 2460 1575 2495 ad
1588 2471 1740 2506 paternas
1754 2463 1841 2499 aedes
1855 2462 2008 2506 gloriosa
2022 2463 2143 2498 horum
2158 2465 2255 2499 dedit

230 2517 404 2564 exempla,
422 2513 624 2551 sacramenta
638 2511 845 2560 poenitentiae
859 2512 894 2549 8(
906 2509 1120 2548 Eucharistiae
1131 2509 1360 2556 frequentans,
1381 2506 1733 2555 Ecclelias‚praesertim
1747 2510 1843 2546 illam
1854 2510 1892 2547 B.
1904 2509 1953 2547 V.
1967 2510 2084 2546 Mariae
2101 2510 2254 2547 Miracu-

228 2567 342 2604 lorum
356 2564 391 2601 in
405 2565 519 2610 platea
533 2560 662 2610 majore
670 2561 839 2599 Civitatis
851 2559 946 2596 litam
961 2558 1097 2595 visitans
1112 2581 1125 2600 ‚
1138 2559 1172 2596 ἃ
1187 2558 1351 2604 exemplo
1369 2555 1544 2602 congeniae
1567 2556 1735 2594 medente
1747 2556 1934 2594 Civitatem
1955 2565 2062 2594 turam
2075 2558 2255 2594 edificans.

228 2612 408 2653 Excitavit
421 2611 474 2647 hic
487 2619 612 2646 naturae
626 2611 810 2655 gratiaque
825 2607 930 2645 donis
945 2608 1078 2645 mixtus
1089 2606 1191 2642 decor
1205 2606 1242 2641 in
1258 2604 1411 2651 pluribus
1424 2613 1660 2652 amorem,quo
1676 2617 1746 2640 eam
1761 2604 1819 2640 fibi
1831 2604 1864 2640 in
1880 2605 2043 2652 Sponsam
2055 2605 2253 2650 selegerant.

227 2663 382 2699 Puellam
393 2660 557 2709 juvenem
568 2657 658 2705 jugo
673 2656 885 2694 Matrimonii
899 2656 997 2692 subdi
1013 2655 1108 2689 Pater
1125 2663 1209 2690 tunc
1222 2653 1357 2692 noluit;
1382 2650 1539 2688 deiuuaa
1567 2662 1675 2688 autem
1694 2653 1770 2702 ejus
1790 2653 1925 2696 Matre,
1951 2652 2154 2688 sexdc'nnem
2166 2655 2253 2690 Ale-

230 2710 365 2748 xandro
381 2708 479 2746 Maes
489 2733 499 2749 ‚
513 2705 601 2754 juris
629 2705 807 2744 licentiato
827 2728 840 2747 ‚
868 2703 1081 2741 Penlionario
1103 2702 1268 2738 Civitatis
1291 2701 1326 2737 8(
1353 2700 1560 2737 Praefectura
1585 2699 1828 2746 Burburgenlis
1852 2699 2058 2737 Conliliario
2073 2723 2087 2742 ‚
2110 2711 2214 2746 quem
2229 2704 2251 2736 a

228 2767 381 2804 tempore
393 2755 427 2790 &
441 2765 563 2791 mutuo
579 2754 731 2792 incolatu
745 2753 883 2798 optime
894 2751 1020 2789 indolis
1036 2749 1158 2787 Virum
1171 2760 1315 2786 noverat
1329 2772 1342 2791 ,
1367 2748 1401 2783 in
1415 2748 1516 2785 fidem
1528 2749 1639 2784 dedit.
1666 2751 1799 2786 Durum
1812 2749 1947 2797 quidem
1960 2750 1980 2784 ὲ
1997 2749 2094 2784 Patre
2116 2747 2248 2793 lepara-

225 2806 253 2841 ri
269 2828 281 2846 ,
306 2802 489 2840 Franciscae
504 2800 614 2836 visum
629 2801 705 2842 fuit,
719 2801 800 2837 sacri
814 2809 923 2837 tamen
936 2796 1103 2842 ligaminis
1111 2797 1263 2834 debitum
1273 2796 1410 2834 noscens
1421 2821 1432 2841 ,
1443 2796 1560 2843 spiritu
1571 2808 1695 2841 magno
1710 2797 1925 2842 Burburgum
1937 2797 1979 2832 ad
1987 2795 2108 2843 Sponli
2120 2797 2205 2832 aedes
2217 2797 2249 2834 se

227 2852 375 2890 contulit
387 2872 401 2893 ‚
426 2849 549 2894 easque
564 2849 610 2884 eb
623 2848 767 2884 hilarior
780 2846 1026 2888 incoluit,cum
1047 2845 1081 2880 in
1095 2844 1137 2882 iis
1155 2845 1312 2883 virtutem
1328 2845 1528 2891 inquilinam
1543 2868 1556 2887 ,
1569 2845 1603 2880 ἃ
1617 2844 1677 2881 hac
1693 2846 1802 2881 veluti
1821 2845 1969 2892 pretioso
1983 2854 2110 2880 ornatu
2124 2843 2248 2889 Sponfi

229 2902 386 2938 Parentes
399 2895 543 2933 amiEtos
555 2896 722 2933 invenerit
736 2921 747 2929 .
774 2894 957 2932 Benedixit
974 2895 1071 2930 Deus
1083 2895 1254 2931 connubio
1269 2894 1453 2931 timentium
1468 2905 1544 2929 eum
1558 2892 1704 2939 duplicia
1721 2893 1812 2930 fine
1828 2901 1933 2941 partu
1946 2916 1959 2935 ,
1983 2892 2018 2928 &
2034 2902 2217 2929 amorem..
2230 2915 2245 2935 ,

226 2948 286 2992 nui
300 2957 412 2982 moras
426 2944 462 2981 in
477 2945 581 2980 domo
594 2943 672 2979 fecit
681 2943 849 2991 jucundas
868 2966 880 2985 ,
902 2941 1205 2979 &inhabitantium
1218 2943 1321 2978 corda
1335 2941 1556 2978 indissolubili
1567 2942 1660 2976 nodo
1672 2942 1707 2977 in
1721 2952 1828 2976 unum
1842 2940 2030 2977 connexuit
2041 2962 2055 2983 ‚
2079 2939 2180 2975 variae
2193 2940 2240 2975 fe-

226 2995 366 3033 licitatis
381 2992 507 3029 accessu
520 2991 662 3028 adauxit
678 3014 690 3028 .
707 2993 807 3029 lllum
821 3000 932 3031 tamen
950 2989 1127 3028 Franciscae
1140 3002 1176 3026 ut
1192 2990 1251 3027 libi
1263 2989 1449 3036 acquireret
1465 2991 1632 3034 integrum
1644 3012 1657 3032 ,
1681 2989 1791 3034 rapuit
1802 2988 1821 3024 ὲ
1837 2988 1929 3023 vivis
1948 2989 2114 3024 Socerum
2130 3010 2144 3031 ‚
2166 2998 2243 3024 cum

225 3043 346 3093 quoin
359 3042 522 3077 librorum
533 3040 756 3086 spiritualium
770 3039 917 3076 tectione
928 3039 1111 3088 jucundari
1123 3040 1343 3076 consueverat
1356 3063 1366 3073 .
1393 3037 1529 3074 Afflixit
1545 3037 1681 3084 quidem
1694 3035 1823 3083 jastura
1837 3037 1977 3071 Nurum
1991 3059 2003 3076 ,
2027 3035 2107 3074 fecit
2128 3044 2242 3071 autem

228 3103 322 3129 amor
352 3091 390 3127 in
413 3090 524 3125 Deum
555 3100 600 3125 ex
626 3101 664 3125 ca
694 3089 843 3132 lucrum,
868 3099 945 3124 cum
955 3085 1125 3123 francisca
1137 3088 1295 3124 liberiore
1304 3088 1373 3135 jam
1385 3087 1445 3122 usu
1460 3097 1594 3132 ternpus
1606 3089 1638 3120 ὁ(
1651 3084 1748 3121 dicta:
1761 3083 1900 3121 lectioni
1909 3107 1922 3127 ,
1936 3083 1972 3120 &
1987 3083 2127 3120 virtutis
2139 3094 2239 3120 excr-

230 3141 314 3178 citio
330 3137 525 3186 impendere
540 3136 648 3184 pulset
667 3159 678 3170 .
705 3135 794 3173 Mire
806 3146 866 3173 cor
879 3135 952 3183 ejus
966 3135 1114 3173 incendit
1138 3134 1221 3173 liber
1244 3137 1285 3171 de
1311 3135 1433 3170 divino
1449 3145 1562 3171 amore
1575 3156 1588 3175 ‚
1610 3144 1708 3177 quem
1721 3132 1762 3166 de
1772 3133 1853 3168 Sera
1879 3131 1957 3169 bico
1971 3131 2240 3168 Bonaventura..

230 3186 456 3234 compofitum
470 3187 489 3223 'a
501 3185 622 3222 nostris
637 3195 812 3231 acceperat
828 3184 999 3221 Fratribus
1014 3206 1024 3218 .
1052 3184 1297 3230 Qantumque
1308 3183 1395 3219 enim
1409 3182 1443 3217 hi
1457 3193 1535 3217 tunc
1548 3178 1715 3223 Burburgi
1728 3179 1853 3216 domici
1869 3178 1938 3214 ium
1959 3191 2030 3215 non
2047 3180 2213 3217 haberent
2227 3203 2241 3222 ,

226 3248 303 3273 cum
318 3246 430 3272 tamen
444 3234 479 3270 id
492 3233 641 3274 crebrius
653 3233 811 3270 accedere
825 3233 1010 3274 deberent,
1035 3232 1077 3268 ad
1090 3231 1276 3280 spiritualia
1289 3230 1445 3277 obsequia
1469 3240 1538 3264 turn
1551 3231 1569 3262 a
1582 3228 1702 3263 celebri
1716 3225 1914 3264 Monialium
1928 3226 2070 3264 Ordinis
2082 3229 2119 3265 S.
2131 3227 2241 3264 Bene-

225 3282 310 3319 dieti
324 3282 536 3319 Monasterio
550 3304 564 3323 ‚
589 3292 660 3317 tum
678 3283 697 3316 “a
713 3282 785 3317 DD
813 3280 973 3317 Parochis
986 3281 1102 3317 vocati
1114 3304 1126 3322 ‚
1151 3280 1185 3316 in
1199 3282 1302 3317 domo
1319 3277 1492 3315 francisca:
1505 3287 1563 3312 cos
1577 3275 1737 3320 hospitari
1754 3276 1954 3315 consuetum
1967 3286 2036 3312 crat
2050 3298 2063 3319 ,
2087 3287 2237 3312 commu-

225 3330 288 3374 ni,
310 3342 503 3378 teneroque
515 3329 637 3368 affefiku
655 3354 670 3375 ,
693 3341 765 3376 quo
785 3329 927 3366 Familia
947 3338 1018 3363 tota
1029 3328 1194 3366 Ordinem
1207 3329 1353 3364 nostrum
1370 3323 1683 3372 complectebatur,
1706 3323 1740 3362 8(
1764 3335 1835 3371 quo
1856 3323 1982 3360 Ordini
2007 3324 2131 3360 Filium
2157 3335 2238 3359 natu

227 3378 493 3421 minorem,inter
509 3380 674 3416 nostrates
689 3376 973 3422 Burburgenfium
987 3377 1129 3422 primum
1144 3375 1385 3418 dederat‚aliud
1396 3373 1632 3408 diverticulum
1645 3371 1711 3408 illis
1721 3383 1789 3407 non
1803 3372 2239 3420 permittente.0pportuna

227 3426 293 3461 suit
309 3426 490 3462 Franciscae
505 3426 572 3462 haec
585 3426 716 3464 occasun
727 3437 804 3463 cum
821 3426 862 3462 iis
873 3426 915 3462 de
934 3425 1036 3461 statiis
1051 3425 1239 3471 conjugalis
1253 3423 1459 3470 perfectione
1473 3420 1691 3466 colloquendi
1707 3442 1721 3463 ,
1744 3418 1827 3456 ficut
1842 3420 1877 3457 &
1895 3421 2067 3458 Fratribus
2089 3431 2236 3466 optata..

231 3471 456 3518 sorsjaciendi
472 3473 580 3510 semen
589 3474 623 3508 in
639 3484 761 3510 terram
774 3496 788 3517 ,
800 3486 900 3521 quarn
912 3474 955 3511 ad
972 3475 1211 3520 producendos
1223 3473 1349 3509 ftuc'tus
1361 3469 1496 3506 honoris
1511 3470 1543 3504 8(
1556 3470 1688 3504 virtutis
1702 3467 1830 3513 optime
1846 3467 1902 3504 dis
1898 3468 2034 3516 politam
2046 3468 2237 3505 cernebant.

230 3520 382 3557 Audiens
398 3520 498 3556 semel
515 3521 658 3557 delicias
671 3522 836 3559 orationis
850 3522 1004 3559 mentalis
1016 3522 1096 3556 &Ca
1102 3521 1225 3566 pucino
1243 3522 1278 3558 in
1293 3519 1472 3556 Concioue
1487 3518 1528 3553 ad
1543 3516 1709 3552 Monialcs
1722 3517 1862 3553 Ordinis
1876 3517 1911 3553 S.
1922 3515 2095 3552 Benedicti
2104 3515 2145 3551 dc
2157 3515 2233 3559 pul-

228 3570 303 3616 pito
315 3568 444 3604 extolli
457 3591 470 3611 ‚
497 3568 544 3605 ita
555 3580 628 3605 eam
645 3568 737 3605 sacrae
750 3569 853 3616 hujus
866 3571 947 3606 artis
959 3568 1087 3615 cupido
1101 3569 1223 3605 incellit
1244 3594 1255 3611 ,
1280 3579 1318 3604 ut
1342 3568 1383 3603 ab
1406 3579 1451 3605 eo
1473 3566 1611 3609 desuper
1626 3564 1739 3600 instrui
1756 3564 1893 3601 enixius
1908 3563 2041 3607 rogavit
2064 3586 2075 3598 .
2101 3562 2233 3599 Annuit

228 3621 327 3655 Pater
338 3640 350 3660 ,
379 3616 414 3652 8(
426 3627 484 3652 ore
496 3615 531 3651 8(
544 3616 670 3663 scripto
689 3627 764 3653 eam
781 3618 920 3665 reliquit
934 3616 1123 3654 instructam
1139 3641 1148 3650 .
1175 3617 1305 3654 Gavisa
1319 3616 1359 3651 de
1370 3614 1457 3650 sorte
1471 3621 1626 3650 exercere
1639 3612 1741 3659 coepit
1752 3636 1765 3655 ,
1788 3613 1884 3659 quod
1896 3611 2028 3653 didicit,
2049 3611 2084 3646 8(
2097 3611 2158 3647 vix
2170 3610 2232 3656 spi-

229 3665 365 3703 ritualis
379 3664 472 3701 ilicia
482 3665 526 3700 ea
540 3665 692 3702 mensura
704 3664 852 3708 gustavit
865 3690 877 3709 ‚
902 3676 938 3701 ut
954 3666 1102 3701 mundus
1121 3665 1222 3711 plene
1235 3665 1372 3710 inlipere
1387 3661 1524 3706 coeperit
1539 3685 1550 3702 ,
1572 3659 1606 3695 8(
1619 3660 1650 3696 se
1664 3671 1770 3696 totam
1785 3663 1862 3696 Deo
1879 3659 2070 3696 consecrare
2085 3659 2232 3695 resolve-

227 3715 272 3750 rit
288 3737 299 3750 .
330 3714 457 3748 Mutuo
484 3711 624 3749 consilio
648 3713 773 3749 arbiter
798 3713 870 3761 ejus
894 3712 1104 3750 conscientia
1125 3735 1138 3756 ‚
1161 3713 1195 3750 8(
1207 3710 1376 3759 Capucini
1394 3709 1603 3755 propositum
1623 3709 1874 3754 approbarunt,
1897 3706 2052 3753 illudque
2074 3703 2231 3755 Conjugi

232 3761 355 3810 aperiri
369 3760 557 3796 suaserunt.
583 3759 678 3796 Hinc
694 3759 862 3798 Francisca
890 3762 1014 3797 librum
1039 3761 1079 3796 dc
1105 3761 1244 3798 Sanctis
1255 3785 1267 3804 ,
1284 3759 1343 3805 qui
1356 3758 1475 3794 divino
1486 3756 1641 3792 instinctu
1656 3758 1873 3803 Hymenaeum
1888 3755 2029 3800 ligamen
2043 3755 2233 3798 solverunt,

232 3819 354 3847 mutuo
382 3807 544 3847 consensu
576 3810 654 3845 Deo
672 3807 732 3843 soli
765 3806 796 3842 se
825 3810 1034 3847 devoventes
1050 3833 1059 3848 ,
1086 3818 1238 3853 agentem
1255 3833 1266 3854 ‚
1292 3808 1388 3854 supra
1403 3804 1547 3841 mensam
1559 3814 1709 3852 apertum
1724 3803 1883 3849 reliquit,
1907 3810 2071 3849 quatenus
2084 3805 2230 3885 Algxan-

2148 3861 2183 3886 er
