2592 4094
1007 237 1584 358 Insulenfis.

274 381 498 427 ae'tionibus
525 380 761 425 notabiliter
792 380 956 426 deficiet
981 380 1022 426 in
1042 385 1222 438 respeflu
1237 413 1252 437 ‚

273 452 344 486 aut
360 441 592 484 reverentia
607 453 703 496 erga
725 442 963 498 Superiores
976 469 993 492 ,
1019 440 1071 484 de
1082 442 1251 484 manda-

274 512 324 546 ω
347 498 619 557 δυρετίοτίίῖε
633 499 756 542 saciet
784 499 1038 554 disciplinam>
1056 499 1098 543 in
1116 498 1248 546 nese«,

271 558 402 603 &orio
416 559 546 614 spatio
569 558 684 603 unius
699 557 896 600 Miserere
912 585 939 599 ..

390 618 434 662 Si
455 616 634 673 quaedam
659 617 791 660 verbis
820 616 982 672 litigare
996 615 1249 672 praesumpse-

272 675 329 723 rit
348 684 493 721 contra
517 672 821 732 Superioriisam
834 676 968 726 suam,
989 684 1060 718 aut
1082 674 1143 717 illi
1171 675 1247 717 ali-

268 733 370 835 Fuid
395 734 672 791 exprobrare,
690 731 810 778 faciat
839 731 1091 788 disciplinam
1114 734 1155 775 in
1170 734 1255 776 Re·

288 795 443 838 cetorio
454 823 471 846 ,
503 791 635 836 tribus
649 792 770 836 sextis
785 791 895 837 feriis
909 793 1164 850 stquentibus
1177 821 1194 842 ,
1211 794 1251 834 ἃ.

269 850 417 896 eisdem
433 851 574 899 diebus
591 851 777 896 comedat
803 853 846 896 in
862 860 971 895 terra
994 850 1162 906 genibus
1177 851 1249 893 fle·

268 912 413 962 xis‚&
429 910 528 954 nihil
553 908 682 953 sumat
695 920 843 966 praeter
853 923 998 966 panem
1022 911 1063 951 δι
1087 922 1243 962 aquam.

263 971 346 1016 Sed
360 969 431 1014 illa
444 997 459 1020 ‚
477 981 563 1024 quae
584 968 754 1010 haberet
773 967 1107 1011 consuetudinem
1140 967 1245 1010 tales

263 1027 446 1074 defectus
460 1025 770 1074 committendi,
792 1027 834 1068 δι
847 1024 1056 1068 difficilem
1079 1024 1118 1066 se
1132 1026 1242 1067 exhi-

262 1090 379 1133 beret
401 1086 443 1128 in
471 1083 689 1139 regimine,
720 1093 897 1141 ponatur
925 1084 966 1127 in
998 1095 1167 1126 numero
1190 1083 1248 1140 ju-

264 1146 424 1191 niorum
479 1139 728 1195 rosellarum,
748 1142 858 1186 dicat
883 1141 1042 1197 culpam
1079 1141 1244 1197 lingulis

262 1204 424 1255 diebus,
451 1202 555 1244 aciat
579 1201 830 1258 disciplinam
855 1199 1017 1257 lingulis
1045 1200 1162 1243 sextis
1185 1199 1238 1243 fe·

261 1263 336 1307 riis
352 1265 392 1306 in
408 1258 645 1304 Refeoorio
664 1289 679 1313 ,
705 1260 892 1318 loquatur
913 1260 1085 1315 genibus
1099 1260 1214 1302 flexis
1227 1287 1243 1312 ‚

261 1334 365 1364 voce
400 1319 528 1362 activa
552 1321 592 1361 &
617 1317 760 1377 paffiva
790 1319 976 1375 privetur
1013 1319 1065 1361 ad
1108 1320 1239 1361 minus

261 1378 389 1437 spatio
414 1377 604 1421 trimestri
619 1388 714 1431 ‚aut
729 1379 932 1436 amplius,
956 1376 1023 1421 nifi
1045 1377 1239 1421 notabili-

259 1447 327 1481 ter
343 1440 524 1480 corret‘ta
538 1433 660 1480 fuerit
674 1465 685 1477 .

311 1523 315 1528 .
371 1498 582 1553 Quantum
600 1496 651 1539 ad
675 1495 814 1552 culpas
838 1504 984 1539 contra
999 1493 1242 1551 Superioris-

257 1553 339 1598 sam
351 1551 769 1609 commiffas,quando
795 1551 1037 1608 poenitentia
1065 1553 1238 1597 excedet

256 1612 507 1668 disciplinam
519 1638 533 1661 ‚
559 1611 817 1665 superior-iffi
834 1626 912 1656 non
929 1611 975 1655 fit
987 1612 1067 1655 sola
1078 1611 1211 1669 Judex
1223 1640 1238 1664 ‚

257 1669 330 1715 sed
346 1679 484 1713 utatur
497 1669 666 1714 confilio
679 1681 857 1726 quatuor
875 1668 1146 1715 Discretarum
1158 1700 1174 1724 ,
1191 1681 1239 1715 ut

254 1729 371 1773 fimul
395 1727 610 1787 judicent,
631 1727 655 1770 si
681 1729 885 1779 excessus,
901 1739 970 1773 aut
999 1730 1118 1786 culpa
1149 1730 1239 1771 talis

256 1789 308 1832 fit'
318 1814 332 1838 ‚
345 1801 434 1844 quae
445 1787 728 1842 poenitentiam
738 1801 814 1843 per
831 1787 1154 1830 Constitutiones
1168 1787 1241 1830 de-

254 1845 447 1903 signatam
462 1853 691 1888 inescatur.

369 1901 447 1946 Illa
461 1916 576 1959 ‚quae
602 1906 643 1944 in
658 1903 992 1958 Congregatione
1007 1931 1020 1955 ,
1045 1911 1115 1947 aut
1143 1916 1242 1959 pra:-

253 1961 380 2007 sentia
398 1961 566 2004 aliarum
583 1960 718 2004 verbis
744 1961 797 2004 de
813 1963 1098 2017 Superioribus
1129 1976 1241 2004 mur-

255 2020 478 2065 muraverit
501 2047 516 2070 ‚
546 2028 615 2061 aut
639 2017 692 2059 de
719 2031 856 2069 earum
885 2020 1206 2061 ordinationibus
1222 2047 1238 2070 ,

248 2079 377 2136 prima
393 2078 482 2119 vice
497 2105 514 2126 ‚
531 2089 611 2131 qua
630 2074 870 2129 reprehensa
886 2074 1012 2115 fuerit
1028 2102 1043 2125 ‚
1055 2089 1132 2127 pro
1145 2089 1238 2128 poe-

246 2134 421 2182 nitentia
443 2133 482 2175 ei
503 2132 743 2189 injungetur
755 2161 771 2183 ‚
784 2139 827 2172 ut
843 2133 993 2173 recitet
1018 2131 1236 2186 quinque,

245 2197 368 2239 Pater
392 2191 554 2238 noster,
584 2191 626 2232 &
644 2193 733 2234 Ave
752 2189 904 2233 Maria.
927 2188 1116 2232 Secunda
1146 2190 1234 2232 vice

242 2267 324 2298 una
355 2250 565 2306 disciplina
591 2250 633 2290 in
659 2247 915 2297 Refectorim
939 2246 1133 2289 sumendo
1163 2262 1232 2301 pa-

245 2324 342 2358 nem
363 2311 404 2352 &
428 2321 570 2364 aquam
600 2306 640 2347 in
656 2318 764 2349 terra
790 2306 885 2348 :sed
909 2305 935 2344 fi
963 2305 1003 2345 in
1030 2306 1107 2346 suis
1125 2318 1230 2345 mur-

248 2367 543 2416 mutationibus
558 2361 955 2420 perseveraverit,de
970 2363 1133 2405 consilio
1150 2360 1239 2403 Dis-

250 2436 455 2473 cretarum
489 2423 749 2467 constituatur
772 2423 811 2466 in
833 2420 976 2464 ordine
987 2422 1238 2475 Juniorum-a

250 2481 511 2546 professarum
527 2509 543 2534 ,
565 2482 606 2524 δι
628 2482 753 2524 modo
768 2511 783 2535 ,
805 2493 888 2539 quo
918 2479 1070 2522 dietum
1096 2480 1151 2523 est
1173 2482 1238 2523 su-

284 2546 330 2590 ra
345 2573 358 2586 .

254 2560 281 2607 P
334 2602 377 2647 Si
391 2598 527 2658 (quod
543 2602 656 2642 Deus
675 2599 992 2657 avertat)aliqua
1008 2597 1236 2654 deprehen-

247 2664 416 2707 deretur
452 2659 720 2717 proprietaria
756 2658 798 2701 in
825 2657 899 2700 tali
922 2656 1052 2715 gradu
1078 2683 1093 2704 ‚
1122 2653 1234 2712 quod

247 2721 366 2776 culpa
391 2716 485 2762 esset
516 2716 700 2760 mortalis
729 2743 745 2765 ,
767 2715 1033 2759 constituatur
1067 2716 1106 2757 in
1139 2714 1233 2755 loco

246 2777 494 2833 disciplina,
518 2778 557 2817 &
586 2789 638 2816 eo
667 2775 793 2819 modo
812 2775 1005 2830 puniatur
1023 2801 1038 2824 ‚
1061 2787 1142 2827 quo
1173 2771 1233 2812 di-

244 2840 352 2879 Etum
375 2835 431 2877 est
446 2832 577 2888 primo
587 2832 763 2875 articulo
777 2861 793 2885 ,
816 2845 899 2888 quo
913 2832 1046 2888 agitur
1060 2830 1113 2873 de
1131 2831 1232 2872 obe-

249 2893 403 2938 dientia
418 2922 431 2934 .

367 2951 410 2993 Si
435 2950 568 3006 aliqua
598 2948 689 2991 talis
726 2948 767 2990 in
795 2957 925 2991 morte
951 2945 1232 3005 deprehende·

247 3011 403 3068 retur(
415 3008 524 3066 quod
543 3012 649 3051 Deus
671 3016 831 3050 avertat
845 3008 1067 3065 )-privetur
1081 3005 1228 3050 Eccle-

246 3070 394 3114 fiastica
419 3068 650 3124 sepultat-23
677 3066 787 3122 quod
801 3076 936 3109 tamen
967 3080 1046 3110 non
1067 3066 1231 3108 mande·

246 3140 316 3174 tur
338 3127 564 3171 executioni
590 3152 606 3175 ‚
631 3125 700 3167 nist
723 3130 835 3180 prius
863 3124 1229 3169 Revereudiffimus

248 3185 466 3245 Episcopus
480 3184 561 3227 loci
589 3191 806 3228 moneatur
822 3212 836 3236 ‚
851 3185 913 3227 vel
928 3184 1145 3241 deputatus
1157 3183 1229 3224 Di-

247 3249 378 3290 rector
391 3242 605 3301 spiritualis
619 3270 633 3285 .

363 3304 407 3348 Si
422 3306 547 3347 Soror
571 3300 747 3357 Syndica
762 3301 864 3344 adeo
879 3302 933 3344 sui
947 3300 1226 3349 obliviscatur,

249 3369 297 3404 ut
320 3362 511 3416 recipiat,
538 3359 606 3402 vel
621 3359 748 3403 donet
774 3361 987 3416 pecuniam
1004 3358 1135 3402 altera
1150 3359 1227 3406 via,

248 3423 288 3463 δι
317 3418 437 3462 modo
462 3446 477 3468 ,
512 3419 630 3474 quam
663 3419 873 3475 praesentes
906 3419 1226 3462 constitutiones

251 3477 488 3535 permittant
504 3503 519 3526 ,
530 3476 713 3531 privetur
725 3477 857 3521 officio
870 3479 937 3522 suo
951 3508 966 3530 ‚
980 3479 1019 3520 δε
1030 3492 1130 3521 voce
1144 3486 1226 3520 tam

251 3539 402 3583 activa,
427 3536 544 3591 quam
573 3533 715 3589 passiva
740 3549 848 3579 anno
870 3538 1034 3593 integro
1049 3564 1064 3587 ,
1081 3538 1226 3591 &gra-

251 3595 432 3639 vioribus
458 3592 707 3649 poenitentiis
744 3595 934 3649 puniatur
958 3625 975 3647 ,
1000 3594 1025 3637 si
1051 3590 1226 3637 excelsus

253 3661 456 3697 mereatur
471 3664 484 3694 :
499 3650 540 3693 Si
555 3661 692 3693 autem
713 3651 861 3708 aliquid
876 3653 1116 3697 commiserit
1131 3665 1227 3694 eon-

251 3724 316 3756 tra
335 3710 550 3766 Regulam,
562 3709 831 3752 collocabitur
845 3710 1002 3767 insuper
1026 3713 1065 3754 in
1084 3711 1226 3757 ordine

246 3772 456 3830 Juniorum
473 3766 730 3824 professarum
756 3768 900 3810 eodem
929 3770 1120 3825 temporis
1145 3768 1230 3824 spa-

250 3832 313 3875 tio
329 3859 346 3884 ‚
374 3827 483 3887 quod
508 3837 644 3872 totum
671 3826 741 3868 fiat
768 3841 843 3883 per
867 3827 1230 3884 Superioriii'anh2

1312 387 1352 427 &
1373 383 1578 428 Discretas
1605 412 1625 437 ,γ
1655 381 1794 428 habito
1823 380 1940 443 super
1963 384 2039 426 hoc
2068 388 2282 434 Direetoris

1310 442 1502 487 consilio.

1423 500 1501 543 Illa
1514 530 1530 551 ,
1552 516 1639 558 quae
1653 503 1798 552 daret,
1822 510 1891 546 aut
1916 501 2114 558 reciperet
2129 511 2285 556 partem

1303 559 1575 616 parvam(quae
1588 562 1707 604 etiam
1724 562 1906 604 valorem
1924 560 2105 616 ima-ginis
2124 573 2203 602 non
2217 576 2287 604 ex..

1307 619 1602 676 cederet)s1ne
1621 620 1889 676 Superioriffae
1911 633 1960 662 ex
1964 617 2090 675 preffa
2104 619 2285 675 licentia,

1305 688 1376 721 aut
1402 707 1417 730 ,
1437 691 1524 733 quae
1550 678 1631 720 fine
1656 678 1819 720 licentia
1843 678 2000 735 aliquid·
2025 692 2192 735 parvum
2213 679 2286 723 itt-2

1314 736 1424 778 usum
1437 763 1452 787 ‚
1477 744 1545 777 aut
1560 736 1832 778 neceffitatem
1849 734 1953 779 fixam
1971 739 2200 793 reci-peret,
2215 748 2286 781 aut

1310 795 1390 836 fine
1412 793 1608 836 mandato
1623 794 1887 848 Superioriffae
1911 795 2004 838 aliis
2017 797 2288 850 distribueret,

1307 851 1427 895 semel
1443 850 1562 894 faciat
1576 850 1828 906 disciplinam
1849 854 1888 896 in
1907 851 2144 900 Refeoorio
2159 883 2172 898 .

1416 910 1472 951 .Si
1494 909 1625 964 aliqua
1649 909 1858 953 laberetur
1880 912 1919 952 in
1949 913 2093 957 vitium
2123 907 2286 967 carnis,

1306 968 1576 1011 constituatur
1601 967 1641 1009 in
1660 967 1755 1011 loco
1780 968 1992 1025 disciplina:
2007 987 2100 1016 cum
2117 972 2284 1029 jejunio,

1303 1030 1343 1071 δι
1367 1026 1600 1070 abstinentia
1614 1026 1663 1068 ad
1690 1026 1977 1071 discretionem
2005 1032 2285 1087 Superiorum,

1304 1088 1346 1186 ξι
1374 1093 1460 1127 tota
1494 1083 1576 1128 vita
1605 1085 1790 1142 privetur
1806 1100 1906 1130 voce
1929 1090 2060 1133 at‘tiva
2086 1119 2101 1142 ‚
2130 1092 2171 1133 δι
2198 1090 2288 1146 pas-.-

1324 1158 1387 1187 1va
1401 1172 1414 1185 .

1422 1205 1478 1247 Et
1491 1202 1584 1258 quia
1607 1205 1737 1246 tertio
1749 1204 1898 1261 Capite
1909 1207 2159 1262 prasentium
2175 1208 2289 1249 Con·

1305 1261 1557 1306 stitutionum
1571 1262 1815 1319 prohibetur
1832 1266 2046 1308 Sororibus
2064 1266 2194 1306 multo
2206 1264 2288 1306 ser-

1300 1335 1421 1364 mone
1453 1334 1575 1377 agere
1598 1335 1692 1363 cum
1723 1322 1910 1364 Novitiis
1929 1351 1944 1372 ‚
1975 1321 1999 1362 fi
2025 1323 2186 1378 aliqua,
2218 1332 2288 1365 aut

1300 1380 1369 1422 diu
1395 1380 1633 1437 loqueretur
1647 1406 1661 1430 2
1682 1389 1750 1421 aut
1763 1378 1816 1422 de
1829 1381 1948 1423 rebus
1964 1393 2042 1420 non
2057 1393 2287 1435 congruen-

1300 1439 1408 1482 tibus
1426 1438 1563 1484 officio
1580 1438 1651 1482 suo
1676 1452 1771 1481 cum
1799 1439 1996 1489 Nomia,
2022 1436 2142 1480 semel
2161 1436 2283 1480 faciat

1298 1495 1549 1554 disciplinam
1564 1498 1602 1540 in
1626 1496 1859 1540 Refet‘torio
1875 1527 1890 1548 ,
1910 1499 1950 1538 δι
1975 1498 2194 1540 manducet
2210 1501 2283 1539 in...

1300 1567 1409 1600 terra
1423 1569 1438 1613 3
1453 1558 1518 1608 δε,
1537 1555 1562 1600 fi
1590 1557 1629 1597 in
1649 1558 1724 1598 hoc
1742 1557 1973 1611 perseveret
1986 1583 2001 1608 ,
2029 1555 2287 1613 Superioriffa

1300 1615 1487 1675 injungat
1511 1612 1679 1670 majores
1699 1614 1965 1670 poenitentias
1983 1642 1994 1655 .

1417 1677 1475 1717 Ea
1490 1700 1504 1723 ‚
1530 1688 1614 1730 quae
1636 1674 1715 1717 fine
1742 1674 1901 1715 licentia
1922 1672 2059 1714 absens
2085 1671 2208 1714 fuerit
2231 1673 2284 1715 ab

1301 1732 1437 1787 aliquo
1465 1732 1602 1776 officio
1628 1734 1786 1780 Chori‚
1809 1741 1879 1773 aut
1905 1734 1926 1773 εὶ
1954 1736 2104 1780 Sacro,
2134 1740 2201 1772 aut
2232 1733 2285 1772 ab

1301 1791 1501 1832 Oratione
1516 1818 1533 1839 ,
1562 1799 1633 1831 aut
1651 1789 1941 1845 praedicatione
1954 1817 1968 1840 ‚
1992 1796 2063 1829 aut
2076 1789 2100 1830 a
2113 1788 2283 1832 lenione

1303 1849 1536 1896 communi,
1563 1856 1630 1887 aut
1652 1849 1672 1891 ὲ
1690 1846 1910 1891 solitudine
1933 1848 1975 1888 in
1990 1844 2111 1896 cella,
2127 1857 2288 1903 tempo·

1301 1919 1348 1947 re
1369 1919 1442 1961 per
1457 1906 1782 1950 constitutiones
1796 1904 2004 1962 defignato
2016 1931 2030 1954 ‚
2044 1917 2136 1946 cum
2150 1907 2285 1962 culpa,

1301 1963 1421 2007 semei
1449 1968 1487 2006 in
1517 1973 1630 2007 terra
1660 1963 1848 2007 comedat
1878 1977 2020 2018 panem
2041 1963 2082 2004 δι
2103 1978 2279 2020 aquam,

1298 2022 1366 2064 nisi
1379 2021 1638 2077 Superior-iffa
1654 2023 1798 2065 habeat
1813 2022 1967 2065 causam
1977 2020 2185 2079 judicandi
2202 2024 2287 2066 cul-

1298 2091 1387 2131 pam
1418 2075 1606 2119 abfuisse·

1413 2133 1454 2175 si
1472 2133 1601 2185 aliqua
1617 2132 1817 2186 profectus
1844 2135 1900 2175 sui
1929 2149 2068 2178 curam
2098 2151 2178 2179 non
2211 2140 2285 2180 ha-

1296 2193 1396 2235 bens
1424 2205 1496 2247 per
1520 2190 1628 2233 suam
1649 2193 1840 2247 culpam,
1865 2201 1936 2234 aut
1960 2195 2281 2250 negligentiam,

1294 2251 1508 2293 omitteret
1534 2249 1573 2293 se
1602 2247 1641 2290 se
1655 2248 1868 2306 disponere
1892 2250 1941 2294 ad
1957 2252 2281 2307 Confessionem‚

1296 2309 1337 2349 &
1351 2307 1691 2351 communionem
1704 2311 1829 2351 certis
1841 2309 1981 2353 diebus
2004 2325 2076 2366 per
2092 2313 2160 2353 has
2174 2318 2285 2358 Con.

1298 2366 1524 2407 stitutiones
1551 2364 1753 2410 ordinatis
1769 2391 1784 2414 a
1811 2367 2072 2420 Superiorilsa
2096 2370 2278 2427 injungat

1296 2422 1582 2480 poenitentiam
1594 2420 1723 2476 culpae
1743 2421 1814 2464 suae
1836 2422 2082 2479 condignam
2094 2452 2106 2463 .

1412 2482 1453 2525 Si
1476 2479 1607 2534 aliqua
1631 2479 1855 2521 altercetur
1877 2493 1970 2522 cum
1999 2482 2104 2534 alia,
2132 2492 2203 2526 aut
2221 2485 2280 2528 se-

1295 2540 1428 2582 minet
1452 2537 1607 2594 jurgia,
1639 2539 1678 2578 &
1705 2537 1922 2580 discordias
1946 2539 2057 2582 inter
2082 2541 2281 2597 Sorores,

1295 2598 1478 2657 graviter
1502 2596 1694 2651 puniatur
1717 2624 1731 2647 ‚
1771 2609 1844 2651 pro
1871 2597 1995 2653 prima
2036 2598 2124 2641 vice
2155 2601 2280 2645 faciat

1294 2656 1548 2712 disciplinam
1572 2655 1612 2696 in
1639 2653 1878 2698 Refeoorio
1892 2682 1907 2704 ,
1922 2668 1997 2710 pro
2013 2655 2181 2700 secunda
2193 2686 2208 2709 ‚
2221 2659 2278 2704 fa-

1291 2715 1372 2757 ciet
1388 2714 1640 2771 disciplinam
1653 2742 1668 2764 ‚
1680 2715 1720 2758 &
1733 2713 1918 2758 comedet
1931 2713 1970 2755 in
1985 2722 2093 2757 terra
2109 2730 2270 2771 panem,

1290 2775 1488 2828 &aquam
1504 2800 1517 2823 ,
1539 2786 1613 2827 pro
1626 2773 1760 2820 tertia,
1782 2772 2051 2817 collocabitur
2077 2774 2117 2814 in
2132 2789 2274 2818 nume.

1291 2833 1554 2887 roJuniorum
1569 2828 1826 2885 profeffarum
1838 2859 1852 2882 ,
1864 2829 2077 2875 secundum
2092 2834 2271 2884 modum,

1290 2893 1328 2932 &
1344 2901 1502 2947 tempus
1517 2916 1534 2939 a
1548 2898 1596 2932 ut
1615 2890 1729 2947 supra
1742 2918 1754 2930 .
2312 2937 2314 2939 ‚

1407 2952 1448 2992 Si
1465 2949 1599 3004 aliqua
1625 2952 1818 2991 Sororum
1834 2948 1872 2990 in
1888 2947 1980 2990 loco
1989 2949 2182 3005 colloquii
2200 2952 2271 2992 mi·

1291 3007 1417 3051 sceret
1443 3008 1643 3051 sermones
1671 3007 1724 3049 de
1737 3007 1851 3049 rebus
1867 3006 2076 3050 mundanis
2090 3036 2105 3060 ,
2131 3023 2272 3051 mone-

1290 3068 1401 3109 bitur
1426 3064 1686 3122 Superiorissa
1715 3078 1788 3120 per
1803 3077 1922 3106 unam
1937 3067 2125 3108 Sororem
2141 3096 2155 3118 ,
2184 3081 2268 3123 qua:

1287 3126 1398 3168 illius
1420 3123 1651 3167 interfuerit
1675 3122 1879 3165 consortio
1899 3150 1914 3175 ,
1939 3125 1976 3164 8(
2004 3122 2124 3167 faciat
2151 3126 2267 3168 disci-

1287 3184 1440 3240 plinam
1465 3186 1502 3225 in
1531 3181 1769 3224 Refeetorio
1786 3179 1929 3237 (patius
1956 3181 2071 3225 unius
2094 3184 2265 3227 Misere-

1286 3258 1328 3285 re
1343 3272 1356 3294 ,
1368 3244 1409 3284 δε
1421 3239 1609 3283 comedet
1623 3242 1661 3281 in
1679 3250 1810 3290 terra,
1839 3241 1878 3281 &
1893 3239 1918 3281 fi
1940 3240 2147 3295 praeseotes
2160 3242 2264 3285 diffi-

1287 3303 1439 3345 mulent
1464 3297 2053 3354 monitionem‚Superioriffa,
2085 3302 2153 3343 ubi
2185 3304 2262 3343 hoc

1283 3358 1521 3409 resciverit,
1547 3358 1728 3413 imponat
1750 3357 1831 3401 illis
1857 3357 2042 3401 eamdem
2060 3361 2260 3416 poeniten-

1283 3429 1381 3462 tiam
1394 3447 1407 3462 o

1399 3477 1475 3520 Illa
1489 3505 1503 3528 ‚
1526 3489 1609 3530 quae
1623 3475 1859 3530 loqueretur
1881 3476 1920 3519 in
1935 3484 2058 3520 turno
2072 3484 2164 3528 ‚aut
2178 3476 2260 3518 col-

1286 3536 1487 3579 locutorio
1502 3562 1516 3585 ,
1527 3535 1740 3576 Sororibus
1767 3534 1981 3579 secundum
1995 3534 2262 3578 Constitutio-

1286 3609 1358 3638 nes
1385 3593 1581 3648 requisitis
1602 3606 1683 3635 non
1705 3594 1917 3645 comitata,
1941 3594 2060 3636 saciet
2084 3592 2261 3649 discipli-

1286 3666 1377 3696 nam
1402 3652 1526 3707 spatio
1547 3651 1657 3692 unius
1681 3652 1900 3700 Miserere,
1922 3649 2014 3692 &se
2034 3651 2254 3707 prosternet

1286 3712 1335 3754 ad
1351 3721 1511 3767 portam
1527 3710 1656 3752 Chori
1670 3737 1683 3761 ,
1711 3711 1878 3766 pedibus
1893 3713 2087 3753 Sororum
2102 3713 2257 3768 gutturi

1290 3772 1358 3813 suo
1379 3767 1588 3826 appofitis3
1603 3778 1669 3811 aut
1683 3770 1771 3811 casu
1784 3798 1798 3821 ‚
1813 3781 1896 3824 quo
1911 3769 1966 3811 ita
1979 3770 2231 3813 consueverit
2243 3798 2258 3821 ‚

1289 3829 1516 3885 graviorem
1542 3828 1818 3885 poenitentiam
1836 3828 1967 3871 subeat
1982 3828 2094 3888 juxta
2110 3829 2260 3873 discre-

2130 3897 2211 3929 110-
