2612 4100
905 222 1488 311 Brilanniae.
1980 263 2141 346 107

328 360 385 412 N
382 364 424 411 os
438 363 571 431 igitur
572 363 807 430 fiipradifli
820 363 996 413 Decem·
996 370 1181 432 formam
1197 369 1443 435 insiquentes
1460 403 1475 426 ,
1485 369 1717 436 posteritati
1723 370 1801 437 pro
1818 388 2000 430 munere,
2013 383 2067 424 Θ
2081 396 2203 443 quan·

186 433 278 481 iiim
291 435 336 480 in
350 431 490 482 Nobis
506 436 558 499 est
570 469 586 492 ,
610 434 836 500 prospicere
851 469 869 492 ,
903 441 1127 484 occasiones
1148 437 1429 501 perturbandae
1451 447 1567 504 pacis
1590 442 1793 490 radicitus
1808 455 2043 506 amputare,
2076 463 2202 510 quan-

183 501 355 570 tumsas
368 506 421 571 cst
437 539 452 562 ,
487 510 539 553 t&
554 508 599 551 in
613 507 859 551 contrarium
875 508 1108 562 venientia,
1117 504 1296 569 paterni
1312 540 1326 562 ,
1344 526 1423 574 qua
1438 524 1618 558 tenemur
1630 547 1646 569 ,
1665 511 1949 578 sollicitudine
1958 527 2198 577 praecavere

183 578 406 639 cupientes,
420 574 468 622 de
487 573 689 624 RR.PP.
707 573 1039 624 Provincialium
1068 580 1122 622 &5
1139 575 1427 641 Difflnitorum
1443 581 1650 648 utriusque
1665 582 1899 632 Provinciae
1917 582 2200 648 irfiafi‘ripto-

181 659 273 691 rum
285 644 466 710 consensit
484 679 499 701 ,
528 647 723 693 terminos
740 679 756 700 ,
765 646 880 710 fines
891 678 906 701 ,
938 662 985 692 ac
1003 645 1163 692 limites
1180 649 1290 693 inter
1298 648 1513 710 praediHas
1529 650 1794 702 ‘Provincias
1804 651 1994 719 presenti
2005 651 2207 709 Dect-eto,

175 722 375 778 perpetua
389 715 600 763 duratione
615 715 823 772 valituro,
834 718 1022 780 ponimus
1036 729 1054 772 ,'
1067 714 1285 763 Hatuimus
1301 750 1316 773 ,
1324 717 1547 780 firmamus
1560 753 1575 775 ,
1590 737 1637 766 ac
1652 722 1917 779 declaramus,
1930 722 2205 790 insequitur:

180 782 323 832 Primo
337 800 521 852 exparte
540 782 809 835 PiHa-vorum
819 786 969 852 plage,
985 786 1142 842 limites
1156 820 1171 843 ,
1204 787 1259 833 &¹
1276 790 1442 835 termini
1467 788 1667 852 divifiirii
1681 808 1795 839 erunt
1809 792 1966 850 iidem,
2003 797 2073 859 qui
2087 798 2202 841 inter-

181 851 386 904 Piflavos
402 889 418 913 ,
448 856 504 902 &⁰
519 853 732 902 Brittones
761 857 806 903 in
834 854 1128 919 temporalibus
1143 855 1566 904 administrationibus
1582 860 1784 921 constituti
1801 862 1900 925 fiant
1919 897 1935 918 ,
1963 861 2201 928 reservatis-

180 922 416 990 quibusdam
437 924 539 972 locis
551 924 602 972 de
614 924 942 974 ‘PiHavensinm
957 928 1118 992 regione
1134 961 1149 983 ,
1174 927 1246 993 qui
1261 926 1394 991 vulgo
1408 927 1598 974 dicuntur
1612 927 1713 976 ‘Pau
1726 963 1742 985 ,
1771 929 1815 976 S.
1832 931 1867 978 C
1869 930 2057 997 hriilofle
2069 967 2084 990 ,
2110 933 2202 981 la..-

180 993 397 1042 Garnache
408 1026 429 1048 „
449 1011 471 1038 e
482 993 523 1039 le
535 991 623 1039 bois
638 993 695 1040 de.-
704 992 820 1050 Sene,
836 993 896 1042 ad
907 993 1168 1044 Conventum
1185 995 1532 1062 Matifioliensem
1541 1011 1618 1062 pro
1631 999 1894 1060 eleemosynis
1907 1003 2200 1067 conquirendis,

171 1062 254 1127 sed
262 1079 337 1109 non
349 1076 428 1127 pro
438 1061 732 1126 praedicatione
747 1098 762 1121 ‚
779 1079 851 1111 aut
871 1062 1114 1115 Conventus
1126 1067 1302 1130 alicujus
1312 1065 1360 1113 de
1375 1084 1486 1115 novo
1503 1067 1787 1133 construHione
1811 1069 2171 1135 autftndatione..
2186 1105 2199 1119 .

179 1130 373 1180 Secundo·
393 1148 447 1180 ex
472 1142 594 1197 parte
614 1130 857 1184 Conventus
874 1132 1224 1203 Caflrigontherii
1237 1141 1289 1184 ξεῖ
1302 1135 1655 1203 Andegavensis,
1682 1144 1734 1187 &
1748 1142 1925 1205 regionis
1942 1173 1957 1197 ‚
1980 1158 2066 1207 quae
2096 1142 2202 1190 dici·

180 1217 247 1249 tur
276 1199 477 1270 ‘Ingrande
490 1235 505 1258 ,
538 1202 766 1254 Provincia
782 1204 1026 1254 Britannica
1038 1210 1252 1255 terminum
1267 1205 1517 1273 divisoriam
1532 1208 1722 1255 extendet
1737 1243 1753 1264 ,
1782 1209 1992 1260 inclusive
2007 1210 2065 1259 ad
2073 1211 2165 1259 loca
2179 1236 2198 1267 ,-

180 1289 264 1340 quae
289 1272 422 1339 vulgo
446 1273 638 1320 dicuntur
654 1273 864 1323 Carbailli
882 1309 897 1332 ,
915 1273 1085 1323 Combre
1103 1312 1120 1336 ,
1151 1276 1385 1344 Bourgdire
1409 1311 1424 1333 ,
1447 1275 1569 1345 Segre
1588 1313 1603 1334 ‚
1634 1276 1906 1345 Chambellay
1919 1314 1936 1336 ,
1965 1278 2169 1344 Marigne
2184 1313 2198 1326 .

187 1340 332 1390 Tertio
347 1345 457 1398 inter
468 1342 728 1396 Conveniam
743 1345 1082 1411 Castrigontherii
1097 1381 1114 1405 ,
1148 1348 1205 1396 &⁴
1222 1342 1468 1414 Bangensbm
1483 1381 1500 1405 ,
1528 1350 1724 1397 terminus
1738 1350 1946 1416 utriusqae
1965 1347 2201 1398 Provinciae

179 1412 434 1477 desiaemendus
474 1417 556 1461 erit
586 1416 611 1461 ἃ
625 1414 807 1479 flumine
830 1450 846 1474 ,
898 1415 1008 1482 quod
1034 1417 1167 1484 vulgo
1207 1418 1362 1465 dicitur
1396 1414 1539 1465 Sartre
1569 1452 1585 1475 ‚
1635 1418 1876 1466 extendente
1903 1418 2001 1483 sitos
2045 1418 2202 1466 limites

179 1479 412 1532 Provincic‘i
453 1481 686 1552 Turonenst
709 1485 828 1553 usque
868 1485 926 1533 ad
937 1483 1096 1552 flumen
1132 1487 1336 1554 inclifive
1361 1521 1374 1535 .
1424 1487 1600 1560 Qarto
1643 1507 1696 1536 ex
1728 1501 1851 1553 parte
1903 1487 2201 1555 Vindocinenfis

179 1554 354 1619 regionis
390 1588 407 1611 ,
437 1566 512 1616 pro
537 1559 712 1604 termino
739 1555 964 1621 divisionis
997 1555 1300 1607 constituuntur
1338 1557 1428 1605 loca
1446 1593 1462 1616 ‚
1514 1576 1599 1627 quae
1628 1559 1764 1626 vulgo
1813 1558 2008 1607 dicuntur
2034 1558 2201 1623 Frefiie-

183 1622 332 1670 dauton
355 1657 372 1681 ,
407 1621 642 1673 mannire
669 1661 687 1684 ,
721 1627 766 1675 la
797 1625 976 1676 Chartre
1004 1663 1022 1688 ,
1058 1626 1206 1695 Sergre
1231 1664 1248 1686 ,
1284 1627 1330 1676 S.
1358 1625 1514 1676 Calaix
1541 1665 1556 1687 ,
1593 1628 1785 1696 Conflans
1819 1664 1835 1686 ,
1871 1627 2065 1696 Favigni
2086 1664 2102 1687 ,
2143 1629 2202 1689 ύῖ

184 1690 305 1758 Befie
329 1727 345 1749 ,
380 1693 438 1741 ad
462 1712 547 1762 quae
577 1696 816 1745 extenditur
846 1695 1093 1748 ‘Provincia
1107 1696 1110 1698 ’
1125 1697 1368 1765 Turonenfis
1396 1699 1601 1766 inclusive
1634 1735 1647 1748 .
1682 1698 1850 1771 Qinto
1876 1716 1929 1747 ex
1954 1713 2078 1765 parte
2109 1698 2201 1749 Tu-

180 1766 290 1810 ronis
319 1797 333 1819 ,
369 1763 469 1811 unde
503 1762 741 1831 Turonensis
766 1766 998 1816 Provincia
1027 1786 1164 1816 nomen
1187 1767 1391 1833 qffiempfit
1421 1803 1438 1825 ‚
1475 1771 1679 1834 statuitur
1712 1784 1791 1832 pro
1832 1774 2005 1816 termino
2028 1766 2203 1832 divifio-

181 1833 245 1877 nis
271 1831 454 1894 Castrum
478 1865 495 1888 ,
529 1835 685 1898 ,⁶³:¹4ng
701 1833 854 1880 diflum
887 1833 1083 1898 qusteau
1120 1836 1175 1882 du
1209 1838 1292 1882 loir
1305 1869 1321 1891 ,
1359 1836 1470 1899 quod
1501 1837 1558 1883 ad
1588 1837 1858 1885 Pro-vinciam
1898 1834 2202 1898 Turonensemd

178 1897 404 1964 pertinebit
430 1919 445 1958 ;
482 1900 577 1949 adeo
607 1935 624 1959 ,
658 1915 703 1949 ut
727 1904 837 1949 inter
864 1915 1078 1969 utramque
1104 1901 1375 1954 Provinciam
1419 1917 1497 1968 pro
1526 1902 1702 1970 transitu
1732 1907 1757 1951 a
1783 1901 1932 1951 Caft'ro
1961 1903 2203 1970 fiepradic‘lo

182 1969 241 2017 ad
273 1967 595 2034 Vindocinensem
615 1971 783 2034 plagam
810 2005 826 2025 ,
858 1970 1019 2033 flumen
1043 2007 1059 2026 ‚
1104 1973 1212 2035 quod
1236 1973 1388 2018 dicitur
1417 1972 1524 2019 Loir
1552 2008 1567 2028 ,
1603 1972 1684 2019 Het
1710 1987 1787 2036 pro
1816 1977 1985 2020 termino
2026 1974 2203 2039 divfio-

180 2040 247 2085 nis
274 2071 288 2084 .
329 2037 455 2102 Qiae
484 2041 591 2084 vere}
614 2069 630 2093 ,
670 2050 715 2081 ut
748 2054 801 2081 ex
832 2037 1157 2099 Decreto‘fieprn
1184 2038 1333 2100 inserto
1365 2038 1513 2083 videre
1541 2039 1638 2090 licet
1670 2070 1687 2092 ,
1722 2053 1893 2104 quatuor
1920 2040 2158 2088 Conventus
2184 2078 2202 2099 ,

179 2102 253 2173 qui
279 2104 338 2156 ad
359 2104 628 2154 Provinciam
659 2090 930 2168 Turonenfi’m
957 2109 1048 2151 ante
1072 2102 1320 2171 divifi'on'em
1355 2107 1382 2151 ἃ
1412 2103 1656 2153 Britannica
1682 2106 1941 2170 pertinebant
1955 2142 1972 2165 ,
2007 2112 2078 2175 qui
2083 2109 2204 2174 fient,

177 2173 447 2242 ‚tl-liconienfi's
471 2201 504 2232 ‚·
523 2171 847 2240 Argentomenfis
864 2209 879 2231 ,
921 2171 973 2222 N
973 2174 1214 2243 ongentensis
1227 2209 1243 2232 ,
1270 2175 1324 2223 (θ’
1343 2171 1680 2243 Martiniacetfis
1702 2195 1718 2235 ;
1746 2179 1931 2245 quoniam
1956 2178 2015 2226 ad
2036 2182 2203 2228 commo.

171 2245 329 2295 diorem
354 2244 609 2312 divifi'onem.
622 2242 758 2310 facere
773 2246 1074 2308 judicavimus*
1096 2282 1134 2305 ,,
1160 2262 1236 2298 non
1266 2245 1407 2312 solum
1439 2251 1553 2295 inter·
1574 2244 1795 2312 prndiHas
1831 2245 2083 2298 Provincias
2119 2248 2203 2299 Tu-

179 2316 378 2384 ronenfim
405 2351 421 2374 ‚
459 2316 512 2364 (θ’
536 2315 818 2365 Britannicam
856 2352 872 2375 ,
898 2316 982 2383 sed
1000 2321 1132 2376 etiam
1157 2322 1210 2365 ἅθ’
1236 2317 1365 2364 multo
1389 2323 1520 2385 magis
1533 2377 1535 2379 ῃ
1550 2322 1659 2365 inter
1686 2317 1948 2384 Parifi'enfim
1970 2354 1985 2375 ,
2014 2320 2069 2367 ἔπ’
2089 2318 2205 2369 Νον-

178 2389 401 2435 monnicam
417 2386 596 2454 studiose
627 2391 856 2453 excepimus
870 2421 888 2447 ,
915 2387 1083 2457 quorum
1111 2382 1405 2455 dispcfiiionem
1440 2386 1498 2435 ad
1524 2385 1761 2450 Capitulum
1808 2387 2078 2438 Provinciale
2117 2393 2204 2439 in...

175 2450 417 2522 proximo(
446 2457 540 2505 Deo>
568 2453 664 2506 bene
680 2458 868 2527 favente
891 2451 1128 2526 J‘Paristis
1157 2455 1429 2508 celebrandum
1455 2490 1470 2513 ,
1496 2455 1776 2522 suspendimus
1804 2490 1821 2512 ,
1846 2457 2069 2520 sel-cundum
2097 2460 2209 2525 quod

180 2530 311 2594 magis
343 2531 388 2576 in
418 2526 596 2576 Domino
624 2530 817 2595 expedire
841 2545 916 2594 pro
942 2544 1161 2596 opportuna
1183 2526 1300 2575 dttlae
1334 2525 1570 2576 Provinciae
1585 2523 1818 2592 Paristenfis
1833 2528 1858 2572 ἃ
1878 2524 2202 2581 Νοννηαπκὶει,

188 2596 392 2664 divifi'one
420 2633 437 2654 ,
474 2614 570 2647 tunc
599 2604 795 2666 temporis
823 2600 1095 2659 iudicabimus
1125 2631 1137 2645 .
1182 2595 1270 2644 Hos
1297 2611 1433 2644 tamen
1460 2614 1514 2644 ex
1543 2614 1646 2643 nunc
1677 2630 1693 2653 ,
1734 2596 1789 2642 (9⁶
1812 2595 2020 2661 praesintis
2049 2594 2201 2644 Decre-

180 2670 219 2713 ti
250 2671 402 2735 vigore
424 2671 449 2716 ἃ
479 2667 720 2719 Provinciis
743 2669 953 2734 praedttlis
971 2670 1026 2719 -Γ
1025 2665 1209 2732 tironensi
1217 2701 1233 2724 ‚
1267 2672 1320 2714 ὅ
1343 2664 1613 2723 Britannica,
1640 2680 1686 2713 ut
1701 2665 1843 2731 supra*
1855 2700 1871 2722 ,
1894 2670 1995 2731 jam
2023 2664 2197 2732 divifis,

185 2738 238 2784 (3·
270 2739 495 2802 constitutis
519 2740 819 2804 praestindimus
851 2773 867 2796 ,
909 2753 1158 2803 amputamus
1188 2770 1204 2793 ,
1242 2735 1496 2785 excludimus
1523 2772 1539 2795 ,
1564 2746 1624 2784 'ac
1637 2736 1872 2803 fiparamus
1901 2755 1917 2794 ;
1951 2736 2024 2783 hoc
2047 2737 2199 2783 nihilo-

184 2808 321 2853 minus
367 2807 419 2853 ub
436 2807 615 2871 speciali
646 2808 871 2855 conditione
904 2841 922 2863 ,
957 2809 1011 2855 (τ’
1033 2806 1322 2872 ’νςΙὲνταιὶοηε
1339 2806 1519 2872 firvato
1550 2841 1566 2863 ,
1599 2813 1653 2855 ξς
1686 2806 1875 2871 custodito
1901 2840 1917 2863 ,
1961 2805 2070 2872 quod
2092 2808 2200 2852 inter

189 2874 514 2941 Vindocinensim
546 2876 804 2928 Conventum
841 2911 856 2933 ‚
902 2882 955 2924 ὃ
989 2873 1294 2943 Nongentinum
1320 2910 1336 2932 ,
1374 2875 1604 2926 Provincia
1647 2874 1883 2928 Turonenffs
1912 2873 1962 2939 fi’
2002 2874 2197 2921 extendat

187 2945 310 3012 usque
337 2947 398 2994 ad
415 2946 620 3011 Oppidum
654 2983 669 3005 ,
708 2947 818 3014 quod
846 2946 980 3013 vulgo
1012 2947 1166 2995 dicitur
1195 2943 1452 2994 Montmiral
1474 2943 1678 3008 inclufi've
1706 2981 1718 2993 .
1765 2943 1872 2992 Item
1907 2977 1922 2999 ,
1960 2943 2067 3009 quod
2089 2947 2199 2991 inter

187 3014 438 3065 Provincias
470 3014 770 3064 'Britannicam
796 3051 811 3075 ,
847 3021 897 3064 &5
929 3015 1190 3086 Parifi'ensem
1213 3019 1407 3063 terminus
1429 3015 1617 3082 sumatur
1644 3013 1696 3060 ab
1725 3011 1949 3078 extensione
1976 3011 2197 3060 Carnuten⁴

171 3084 240 3152 fis
265 3084 462 3153 Dioecesis
490 3121 506 3143 ,
542 3104 624 3153 quae
657 3086 714 3134 ad
740 3085 1009 3135 Provinciam
1047 3085 1304 3152 Parisiensem
1332 3092 1511 3149 pertinet
1538 3103 1552 3142 3
1594 3089 1647 3132 (3'
1667 3097 1744 3148 pro
1768 3085 1938 3130 termino
1977 3083 2198 3142 divifionis

183 3151 483 3221 Cenomanetfis
517 3156 755 3206 Conventus
795 3160 820 3205 εὶ
853 3151 906 3202 N
905 3159 1113 3223 ongentino
1140 3191 1158 3213 ‚
1199 3158 1253 3203 ἴθ’
1286 3152 1608 3220 Mortiniacenst
1623 3188 1640 3210 ,
1671 3153 1889 3218 statuimus
1917 3151 2155 3217 Oppidum...
2181 3189 2197 3209 ,

185 3226 294 3293 quod
318 3226 451 3294 vulgo
482 3227 636 3274 dicitur
663 3262 679 3283 ,
711 3227 753 3274 la
788 3225 912 3274 Ferte
945 3225 1139 3275 Bernard
1162 3260 1178 3283 ,
1220 3219 1273 3272 (9³
1299 3223 1484 3274 Memers
1507 3258 1522 3280 ,
1560 3222 1668 3289 quod
1691 3221 1976 3288 Cenomanenfi
2009 3221 2197 3272 Conven-

191 3298 254 3342 tui
281 3297 520 3364 affir'gnamus
547 3332 558 3344 .
608 3294 714 3344 Item
758 3296 913 3345 demum
957 3299 1065 3344 inter
1099 3295 1312 3343 Brittones
1354 3295 1408 3341 <CT
1451 3290 1711 3340 Normannos
1726 3327 1742 3350 ,
1769 3296 1936 3340 termini
1975 3292 2195 3359 divisionis

191 3381 308 3411 erunt
341 3365 464 3414 iidem
492 3401 507 3424 ,
549 3370 619 3435 qui
649 3369 693 3414 in
722 3363 1144 3415 administrationibus
1170 3362 1461 3429 temporalibus
1479 3361 1746 3428 stabiliuntur
1772 3397 1788 3420 ,
1821 3365 1983 3430 utrique
2014 3362 2194 3411 Provin-

193 3437 262 3481 ciae
291 3433 541 3484 Britannicae
571 3437 776 3486 videlicet
798 3473 813 3494 ‚
863 3437 917 3484 (T
948 3435 1212 3485 Normanniae
1238 3469 1249 3481 .
1291 3434 1360 3483 Ex
1380 3447 1502 3498 parte
1522 3437 1626 3481 vero
1662 3435 1835 3500 regionis
1866 3467 1882 3490 ,
1916 3450 2002 3500 quae
2036 3431 2189 3479 dicitur

188 3500 402 3566 Maycnne
427 3540 444 3563 ,
477 3507 624 3573 versus
653 3505 953 3555 Normanniam
967 3541 984 3564 ,
1004 3521 1082 3571 pro
1109 3503 1328 3569 divfionis
1365 3506 1534 3551 termino
1560 3503 1778 3567 statuimus
1820 3499 2032 3566 Dioecesim
2071 3499 2194 3547 Ceno-

192 3575 410 3641 manensem
439 3609 456 3631 ,
492 3594 576 3642 quae
602 3579 758 3643 integre
798 3577 855 3625 ad
883 3578 1153 3627 Provinciam
1184 3574 1411 3622 Britannice
1454 3571 1674 3620 remanebit
1706 3593 1721 3633 ;
1770 3570 1885 3639 steila
1926 3569 2193 3618 nihilominus

178 3646 396 3715 facultate
424 3645 658 3695 Conventui
684 3647 966 3714 Alinconietfi
988 3645 1250 3712 eleemoffinas
1280 3641 1535 3710 conquirendi
1560 3646 1673 3690 intra
1691 3644 1873 3709 spatium
1913 3653 2082 3706 quatuor
2114 3639 2196 3687 leu-

191 3734 327 3766 carum
357 3751 373 3773 ,
416 3715 498 3766 vel
521 3719 687 3763 circiter
720 3753 736 3774 ‚
774 3721 817 3764 in
848 3721 1021 3766 circuitu
1049 3717 1151 3765 dieze·
1184 3711 1421 3763 Conventus
1447 3733 1462 3772 ;
1498 3716 1560 3760 ita
1587 3728 1720 3761 tamen
1736 3747 1752 3770 ,
1779 3710 1884 3777 quod
1917 3713 2030 3757 intra
2057 3708 2197 3758 idem..

175 3789 366 3855 spatium
385 3804 461 3833 non
484 3786 606 3834 liceat
637 3784 894 3836 Conventum
925 3789 973 3837 de
1005 3806 1116 3839 novo
1145 3785 1366 3834 construere
1396 3819 1412 3842 ,
1454 3802 1522 3894 ng
1553 3782 1857 3830 concionatores
1880 3793 1955 3846 pro
1973 3779 2195 3904 Adss‘Zentu,

225 3855 227 3858 ’
311 3856 461 3899 Tem-V.
1551 3864 1573 3891 2
2073 3860 2142 3888 ua-
