<?xml version="1.0" encoding="UTF-8"?>
<!DOCTYPE html PUBLIC "-//W3C//DTD XHTML 1.0 Transitional//EN"
    "http://www.w3.org/TR/xhtml1/DTD/xhtml1-transitional.dtd">
<html xmlns="http://www.w3.org/1999/xhtml" xml:lang="en" lang="en">
 <head>
  <title>
</title>
<meta http-equiv="Content-Type" content="text/html;charset=utf-8" />
  <meta name='ocr-system' content='tesseract 3.04.00' />
  <meta name='ocr-capabilities' content='ocr_page ocr_carea ocr_par ocr_line ocrx_word'/>
</head>
<body>
  <div class='ocr_page' id='page_1' title='image "./bullariumordinis05cath_0253.png"; bbox 0 0 2592 4094; ppageno 0'>
   <div class='ocr_carea' id='block_1_1' title="bbox 814 210 2060 323">
    <p class='ocr_par' dir='ltr' id='par_1_1' title="bbox 814 210 2060 323">
     <span class='ocr_line' id='line_1_1' title="bbox 814 210 2060 323; baseline -0.002 -29"><span class='ocrx_word' id='word_1_1' title='bbox 814 210 1447 323; x_wconf 67' lang='lat' dir='ltr'>Aquitaniae.</span> <span class='ocrx_word' id='word_1_2' title='bbox 1907 239 2060 322; x_wconf 83' lang='lat'>223</span> 
     </span>
    </p>
   </div>
   <div class='ocr_carea' id='block_1_2' title="bbox 134 345 2179 3761">
    <p class='ocr_par' dir='ltr' id='par_1_2' title="bbox 134 345 2146 1115">
     <span class='ocr_line' id='line_1_2' title="bbox 271 345 2130 419; baseline 0.005 -24"><span class='ocrx_word' id='word_1_3' title='bbox 271 345 538 397; x_wconf 88' lang='lat' dir='ltr'>Nobilitatis</span> <span class='ocrx_word' id='word_1_4' title='bbox 568 351 706 418; x_wconf 83' lang='lat' dir='ltr'>Stirpi</span> <span class='ocrx_word' id='word_1_5' title='bbox 734 347 767 398; x_wconf 87' lang='lat' dir='ltr'>fi</span> <span class='ocrx_word' id='word_1_6' title='bbox 801 348 966 398; x_wconf 90' lang='lat' dir='ltr'>sociare</span> <span class='ocrx_word' id='word_1_7' title='bbox 997 352 1187 399; x_wconf 88' lang='lat' dir='ltr'>velimus</span> <span class='ocrx_word' id='word_1_8' title='bbox 1215 355 1391 398; x_wconf 81' lang='lat' dir='ltr'>Fratres</span> <span class='ocrx_word' id='word_1_9' title='bbox 1415 368 1488 399; x_wconf 90' lang='lat' dir='ltr'>eos</span> <span class='ocrx_word' id='word_1_10' title='bbox 1508 386 1523 408; x_wconf 92' lang='lat'>,</span> <span class='ocrx_word' id='word_1_11' title='bbox 1557 351 1633 418; x_wconf 87' lang='lat' dir='ltr'>qui</span> <span class='ocrx_word' id='word_1_12' title='bbox 1656 349 1864 400; x_wconf 89' lang='lat' dir='ltr'>biberunt</span> <span class='ocrx_word' id='word_1_13' title='bbox 1896 371 2027 419; x_wconf 84' lang='lat' dir='ltr'>aquas</span> <span class='ocrx_word' id='word_1_14' title='bbox 2045 359 2130 407; x_wconf 57' lang='lat' dir='ltr'>de„</span> 
     </span>
     <span class='ocr_line' id='line_1_3' title="bbox 134 415 2133 489; baseline 0.005 -24"><span class='ocrx_word' id='word_1_15' title='bbox 134 415 319 466; x_wconf 88' lang='lat' dir='ltr'>cisterna</span> <span class='ocrx_word' id='word_1_16' title='bbox 339 419 562 477; x_wconf 84' lang='lat' dir='ltr'>virtutis,</span> <span class='ocrx_word' id='word_1_17' title='bbox 594 437 939 487; x_wconf 83' lang='lat' dir='ltr'>praememorare</span> <span class='ocrx_word' id='word_1_18' title='bbox 965 432 1145 485; x_wconf 86' lang='lat' dir='ltr'>oportet</span> <span class='ocrx_word' id='word_1_19' title='bbox 1170 423 1245 467; x_wconf 87' lang='lat' dir='ltr'>Fr.</span> <span class='ocrx_word' id='word_1_20' title='bbox 1263 424 1584 470; x_wconf 89' lang='lat' dir='ltr'>Innocentium</span> <span class='ocrx_word' id='word_1_21' title='bbox 1602 420 1656 470; x_wconf 88' lang='lat' dir='ltr'>ab</span> <span class='ocrx_word' id='word_1_22' title='bbox 1687 419 1887 471; x_wconf 81' lang='lat' dir='ltr'>Affarico</span> <span class='ocrx_word' id='word_1_23' title='bbox 1908 458 1923 480; x_wconf 93' lang='lat'>,</span> <span class='ocrx_word' id='word_1_24' title='bbox 1954 427 2028 488; x_wconf 85' lang='lat' dir='ltr'>qui</span> <span class='ocrx_word' id='word_1_25' title='bbox 2045 431 2133 489; x_wconf 82' lang='lat' dir='ltr'>jam</span> 
     </span>
     <span class='ocr_line' id='line_1_4' title="bbox 134 487 2137 556; baseline 0.003 -21"><span class='ocrx_word' id='word_1_26' title='bbox 134 501 310 536; x_wconf 86' lang='lat' dir='ltr'>aetatem</span> <span class='ocrx_word' id='word_1_27' title='bbox 351 488 612 540; x_wconf 83' lang='lat' dir='ltr'>innocentiae</span> <span class='ocrx_word' id='word_1_28' title='bbox 654 490 700 538; x_wconf 85' lang='lat' dir='ltr'>in</span> <span class='ocrx_word' id='word_1_29' title='bbox 727 487 886 556; x_wconf 89' lang='lat' dir='ltr'>spiritu</span> <span class='ocrx_word' id='word_1_30' title='bbox 919 489 1193 556; x_wconf 74' lang='lat' dir='ltr'>poenitentiae</span> <span class='ocrx_word' id='word_1_31' title='bbox 1239 491 1442 538; x_wconf 85' lang='lat' dir='ltr'>exercuit</span> <span class='ocrx_word' id='word_1_32' title='bbox 1470 524 1486 547; x_wconf 92' lang='lat'>,</span> <span class='ocrx_word' id='word_1_33' title='bbox 1531 490 1578 542; x_wconf 77' lang='grc' dir='ltr'>δι</span> <span class='ocrx_word' id='word_1_34' title='bbox 1609 489 1712 540; x_wconf 89' lang='lat' dir='ltr'>fune</span> <span class='ocrx_word' id='word_1_35' title='bbox 1745 493 1789 540; x_wconf 89' lang='lat' dir='ltr'>in</span> <span class='ocrx_word' id='word_1_36' title='bbox 1820 491 1960 542; x_wconf 87' lang='lat' dir='ltr'>nodos</span> <span class='ocrx_word' id='word_1_37' title='bbox 2000 491 2137 542; x_wconf 87' lang='lat' dir='ltr'>dedu-</span> 
     </span>
     <span class='ocr_line' id='line_1_5' title="bbox 135 555 2138 631; baseline 0.003 -25"><span class='ocrx_word' id='word_1_38' title='bbox 135 557 210 606; x_wconf 68' lang='lat' dir='ltr'>&lt;sto</span> <span class='ocrx_word' id='word_1_39' title='bbox 238 556 418 608; x_wconf 85' lang='lat' dir='ltr'>lumbos</span> <span class='ocrx_word' id='word_1_40' title='bbox 446 560 509 608; x_wconf 90' lang='lat' dir='ltr'>ita</span> <span class='ocrx_word' id='word_1_41' title='bbox 537 557 799 609; x_wconf 81' lang='lat' dir='ltr'>constrinxit</span> <span class='ocrx_word' id='word_1_42' title='bbox 828 591 844 614; x_wconf 94' lang='lat'>,</span> <span class='ocrx_word' id='word_1_43' title='bbox 890 572 940 607; x_wconf 92' lang='lat' dir='ltr'>ut</span> <span class='ocrx_word' id='word_1_44' title='bbox 969 558 994 605; x_wconf 71' lang='lat' dir='ltr'>a</span> <span class='ocrx_word' id='word_1_45' title='bbox 1022 570 1124 606; x_wconf 87' lang='lat' dir='ltr'>cute</span> <span class='ocrx_word' id='word_1_46' title='bbox 1158 555 1404 606; x_wconf 64' lang='lat' dir='ltr'>tumefaRa</span> <span class='ocrx_word' id='word_1_47' title='bbox 1447 562 1683 627; x_wconf 85' lang='lat' dir='ltr'>aliquoties</span> <span class='ocrx_word' id='word_1_48' title='bbox 1716 562 1832 631; x_wconf 70' lang='lat' dir='ltr'>aegre</span> <span class='ocrx_word' id='word_1_49' title='bbox 1875 563 2030 612; x_wconf 87' lang='lat' dir='ltr'>divelli</span> <span class='ocrx_word' id='word_1_50' title='bbox 2061 580 2138 631; x_wconf 90' lang='lat' dir='ltr'>po-</span> 
     </span>
     <span class='ocr_line' id='line_1_6' title="bbox 134 625 2140 688; baseline 0.003 -13"><span class='ocrx_word' id='word_1_51' title='bbox 134 630 273 677; x_wconf 88' lang='lat' dir='ltr'>tuerit</span> <span class='ocrx_word' id='word_1_52' title='bbox 298 664 312 677; x_wconf 92' lang='lat'><strong>.</strong></span> <span class='ocrx_word' id='word_1_53' title='bbox 369 632 424 677; x_wconf 88' lang='lat' dir='ltr'>ln</span> <span class='ocrx_word' id='word_1_54' title='bbox 458 627 623 678; x_wconf 88' lang='lat' dir='ltr'>sortem</span> <span class='ocrx_word' id='word_1_55' title='bbox 653 628 843 679; x_wconf 88' lang='lat' dir='ltr'>Domini</span> <span class='ocrx_word' id='word_1_56' title='bbox 880 625 928 678; x_wconf 74' lang='grc' dir='ltr'>ἃ</span> <span class='ocrx_word' id='word_1_57' title='bbox 965 627 1078 678; x_wconf 92' lang='lat' dir='ltr'>Divi</span> <span class='ocrx_word' id='word_1_58' title='bbox 1110 625 1338 675; x_wconf 86' lang='lat' dir='ltr'>Francisci</span> <span class='ocrx_word' id='word_1_59' title='bbox 1380 630 1546 678; x_wconf 88' lang='lat' dir='ltr'>relatus</span> <span class='ocrx_word' id='word_1_60' title='bbox 1574 665 1590 688; x_wconf 93' lang='lat'>,</span> <span class='ocrx_word' id='word_1_61' title='bbox 1627 628 1781 681; x_wconf 88' lang='lat' dir='ltr'>funem</span> <span class='ocrx_word' id='word_1_62' title='bbox 1820 634 1865 681; x_wconf 92' lang='lat' dir='ltr'>in</span> <span class='ocrx_word' id='word_1_63' title='bbox 1909 630 2140 683; x_wconf 75' lang='lat' dir='ltr'>ferream...</span> 
     </span>
     <span class='ocr_line' id='line_1_7' title="bbox 134 696 2143 768; baseline 0.002 -22"><span class='ocrx_word' id='word_1_64' title='bbox 134 699 347 747; x_wconf 89' lang='lat' dir='ltr'>laminam</span> <span class='ocrx_word' id='word_1_65' title='bbox 374 699 711 757; x_wconf 80' lang='lat' dir='ltr'>commutavit,</span> <span class='ocrx_word' id='word_1_66' title='bbox 738 716 788 747; x_wconf 91' lang='lat' dir='ltr'>ac</span> <span class='ocrx_word' id='word_1_67' title='bbox 813 697 1020 760; x_wconf 83' lang='lat' dir='ltr'>jejuniis,</span> <span class='ocrx_word' id='word_1_68' title='bbox 1049 696 1559 765; x_wconf 85' lang='lat' dir='ltr'>xerophagiis,aliisque</span> <span class='ocrx_word' id='word_1_69' title='bbox 1586 701 1748 768; x_wconf 85' lang='lat' dir='ltr'>rigoris</span> <span class='ocrx_word' id='word_1_70' title='bbox 1787 703 2011 752; x_wconf 83' lang='lat' dir='ltr'>exercitiis</span> <span class='ocrx_word' id='word_1_71' title='bbox 2042 719 2143 753; x_wconf 91' lang='lat' dir='ltr'>cor-</span> 
     </span>
     <span class='ocr_line' id='line_1_8' title="bbox 134 764 2143 835; baseline -0.002 -18"><span class='ocrx_word' id='word_1_72' title='bbox 134 784 217 835; x_wconf 84' lang='lat' dir='ltr'>pus</span> <span class='ocrx_word' id='word_1_73' title='bbox 245 769 289 817; x_wconf 89' lang='lat' dir='ltr'>in</span> <span class='ocrx_word' id='word_1_74' title='bbox 315 766 478 817; x_wconf 85' lang='lat' dir='ltr'>officiis</span> <span class='ocrx_word' id='word_1_75' title='bbox 500 770 646 824; x_wconf 84' lang='lat' dir='ltr'>tenuit</span> <span class='ocrx_word' id='word_1_76' title='bbox 668 787 680 816; x_wconf 88' lang='lat'>:</span> <span class='ocrx_word' id='word_1_77' title='bbox 712 770 758 816; x_wconf 90' lang='lat' dir='ltr'>in</span> <span class='ocrx_word' id='word_1_78' title='bbox 785 770 912 816; x_wconf 89' lang='lat' dir='ltr'>cultu</span> <span class='ocrx_word' id='word_1_79' title='bbox 942 768 1029 816; x_wconf 88' lang='lat' dir='ltr'>Dei</span> <span class='ocrx_word' id='word_1_80' title='bbox 1048 764 1273 823; x_wconf 83' lang='lat' dir='ltr'>affiduus,</span> <span class='ocrx_word' id='word_1_81' title='bbox 1297 780 1404 834; x_wconf 86' lang='lat' dir='ltr'>erga</span> <span class='ocrx_word' id='word_1_82' title='bbox 1431 783 1586 816; x_wconf 84' lang='lat' dir='ltr'>omnes</span> <span class='ocrx_word' id='word_1_83' title='bbox 1611 773 1781 827; x_wconf 91' lang='lat' dir='ltr'>comis,</span> <span class='ocrx_word' id='word_1_84' title='bbox 1808 775 2016 822; x_wconf 90' lang='lat' dir='ltr'>omnium</span> <span class='ocrx_word' id='word_1_85' title='bbox 2046 773 2143 822; x_wconf 88' lang='lat' dir='ltr'>cul.</span> 
     </span>
     <span class='ocr_line' id='line_1_9' title="bbox 134 833 2144 907; baseline 0.002 -20"><span class='ocrx_word' id='word_1_86' title='bbox 134 853 233 887; x_wconf 89' lang='lat' dir='ltr'>tum</span> <span class='ocrx_word' id='word_1_87' title='bbox 269 836 479 907; x_wconf 87' lang='lat' dir='ltr'>religiosa</span> <span class='ocrx_word' id='word_1_88' title='bbox 512 836 590 886; x_wconf 88' lang='lat' dir='ltr'>sua</span> <span class='ocrx_word' id='word_1_89' title='bbox 616 835 832 886; x_wconf 89' lang='lat' dir='ltr'>modestia</span> <span class='ocrx_word' id='word_1_90' title='bbox 859 837 902 883; x_wconf 91' lang='lat' dir='ltr'>in</span> <span class='ocrx_word' id='word_1_91' title='bbox 931 833 974 884; x_wconf 94' lang='lat' dir='ltr'>se</span> <span class='ocrx_word' id='word_1_92' title='bbox 1005 834 1363 886; x_wconf 88' lang='lat' dir='ltr'>concitavit.Vir</span> <span class='ocrx_word' id='word_1_93' title='bbox 1392 835 1478 884; x_wconf 84' lang='lat' dir='ltr'>Dei</span> <span class='ocrx_word' id='word_1_94' title='bbox 1508 837 1555 884; x_wconf 90' lang='lat' dir='ltr'>in</span> <span class='ocrx_word' id='word_1_95' title='bbox 1585 839 1678 886; x_wconf 91' lang='lat' dir='ltr'>vita</span> <span class='ocrx_word' id='word_1_96' title='bbox 1703 839 1876 899; x_wconf 65' lang='lat' dir='ltr'>distus,</span> <span class='ocrx_word' id='word_1_97' title='bbox 1904 845 1949 891; x_wconf 92' lang='lat' dir='ltr'>in</span> <span class='ocrx_word' id='word_1_98' title='bbox 1976 856 2144 899; x_wconf 87' lang='lat' dir='ltr'>morte,</span> 
     </span>
     <span class='ocr_line' id='line_1_10' title="bbox 136 903 2146 975; baseline 0.002 -19"><span class='ocrx_word' id='word_1_99' title='bbox 136 926 232 975; x_wconf 86' lang='lat' dir='ltr'>quae</span> <span class='ocrx_word' id='word_1_100' title='bbox 260 924 376 956; x_wconf 89' lang='lat' dir='ltr'>anno</span> <span class='ocrx_word' id='word_1_101' title='bbox 414 924 549 967; x_wconf 85' lang='lat'>1700.</span> <span class='ocrx_word' id='word_1_102' title='bbox 581 907 775 973; x_wconf 85' lang='lat' dir='ltr'>contigit</span> <span class='ocrx_word' id='word_1_103' title='bbox 803 940 819 962; x_wconf 91' lang='lat'>,</span> <span class='ocrx_word' id='word_1_104' title='bbox 861 906 949 954; x_wconf 88' lang='lat' dir='ltr'>Vir</span> <span class='ocrx_word' id='word_1_105' title='bbox 981 905 1170 954; x_wconf 68' lang='lat' dir='ltr'>sanstus</span> <span class='ocrx_word' id='word_1_106' title='bbox 1197 903 1396 953; x_wconf 88' lang='lat' dir='ltr'>creditus</span> <span class='ocrx_word' id='word_1_107' title='bbox 1431 924 1446 963; x_wconf 83' lang='lat'>3</span> <span class='ocrx_word' id='word_1_108' title='bbox 1478 905 1581 953; x_wconf 89' lang='lat' dir='ltr'>hinc</span> <span class='ocrx_word' id='word_1_109' title='bbox 1611 906 1840 958; x_wconf 82' lang='lat' dir='ltr'>cadaveris</span> <span class='ocrx_word' id='word_1_110' title='bbox 1877 911 1920 959; x_wconf 91' lang='lat' dir='ltr'>in</span> <span class='ocrx_word' id='word_1_111' title='bbox 1951 910 2146 961; x_wconf 75' lang='lat' dir='ltr'>Ecclesia</span> 
     </span>
     <span class='ocr_line' id='line_1_11' title="bbox 137 971 2146 1046; baseline 0 -18"><span class='ocrx_word' id='word_1_112' title='bbox 137 977 267 1046; x_wconf 80' lang='lat' dir='ltr'>positi</span> <span class='ocrx_word' id='word_1_113' title='bbox 297 975 428 1043; x_wconf 82' lang='lat' dir='ltr'>pedes</span> <span class='ocrx_word' id='word_1_114' title='bbox 455 973 644 1024; x_wconf 89' lang='lat' dir='ltr'>osculari</span> <span class='ocrx_word' id='word_1_115' title='bbox 662 1009 679 1031; x_wconf 89' lang='lat'>,</span> <span class='ocrx_word' id='word_1_116' title='bbox 706 972 853 1022; x_wconf 88' lang='lat' dir='ltr'>barbae</span> <span class='ocrx_word' id='word_1_117' title='bbox 870 973 985 1039; x_wconf 87' lang='lat' dir='ltr'>pilos</span> <span class='ocrx_word' id='word_1_118' title='bbox 1015 971 1211 1022; x_wconf 86' lang='lat' dir='ltr'>scindere</span> <span class='ocrx_word' id='word_1_119' title='bbox 1233 1009 1248 1032; x_wconf 93' lang='lat'>,</span> <span class='ocrx_word' id='word_1_120' title='bbox 1275 972 1476 1025; x_wconf 77' lang='lat' dir='ltr'>Habitfis</span> <span class='ocrx_word' id='word_1_121' title='bbox 1509 972 1644 1024; x_wconf 87' lang='lat' dir='ltr'>frusta</span> <span class='ocrx_word' id='word_1_122' title='bbox 1677 994 1884 1045; x_wconf 86' lang='lat' dir='ltr'>carpere,</span> <span class='ocrx_word' id='word_1_123' title='bbox 1913 982 2146 1046; x_wconf 79' lang='lat' dir='ltr'>aliquam.,</span> 
     </span>
     <span class='ocr_line' id='line_1_12' title="bbox 138 1040 2008 1115; baseline 0.001 -19"><span class='ocrx_word' id='word_1_124' title='bbox 138 1050 193 1098; x_wconf 90' lang='lat' dir='ltr'>de</span> <span class='ocrx_word' id='word_1_125' title='bbox 235 1060 430 1115; x_wconf 83' lang='lat' dir='ltr'>paupere</span> <span class='ocrx_word' id='word_1_126' title='bbox 462 1048 554 1106; x_wconf 90' lang='lat' dir='ltr'>ejus</span> <span class='ocrx_word' id='word_1_127' title='bbox 583 1040 855 1108; x_wconf 61' lang='lat' dir='ltr'>supellectile</span> <span class='ocrx_word' id='word_1_128' title='bbox 876 1056 1051 1109; x_wconf 87' lang='lat' dir='ltr'>partem</span> <span class='ocrx_word' id='word_1_129' title='bbox 1085 1056 1233 1109; x_wconf 90' lang='lat' dir='ltr'>petere</span> <span class='ocrx_word' id='word_1_130' title='bbox 1250 1078 1266 1101; x_wconf 93' lang='lat'>,</span> <span class='ocrx_word' id='word_1_131' title='bbox 1290 1045 1483 1110; x_wconf 87' lang='lat' dir='ltr'>populus</span> <span class='ocrx_word' id='word_1_132' title='bbox 1511 1048 1751 1096; x_wconf 86' lang='lat' dir='ltr'>turmatim</span> <span class='ocrx_word' id='word_1_133' title='bbox 1781 1047 1899 1097; x_wconf 83' lang='lat' dir='ltr'>visus</span> <span class='ocrx_word' id='word_1_134' title='bbox 1919 1047 1979 1097; x_wconf 86' lang='lat' dir='ltr'>est</span> <span class='ocrx_word' id='word_1_135' title='bbox 1996 1086 2008 1098; x_wconf 95' lang='lat'>.</span> 
     </span>
    </p>

    <p class='ocr_par' dir='ltr' id='par_1_3' title="bbox 139 1109 2151 1395">
     <span class='ocr_line' id='line_1_13' title="bbox 273 1109 2147 1184; baseline 0.003 -21"><span class='ocrx_word' id='word_1_136' title='bbox 273 1118 349 1163; x_wconf 88' lang='lat' dir='ltr'>Fr.</span> <span class='ocrx_word' id='word_1_137' title='bbox 382 1111 554 1182; x_wconf 79' lang='lat' dir='ltr'>AEgidii</span> <span class='ocrx_word' id='word_1_138' title='bbox 588 1112 612 1160; x_wconf 71' lang='lat' dir='ltr'>a</span> <span class='ocrx_word' id='word_1_139' title='bbox 638 1115 809 1162; x_wconf 86' lang='lat' dir='ltr'>Bazato</span> <span class='ocrx_word' id='word_1_140' title='bbox 836 1109 1120 1160; x_wconf 87' lang='lat' dir='ltr'>conversatio</span> <span class='ocrx_word' id='word_1_141' title='bbox 1144 1109 1232 1162; x_wconf 90' lang='lat' dir='ltr'>fuit</span> <span class='ocrx_word' id='word_1_142' title='bbox 1267 1112 1314 1160; x_wconf 86' lang='lat' dir='ltr'>in</span> <span class='ocrx_word' id='word_1_143' title='bbox 1342 1114 1461 1161; x_wconf 84' lang='lat' dir='ltr'>caelis</span> <span class='ocrx_word' id='word_1_144' title='bbox 1489 1131 1505 1171; x_wconf 82' lang='lat'>3</span> <span class='ocrx_word' id='word_1_145' title='bbox 1536 1131 1628 1164; x_wconf 89' lang='lat' dir='ltr'>non</span> <span class='ocrx_word' id='word_1_146' title='bbox 1651 1132 1703 1164; x_wconf 90' lang='lat' dir='ltr'>ea</span> <span class='ocrx_word' id='word_1_147' title='bbox 1722 1151 1738 1174; x_wconf 94' lang='lat'>,</span> <span class='ocrx_word' id='word_1_148' title='bbox 1767 1135 1862 1184; x_wconf 87' lang='lat' dir='ltr'>quae</span> <span class='ocrx_word' id='word_1_149' title='bbox 1898 1117 2113 1169; x_wconf 89' lang='lat' dir='ltr'>videntur</span> <span class='ocrx_word' id='word_1_150' title='bbox 2131 1153 2147 1177; x_wconf 90' lang='lat'>,</span> 
     </span>
     <span class='ocr_line' id='line_1_14' title="bbox 139 1179 2149 1252; baseline 0.001 -16"><span class='ocrx_word' id='word_1_151' title='bbox 139 1186 214 1240; x_wconf 89' lang='lat' dir='ltr'>sed</span> <span class='ocrx_word' id='word_1_152' title='bbox 237 1202 335 1252; x_wconf 85' lang='lat' dir='ltr'>quae</span> <span class='ocrx_word' id='word_1_153' title='bbox 367 1200 457 1232; x_wconf 89' lang='lat' dir='ltr'>non</span> <span class='ocrx_word' id='word_1_154' title='bbox 492 1181 733 1240; x_wconf 89' lang='lat' dir='ltr'>videntur,</span> <span class='ocrx_word' id='word_1_155' title='bbox 767 1179 984 1231; x_wconf 76' lang='lat' dir='ltr'>continuo</span> <span class='ocrx_word' id='word_1_156' title='bbox 1017 1181 1440 1250; x_wconf 87' lang='lat' dir='ltr'>contemplabatur,</span> <span class='ocrx_word' id='word_1_157' title='bbox 1469 1181 1712 1250; x_wconf 85' lang='lat' dir='ltr'>habuitque</span> <span class='ocrx_word' id='word_1_158' title='bbox 1742 1187 2029 1237; x_wconf 90' lang='lat' dir='ltr'>Ludovicum</span> <span class='ocrx_word' id='word_1_159' title='bbox 2061 1194 2149 1238; x_wconf 92' lang='lat' dir='ltr'>Re-</span> 
     </span>
     <span class='ocr_line' id='line_1_15' title="bbox 140 1249 2151 1329; baseline 0 -23"><span class='ocrx_word' id='word_1_160' title='bbox 140 1276 244 1329; x_wconf 87' lang='lat' dir='ltr'>gem</span> <span class='ocrx_word' id='word_1_161' title='bbox 268 1256 421 1304; x_wconf 90' lang='lat' dir='ltr'>XIII.</span> <span class='ocrx_word' id='word_1_162' title='bbox 445 1288 461 1311; x_wconf 91' lang='lat'>,</span> <span class='ocrx_word' id='word_1_163' title='bbox 485 1251 534 1303; x_wconf 72' lang='lat' dir='ltr'>&lt;Sc</span> <span class='ocrx_word' id='word_1_164' title='bbox 557 1254 784 1322; x_wconf 87' lang='lat' dir='ltr'>Reginam</span> <span class='ocrx_word' id='word_1_165' title='bbox 818 1252 962 1320; x_wconf 87' lang='lat' dir='ltr'>Agini</span> <span class='ocrx_word' id='word_1_166' title='bbox 990 1249 1224 1319; x_wconf 66' lang='lat' dir='ltr'>praesentes</span> <span class='ocrx_word' id='word_1_167' title='bbox 1244 1253 1427 1302; x_wconf 84' lang='lat' dir='ltr'>extatici</span> <span class='ocrx_word' id='word_1_168' title='bbox 1446 1254 1599 1321; x_wconf 76' lang='lat' dir='ltr'>raptfis</span> <span class='ocrx_word' id='word_1_169' title='bbox 1625 1253 1751 1305; x_wconf 89' lang='lat' dir='ltr'>testes</span> <span class='ocrx_word' id='word_1_170' title='bbox 1768 1291 1785 1315; x_wconf 96' lang='lat'>,</span> <span class='ocrx_word' id='word_1_171' title='bbox 1814 1255 1863 1308; x_wconf 71' lang='grc' dir='ltr'>ὅ(</span> <span class='ocrx_word' id='word_1_172' title='bbox 1881 1258 2018 1308; x_wconf 88' lang='lat' dir='ltr'>Cives</span> <span class='ocrx_word' id='word_1_173' title='bbox 2039 1259 2151 1327; x_wconf 86' lang='lat' dir='ltr'>Agi-</span> 
     </span>
     <span class='ocr_line' id='line_1_16' title="bbox 139 1321 1116 1395; baseline -0.005 -18"><span class='ocrx_word' id='word_1_174' title='bbox 139 1347 220 1380; x_wconf 86' lang='lat' dir='ltr'>nos</span> <span class='ocrx_word' id='word_1_175' title='bbox 246 1321 451 1395; x_wconf 77' lang='lat' dir='ltr'>pretiosa:</span> <span class='ocrx_word' id='word_1_176' title='bbox 487 1325 650 1372; x_wconf 90' lang='lat' dir='ltr'>mortis</span> <span class='ocrx_word' id='word_1_177' title='bbox 685 1331 829 1376; x_wconf 86' lang='lat'>1621.</span> <span class='ocrx_word' id='word_1_178' title='bbox 859 1338 1116 1390; x_wconf 86' lang='lat' dir='ltr'>praecones.</span> 
     </span>
    </p>

    <p class='ocr_par' dir='ltr' id='par_1_4' title="bbox 139 1391 2162 1939">
     <span class='ocr_line' id='line_1_17' title="bbox 276 1391 2155 1462; baseline -0.001 -17"><span class='ocrx_word' id='word_1_179' title='bbox 276 1399 332 1445; x_wconf 89' lang='lat' dir='ltr'>In</span> <span class='ocrx_word' id='word_1_180' title='bbox 357 1397 434 1442; x_wconf 88' lang='lat' dir='ltr'>Fr.</span> <span class='ocrx_word' id='word_1_181' title='bbox 469 1395 632 1442; x_wconf 82' lang='lat' dir='ltr'>Alexio</span> <span class='ocrx_word' id='word_1_182' title='bbox 661 1392 717 1442; x_wconf 88' lang='lat' dir='ltr'>de</span> <span class='ocrx_word' id='word_1_183' title='bbox 739 1393 908 1444; x_wconf 87' lang='lat' dir='ltr'>Martel</span> <span class='ocrx_word' id='word_1_184' title='bbox 940 1427 957 1451; x_wconf 92' lang='lat'>,</span> <span class='ocrx_word' id='word_1_185' title='bbox 1001 1396 1148 1443; x_wconf 68' lang='lat' dir='ltr'>Sacrae</span> <span class='ocrx_word' id='word_1_186' title='bbox 1179 1392 1446 1462; x_wconf 83' lang='lat' dir='ltr'>Theologiae</span> <span class='ocrx_word' id='word_1_187' title='bbox 1478 1392 1666 1444; x_wconf 65' lang='lat' dir='ltr'>Leflore</span> <span class='ocrx_word' id='word_1_188' title='bbox 1693 1393 1787 1447; x_wconf 83' lang='lat' dir='ltr'>visa</span> <span class='ocrx_word' id='word_1_189' title='bbox 1819 1391 1923 1444; x_wconf 90' lang='lat' dir='ltr'>sunt</span> <span class='ocrx_word' id='word_1_190' title='bbox 1961 1395 2155 1444; x_wconf 51' lang='lat' dir='ltr'>omnia„</span> 
     </span>
     <span class='ocr_line' id='line_1_18' title="bbox 139 1462 2156 1533; baseline -0.001 -17"><span class='ocrx_word' id='word_1_191' title='bbox 139 1468 299 1524; x_wconf 84' lang='lat' dir='ltr'>mira3</span> <span class='ocrx_word' id='word_1_192' title='bbox 336 1475 516 1513; x_wconf 86' lang='lat' dir='ltr'>aetatem</span> <span class='ocrx_word' id='word_1_193' title='bbox 555 1462 732 1513; x_wconf 71' lang='lat' dir='ltr'>florida:</span> <span class='ocrx_word' id='word_1_194' title='bbox 763 1464 1016 1527; x_wconf 85' lang='lat' dir='ltr'>juventutis</span> <span class='ocrx_word' id='word_1_195' title='bbox 1067 1478 1340 1532; x_wconf 88' lang='lat' dir='ltr'>magnarum</span> <span class='ocrx_word' id='word_1_196' title='bbox 1389 1480 1543 1515; x_wconf 86' lang='lat' dir='ltr'>rerum</span> <span class='ocrx_word' id='word_1_197' title='bbox 1591 1464 1867 1533; x_wconf 88' lang='lat' dir='ltr'>agendarum</span> <span class='ocrx_word' id='word_1_198' title='bbox 1917 1463 2156 1533; x_wconf 58' lang='lat' dir='ltr'>prudentia</span> 
     </span>
     <span class='ocr_line' id='line_1_19' title="bbox 139 1529 2157 1602; baseline -0.002 -14"><span class='ocrx_word' id='word_1_199' title='bbox 139 1534 366 1589; x_wconf 87' lang='lat' dir='ltr'>transtulit</span> <span class='ocrx_word' id='word_1_200' title='bbox 409 1534 456 1582; x_wconf 90' lang='lat' dir='ltr'>in</span> <span class='ocrx_word' id='word_1_201' title='bbox 497 1531 695 1582; x_wconf 87' lang='lat' dir='ltr'>formam</span> <span class='ocrx_word' id='word_1_202' title='bbox 725 1529 990 1592; x_wconf 66' lang='lat' dir='ltr'>senestutis,</span> <span class='ocrx_word' id='word_1_203' title='bbox 1017 1534 1324 1583; x_wconf 86' lang='lat' dir='ltr'>innocentiam</span> <span class='ocrx_word' id='word_1_204' title='bbox 1357 1550 1462 1583; x_wconf 90' lang='lat' dir='ltr'>cum</span> <span class='ocrx_word' id='word_1_205' title='bbox 1486 1535 1637 1602; x_wconf 89' lang='lat' dir='ltr'>primo</span> <span class='ocrx_word' id='word_1_206' title='bbox 1661 1537 1845 1585; x_wconf 90' lang='lat' dir='ltr'>lavacro</span> <span class='ocrx_word' id='word_1_207' title='bbox 1874 1537 2064 1585; x_wconf 68' lang='lat' dir='ltr'>trastam</span> <span class='ocrx_word' id='word_1_208' title='bbox 2097 1537 2157 1584; x_wconf 87' lang='lat' dir='ltr'>ita</span> 
     </span>
     <span class='ocr_line' id='line_1_20' title="bbox 141 1602 2159 1663; baseline -0.002 -6"><span class='ocrx_word' id='word_1_209' title='bbox 141 1606 367 1663; x_wconf 87' lang='lat' dir='ltr'>servavit,</span> <span class='ocrx_word' id='word_1_210' title='bbox 395 1617 448 1653; x_wconf 92' lang='lat' dir='ltr'>ut</span> <span class='ocrx_word' id='word_1_211' title='bbox 475 1605 520 1653; x_wconf 92' lang='lat' dir='ltr'>in</span> <span class='ocrx_word' id='word_1_212' title='bbox 547 1621 678 1654; x_wconf 89' lang='lat' dir='ltr'>carne</span> <span class='ocrx_word' id='word_1_213' title='bbox 702 1602 969 1662; x_wconf 89' lang='lat' dir='ltr'>ambulans,</span> <span class='ocrx_word' id='word_1_214' title='bbox 1006 1620 1094 1653; x_wconf 89' lang='lat' dir='ltr'>non</span> <span class='ocrx_word' id='word_1_215' title='bbox 1124 1602 1373 1654; x_wconf 72' lang='lat' dir='ltr'>secundum</span> <span class='ocrx_word' id='word_1_216' title='bbox 1403 1622 1583 1655; x_wconf 87' lang='lat' dir='ltr'>carnem</span> <span class='ocrx_word' id='word_1_217' title='bbox 1611 1607 1854 1655; x_wconf 87' lang='lat' dir='ltr'>militaret:</span> <span class='ocrx_word' id='word_1_218' title='bbox 1884 1619 2048 1655; x_wconf 87' lang='lat' dir='ltr'>terram</span> <span class='ocrx_word' id='word_1_219' title='bbox 2078 1604 2159 1653; x_wconf 83' lang='lat' dir='ltr'>fibi</span> 
     </span>
     <span class='ocr_line' id='line_1_21' title="bbox 140 1671 2162 1745; baseline -0.003 -17"><span class='ocrx_word' id='word_1_220' title='bbox 140 1677 364 1729; x_wconf 88' lang='lat' dir='ltr'>convertit</span> <span class='ocrx_word' id='word_1_221' title='bbox 390 1675 436 1723; x_wconf 89' lang='lat' dir='ltr'>in</span> <span class='ocrx_word' id='word_1_222' title='bbox 462 1671 622 1724; x_wconf 81' lang='lat' dir='ltr'>caelum</span> <span class='ocrx_word' id='word_1_223' title='bbox 640 1710 658 1733; x_wconf 94' lang='lat'>,</span> <span class='ocrx_word' id='word_1_224' title='bbox 685 1675 749 1724; x_wconf 90' lang='lat' dir='ltr'>ita</span> <span class='ocrx_word' id='word_1_225' title='bbox 773 1689 824 1724; x_wconf 90' lang='lat' dir='ltr'>ut</span> <span class='ocrx_word' id='word_1_226' title='bbox 850 1691 906 1724; x_wconf 83' lang='lat' dir='ltr'>ex</span> <span class='ocrx_word' id='word_1_227' title='bbox 933 1672 1165 1724; x_wconf 88' lang='lat' dir='ltr'>consortio</span> <span class='ocrx_word' id='word_1_228' title='bbox 1201 1674 1392 1724; x_wconf 88' lang='lat' dir='ltr'>Domini</span> <span class='ocrx_word' id='word_1_229' title='bbox 1417 1709 1432 1732; x_wconf 92' lang='lat'>,</span> <span class='ocrx_word' id='word_1_230' title='bbox 1447 1676 1570 1745; x_wconf 77' lang='lat' dir='ltr'>Jugis</span> <span class='ocrx_word' id='word_1_231' title='bbox 1598 1674 1647 1723; x_wconf 86' lang='lat' dir='ltr'>in</span> <span class='ocrx_word' id='word_1_232' title='bbox 1675 1680 1767 1739; x_wconf 91' lang='lat' dir='ltr'>ejus</span> <span class='ocrx_word' id='word_1_233' title='bbox 1799 1675 1934 1726; x_wconf 91' lang='lat' dir='ltr'>vultu</span> <span class='ocrx_word' id='word_1_234' title='bbox 1966 1675 2162 1724; x_wconf 83' lang='lat' dir='ltr'>radiaret</span> 
     </span>
     <span class='ocr_line' id='line_1_22' title="bbox 139 1739 2160 1816; baseline -0.003 -19"><span class='ocrx_word' id='word_1_235' title='bbox 139 1748 304 1816; x_wconf 88' lang='lat' dir='ltr'>species</span> <span class='ocrx_word' id='word_1_236' title='bbox 328 1743 571 1795; x_wconf 69' lang='lat' dir='ltr'>sanstitatis</span> <span class='ocrx_word' id='word_1_237' title='bbox 600 1775 616 1785; x_wconf 91' lang='lat'><strong>·</strong></span> <span class='ocrx_word' id='word_1_238' title='bbox 650 1743 960 1795; x_wconf 87' lang='lat' dir='ltr'>Consumatus</span> <span class='ocrx_word' id='word_1_239' title='bbox 986 1745 1032 1793; x_wconf 91' lang='lat' dir='ltr'>in</span> <span class='ocrx_word' id='word_1_240' title='bbox 1055 1744 1186 1794; x_wconf 89' lang='lat' dir='ltr'>brevi</span> <span class='ocrx_word' id='word_1_241' title='bbox 1215 1745 1415 1811; x_wconf 77' lang='lat' dir='ltr'>explevit</span> <span class='ocrx_word' id='word_1_242' title='bbox 1442 1759 1647 1811; x_wconf 87' lang='lat' dir='ltr'>tempora</span> <span class='ocrx_word' id='word_1_243' title='bbox 1670 1747 1822 1803; x_wconf 63' lang='lat' dir='ltr'>‚multa</span> <span class='ocrx_word' id='word_1_244' title='bbox 1848 1778 1865 1801; x_wconf 92' lang='lat'>,</span> <span class='ocrx_word' id='word_1_245' title='bbox 1905 1743 1954 1795; x_wconf 71' lang='grc' dir='ltr'>ὃ(</span> <span class='ocrx_word' id='word_1_246' title='bbox 1984 1761 2041 1793; x_wconf 85' lang='lat' dir='ltr'>ex</span> <span class='ocrx_word' id='word_1_247' title='bbox 2070 1739 2160 1809; x_wconf 80' lang='lat' dir='ltr'>ipsa</span> 
     </span>
     <span class='ocr_line' id='line_1_23' title="bbox 142 1811 2162 1879; baseline -0.001 -15"><span class='ocrx_word' id='word_1_248' title='bbox 142 1830 291 1868; x_wconf 86' lang='lat' dir='ltr'>morte</span> <span class='ocrx_word' id='word_1_249' title='bbox 323 1817 479 1864; x_wconf 88' lang='lat' dir='ltr'>elicuit</span> <span class='ocrx_word' id='word_1_250' title='bbox 514 1816 689 1870; x_wconf 88' lang='lat' dir='ltr'>vitam,</span> <span class='ocrx_word' id='word_1_251' title='bbox 718 1830 853 1879; x_wconf 89' lang='lat' dir='ltr'>quam</span> <span class='ocrx_word' id='word_1_252' title='bbox 884 1811 1149 1879; x_wconf 87' lang='lat' dir='ltr'>acquifivit,</span> <span class='ocrx_word' id='word_1_253' title='bbox 1180 1826 1231 1860; x_wconf 93' lang='lat' dir='ltr'>ut</span> <span class='ocrx_word' id='word_1_254' title='bbox 1258 1811 1331 1878; x_wconf 72' lang='lat' dir='ltr'>pie</span> <span class='ocrx_word' id='word_1_255' title='bbox 1361 1813 1585 1862; x_wconf 88' lang='lat' dir='ltr'>credimus</span> <span class='ocrx_word' id='word_1_256' title='bbox 1602 1846 1619 1870; x_wconf 93' lang='lat'>,</span> <span class='ocrx_word' id='word_1_257' title='bbox 1650 1815 1695 1861; x_wconf 91' lang='lat' dir='ltr'>in</span> <span class='ocrx_word' id='word_1_258' title='bbox 1717 1815 1845 1862; x_wconf 86' lang='lat' dir='ltr'>coelis</span> <span class='ocrx_word' id='word_1_259' title='bbox 1864 1845 1881 1869; x_wconf 92' lang='lat'>,</span> <span class='ocrx_word' id='word_1_260' title='bbox 1913 1812 1961 1863; x_wconf 73' lang='grc' dir='ltr'>ὅ(</span> <span class='ocrx_word' id='word_1_261' title='bbox 1985 1829 2162 1879; x_wconf 66' lang='lat' dir='ltr'>quarm·</span> 
     </span>
     <span class='ocr_line' id='line_1_24' title="bbox 143 1880 1128 1939; baseline -0.007 -3"><span class='ocrx_word' id='word_1_262' title='bbox 143 1886 276 1938; x_wconf 88' lang='lat' dir='ltr'>habet</span> <span class='ocrx_word' id='word_1_263' title='bbox 303 1885 349 1932; x_wconf 90' lang='lat' dir='ltr'>in</span> <span class='ocrx_word' id='word_1_264' title='bbox 373 1882 532 1932; x_wconf 88' lang='lat' dir='ltr'>animis</span> <span class='ocrx_word' id='word_1_265' title='bbox 562 1883 780 1939; x_wconf 89' lang='lat' dir='ltr'>Civium,</span> <span class='ocrx_word' id='word_1_266' title='bbox 810 1880 859 1932; x_wconf 72' lang='lat' dir='ltr'>&lt;St</span> <span class='ocrx_word' id='word_1_267' title='bbox 885 1884 1097 1930; x_wconf 85' lang='lat' dir='ltr'>Fratrum</span> <span class='ocrx_word' id='word_1_268' title='bbox 1115 1917 1128 1930; x_wconf 95' lang='lat'><strong><em>.</em></strong></span> 
     </span>
    </p>

    <p class='ocr_par' dir='ltr' id='par_1_5' title="bbox 145 1949 2169 2771">
     <span class='ocr_line' id='line_1_25' title="bbox 284 1949 2158 2020; baseline -0.003 -17"><span class='ocrx_word' id='word_1_269' title='bbox 284 1958 411 2004; x_wconf 87' lang='lat' dir='ltr'>Cum</span> <span class='ocrx_word' id='word_1_270' title='bbox 446 1966 596 2002; x_wconf 88' lang='lat' dir='ltr'>autem</span> <span class='ocrx_word' id='word_1_271' title='bbox 627 1952 671 2001; x_wconf 87' lang='lat' dir='ltr'>hi</span> <span class='ocrx_word' id='word_1_272' title='bbox 712 1966 757 2000; x_wconf 93' lang='lat' dir='ltr'>et</span> <span class='ocrx_word' id='word_1_273' title='bbox 786 1951 863 2000; x_wconf 88' lang='lat' dir='ltr'>alii</span> <span class='ocrx_word' id='word_1_274' title='bbox 900 1953 1014 2011; x_wconf 84' lang='lat' dir='ltr'>inter</span> <span class='ocrx_word' id='word_1_275' title='bbox 1045 1968 1183 2018; x_wconf 88' lang='lat' dir='ltr'>aquas</span> <span class='ocrx_word' id='word_1_276' title='bbox 1215 1951 1609 2020; x_wconf 86' lang='lat' dir='ltr'>contemplationis</span> <span class='ocrx_word' id='word_1_277' title='bbox 1651 1949 1974 2002; x_wconf 86' lang='lat' dir='ltr'>deliciabantur</span> <span class='ocrx_word' id='word_1_278' title='bbox 2001 1987 2016 2011; x_wconf 92' lang='lat'>,</span> <span class='ocrx_word' id='word_1_279' title='bbox 2044 1949 2158 2000; x_wconf 87' lang='lat' dir='ltr'>deri-</span> 
     </span>
     <span class='ocr_line' id='line_1_26' title="bbox 148 2018 2165 2086; baseline -0.003 -11"><span class='ocrx_word' id='word_1_280' title='bbox 148 2026 315 2077; x_wconf 68' lang='lat' dir='ltr'>va&#39;lrunt</span> <span class='ocrx_word' id='word_1_281' title='bbox 341 2021 487 2071; x_wconf 85' lang='lat' dir='ltr'>fontes</span> <span class='ocrx_word' id='word_1_282' title='bbox 509 2024 701 2069; x_wconf 89' lang='lat' dir='ltr'>aliorum</span> <span class='ocrx_word' id='word_1_283' title='bbox 733 2024 946 2068; x_wconf 90' lang='lat' dir='ltr'>Fratrum</span> <span class='ocrx_word' id='word_1_284' title='bbox 971 2018 1090 2068; x_wconf 70' lang='lat' dir='ltr'>foras</span> <span class='ocrx_word' id='word_1_285' title='bbox 1107 2021 1250 2077; x_wconf 90' lang='lat' dir='ltr'>,dum</span> <span class='ocrx_word' id='word_1_286' title='bbox 1274 2022 1319 2067; x_wconf 90' lang='lat' dir='ltr'>in</span> <span class='ocrx_word' id='word_1_287' title='bbox 1359 2024 1515 2086; x_wconf 84' lang='lat' dir='ltr'>plateis</span> <span class='ocrx_word' id='word_1_288' title='bbox 1559 2038 1694 2085; x_wconf 89' lang='lat' dir='ltr'>aquas</span> <span class='ocrx_word' id='word_1_289' title='bbox 1740 2022 1968 2071; x_wconf 88' lang='lat' dir='ltr'>charitatis</span> <span class='ocrx_word' id='word_1_290' title='bbox 1997 2028 2165 2086; x_wconf 84' lang='lat' dir='ltr'>juxta...</span> 
     </span>
     <span class='ocr_line' id='line_1_27' title="bbox 145 2084 2163 2160; baseline -0.004 -16"><span class='ocrx_word' id='word_1_291' title='bbox 145 2094 374 2160; x_wconf 68' lang='lat' dir='ltr'>scripturae</span> <span class='ocrx_word' id='word_1_292' title='bbox 406 2089 546 2138; x_wconf 85' lang='lat' dir='ltr'>verba</span> <span class='ocrx_word' id='word_1_293' title='bbox 580 2086 832 2136; x_wconf 89' lang='lat' dir='ltr'>diviserunt</span> <span class='ocrx_word' id='word_1_294' title='bbox 848 2103 924 2143; x_wconf 91' lang='lat' dir='ltr'>,et</span> <span class='ocrx_word' id='word_1_295' title='bbox 955 2086 1012 2133; x_wconf 85' lang='lat' dir='ltr'>ad</span> <span class='ocrx_word' id='word_1_296' title='bbox 1027 2084 1330 2154; x_wconf 87' lang='lat' dir='ltr'>frangendum</span> <span class='ocrx_word' id='word_1_297' title='bbox 1353 2088 1564 2135; x_wconf 84' lang='lat' dir='ltr'>desolatis</span> <span class='ocrx_word' id='word_1_298' title='bbox 1584 2090 1631 2139; x_wconf 80' lang='lat' dir='ltr'>jn</span> <span class='ocrx_word' id='word_1_299' title='bbox 1659 2091 1780 2136; x_wconf 87' lang='lat' dir='ltr'>valle</span> <span class='ocrx_word' id='word_1_300' title='bbox 1808 2091 2163 2156; x_wconf 82' lang='lat' dir='ltr'>lachrymarum,</span> 
     </span>
     <span class='ocr_line' id='line_1_28' title="bbox 148 2153 2167 2233; baseline -0.003 -21"><span class='ocrx_word' id='word_1_301' title='bbox 148 2180 310 2233; x_wconf 88' lang='lat' dir='ltr'>panem</span> <span class='ocrx_word' id='word_1_302' title='bbox 346 2157 666 2207; x_wconf 79' lang='lat' dir='ltr'>consolationis</span> <span class='ocrx_word' id='word_1_303' title='bbox 690 2155 987 2223; x_wconf 71' lang='lat' dir='ltr'>propers‘lrunt</span> <span class='ocrx_word' id='word_1_304' title='bbox 1004 2189 1020 2212; x_wconf 97' lang='lat'>,</span> <span class='ocrx_word' id='word_1_305' title='bbox 1047 2158 1224 2221; x_wconf 90' lang='lat' dir='ltr'>quoties</span> <span class='ocrx_word' id='word_1_306' title='bbox 1251 2155 1316 2204; x_wconf 85' lang='lat' dir='ltr'>ira</span> <span class='ocrx_word' id='word_1_307' title='bbox 1339 2157 1425 2206; x_wconf 90' lang='lat' dir='ltr'>Dei</span> <span class='ocrx_word' id='word_1_308' title='bbox 1459 2154 1501 2203; x_wconf 92' lang='lat' dir='ltr'>se</span> <span class='ocrx_word' id='word_1_309' title='bbox 1532 2153 1577 2204; x_wconf 89' lang='lat' dir='ltr'>se</span> <span class='ocrx_word' id='word_1_310' title='bbox 1607 2154 1766 2218; x_wconf 82' lang='lat' dir='ltr'>effudit</span> <span class='ocrx_word' id='word_1_311' title='bbox 1788 2153 1919 2224; x_wconf 87' lang='lat' dir='ltr'>super</span> <span class='ocrx_word' id='word_1_312' title='bbox 1944 2156 2061 2207; x_wconf 85' lang='lat' dir='ltr'>filios</span> <span class='ocrx_word' id='word_1_313' title='bbox 2089 2159 2167 2206; x_wconf 92' lang='lat' dir='ltr'>ho-</span> 
     </span>
     <span class='ocr_line' id='line_1_29' title="bbox 146 2222 2167 2293; baseline -0.004 -10"><span class='ocrx_word' id='word_1_314' title='bbox 146 2236 355 2288; x_wconf 90' lang='lat' dir='ltr'>minum,</span> <span class='ocrx_word' id='word_1_315' title='bbox 383 2243 430 2279; x_wconf 89' lang='lat' dir='ltr'>et</span> <span class='ocrx_word' id='word_1_316' title='bbox 461 2230 554 2278; x_wconf 90' lang='lat' dir='ltr'>lues</span> <span class='ocrx_word' id='word_1_317' title='bbox 577 2228 695 2277; x_wconf 73' lang='lat' dir='ltr'>aiiris</span> <span class='ocrx_word' id='word_1_318' title='bbox 720 2227 927 2293; x_wconf 86' lang='lat' dir='ltr'>implevit</span> <span class='ocrx_word' id='word_1_319' title='bbox 959 2226 1186 2275; x_wconf 88' lang='lat' dir='ltr'>Civitates</span> <span class='ocrx_word' id='word_1_320' title='bbox 1214 2222 1379 2274; x_wconf 89' lang='lat' dir='ltr'>foetore</span> <span class='ocrx_word' id='word_1_321' title='bbox 1404 2224 1719 2285; x_wconf 87' lang='lat' dir='ltr'>cadaverum3</span> <span class='ocrx_word' id='word_1_322' title='bbox 1755 2227 1910 2275; x_wconf 89' lang='lat' dir='ltr'>mirari</span> <span class='ocrx_word' id='word_1_323' title='bbox 1945 2228 2046 2277; x_wconf 88' lang='lat' dir='ltr'>inde</span> <span class='ocrx_word' id='word_1_324' title='bbox 2076 2243 2167 2275; x_wconf 88' lang='lat' dir='ltr'>non</span> 
     </span>
     <span class='ocr_line' id='line_1_30' title="bbox 147 2294 2168 2366; baseline -0.003 -14"><span class='ocrx_word' id='word_1_325' title='bbox 147 2303 314 2359; x_wconf 89' lang='lat' dir='ltr'>debet,</span> <span class='ocrx_word' id='word_1_326' title='bbox 344 2302 420 2366; x_wconf 90' lang='lat' dir='ltr'>qui</span> <span class='ocrx_word' id='word_1_327' title='bbox 453 2299 727 2362; x_wconf 88' lang='lat' dir='ltr'>Aquitanam</span> <span class='ocrx_word' id='word_1_328' title='bbox 758 2296 1043 2344; x_wconf 86' lang='lat' dir='ltr'>Provinciam</span> <span class='ocrx_word' id='word_1_329' title='bbox 1063 2329 1078 2351; x_wconf 94' lang='lat'>,</span> <span class='ocrx_word' id='word_1_330' title='bbox 1110 2295 1370 2360; x_wconf 87' lang='lat' dir='ltr'>Principum</span> <span class='ocrx_word' id='word_1_331' title='bbox 1400 2294 1623 2344; x_wconf 83' lang='lat' dir='ltr'>beneficiis</span> <span class='ocrx_word' id='word_1_332' title='bbox 1653 2295 1856 2345; x_wconf 60' lang='lat' dir='ltr'>distinete</span> <span class='ocrx_word' id='word_1_333' title='bbox 1894 2299 2168 2366; x_wconf 78' lang='lat' dir='ltr'>irrigatam..</span> 
     </span>
     <span class='ocr_line' id='line_1_31' title="bbox 150 2362 2168 2438; baseline -0.005 -16"><span class='ocrx_word' id='word_1_334' title='bbox 150 2371 276 2422; x_wconf 86' lang='lat' dir='ltr'>fuiffe</span> <span class='ocrx_word' id='word_1_335' title='bbox 306 2372 419 2438; x_wconf 87' lang='lat' dir='ltr'>legit</span> <span class='ocrx_word' id='word_1_336' title='bbox 437 2404 449 2416; x_wconf 93' lang='lat'><strong>.</strong></span> <span class='ocrx_word' id='word_1_337' title='bbox 475 2370 572 2430; x_wconf 78' lang='lat' dir='ltr'>Qui</span> <span class='ocrx_word' id='word_1_338' title='bbox 602 2368 716 2435; x_wconf 88' lang='lat' dir='ltr'>legit</span> <span class='ocrx_word' id='word_1_339' title='bbox 748 2365 774 2412; x_wconf 72' lang='grc' dir='ltr'>ὲ</span> <span class='ocrx_word' id='word_1_340' title='bbox 795 2365 943 2413; x_wconf 88' lang='lat' dir='ltr'>Maria</span> <span class='ocrx_word' id='word_1_341' title='bbox 969 2368 1102 2413; x_wconf 90' lang='lat' dir='ltr'>Anna</span> <span class='ocrx_word' id='word_1_342' title='bbox 1127 2364 1153 2410; x_wconf 77' lang='grc' dir='ltr'>ὲ</span> <span class='ocrx_word' id='word_1_343' title='bbox 1179 2362 1431 2431; x_wconf 89' lang='lat' dir='ltr'>Neoburgo</span> <span class='ocrx_word' id='word_1_344' title='bbox 1449 2399 1463 2420; x_wconf 95' lang='lat'>,</span> <span class='ocrx_word' id='word_1_345' title='bbox 1485 2363 1808 2428; x_wconf 85' lang='lat' dir='ltr'>Hispaniarum</span> <span class='ocrx_word' id='word_1_346' title='bbox 1830 2368 2034 2431; x_wconf 86' lang='lat' dir='ltr'>Regina,</span> <span class='ocrx_word' id='word_1_347' title='bbox 2057 2381 2168 2414; x_wconf 87' lang='lat' dir='ltr'>tem·</span> 
     </span>
     <span class='ocr_line' id='line_1_32' title="bbox 153 2429 2169 2511; baseline -0.005 -21"><span class='ocrx_word' id='word_1_348' title='bbox 153 2460 294 2511; x_wconf 88' lang='lat' dir='ltr'>pore,</span> <span class='ocrx_word' id='word_1_349' title='bbox 323 2456 414 2507; x_wconf 91' lang='lat' dir='ltr'>quo</span> <span class='ocrx_word' id='word_1_350' title='bbox 448 2442 626 2502; x_wconf 85' lang='lat' dir='ltr'>Baj0nae</span> <span class='ocrx_word' id='word_1_351' title='bbox 659 2434 954 2483; x_wconf 57' lang='lat' dir='ltr'>nuntiabatur</span> <span class='ocrx_word' id='word_1_352' title='bbox 974 2469 989 2490; x_wconf 93' lang='lat'>,</span> <span class='ocrx_word' id='word_1_353' title='bbox 1015 2436 1058 2480; x_wconf 89' lang='lat' dir='ltr'>in</span> <span class='ocrx_word' id='word_1_354' title='bbox 1091 2429 1284 2481; x_wconf 86' lang='lat' dir='ltr'>Ecclefia</span> <span class='ocrx_word' id='word_1_355' title='bbox 1316 2436 1524 2480; x_wconf 84' lang='lat' dir='ltr'>Fratrum</span> <span class='ocrx_word' id='word_1_356' title='bbox 1553 2433 1646 2481; x_wconf 92' lang='lat' dir='ltr'>Pali</span> <span class='ocrx_word' id='word_1_357' title='bbox 1682 2433 1922 2498; x_wconf 88' lang='lat' dir='ltr'>Capellam</span> <span class='ocrx_word' id='word_1_358' title='bbox 1943 2434 2052 2481; x_wconf 89' lang='lat' dir='ltr'>Divi</span> <span class='ocrx_word' id='word_1_359' title='bbox 2074 2437 2169 2480; x_wconf 89' lang='lat' dir='ltr'>An-</span> 
     </span>
     <span class='ocr_line' id='line_1_33' title="bbox 153 2501 2167 2567; baseline -0.005 -6"><span class='ocrx_word' id='word_1_360' title='bbox 153 2512 266 2562; x_wconf 92' lang='lat' dir='ltr'>tonii</span> <span class='ocrx_word' id='word_1_361' title='bbox 292 2509 490 2559; x_wconf 89' lang='lat' dir='ltr'>Paduani</span> <span class='ocrx_word' id='word_1_362' title='bbox 524 2543 539 2565; x_wconf 96' lang='lat'>,</span> <span class='ocrx_word' id='word_1_363' title='bbox 585 2520 630 2555; x_wconf 90' lang='lat' dir='ltr'>et</span> <span class='ocrx_word' id='word_1_364' title='bbox 658 2509 834 2567; x_wconf 84' lang='lat' dir='ltr'>Bajonae</span> <span class='ocrx_word' id='word_1_365' title='bbox 868 2505 1001 2553; x_wconf 87' lang='lat' dir='ltr'>aliam</span> <span class='ocrx_word' id='word_1_366' title='bbox 1034 2502 1183 2552; x_wconf 69' lang='lat' dir='ltr'>Sansti</span> <span class='ocrx_word' id='word_1_367' title='bbox 1214 2503 1373 2551; x_wconf 89' lang='lat' dir='ltr'>Caroli</span> <span class='ocrx_word' id='word_1_368' title='bbox 1422 2502 1671 2550; x_wconf 81' lang='lat' dir='ltr'>Borromaei</span> <span class='ocrx_word' id='word_1_369' title='bbox 1709 2501 1753 2547; x_wconf 89' lang='lat' dir='ltr'>in</span> <span class='ocrx_word' id='word_1_370' title='bbox 1787 2502 2058 2550; x_wconf 88' lang='lat' dir='ltr'>memoriam</span> <span class='ocrx_word' id='word_1_371' title='bbox 2090 2517 2167 2549; x_wconf 89' lang='lat' dir='ltr'>no-</span> 
     </span>
     <span class='ocr_line' id='line_1_34' title="bbox 159 2569 2169 2646; baseline -0.006 -16"><span class='ocrx_word' id='word_1_372' title='bbox 159 2582 324 2636; x_wconf 88' lang='lat' dir='ltr'>minis,</span> <span class='ocrx_word' id='word_1_373' title='bbox 351 2578 476 2646; x_wconf 91' lang='lat' dir='ltr'>quod</span> <span class='ocrx_word' id='word_1_374' title='bbox 507 2577 680 2646; x_wconf 86' lang='lat' dir='ltr'>Regius</span> <span class='ocrx_word' id='word_1_375' title='bbox 713 2578 896 2638; x_wconf 80' lang='lat' dir='ltr'>Conjux</span> <span class='ocrx_word' id='word_1_376' title='bbox 926 2571 1112 2642; x_wconf 84' lang='lat' dir='ltr'>gefferat</span> <span class='ocrx_word' id='word_1_377' title='bbox 1146 2607 1161 2629; x_wconf 92' lang='lat'>,</span> <span class='ocrx_word' id='word_1_378' title='bbox 1191 2572 1390 2625; x_wconf 57' lang='lat' dir='ltr'>ereetas,</span> <span class='ocrx_word' id='word_1_379' title='bbox 1420 2584 1465 2619; x_wconf 89' lang='lat' dir='ltr'>et</span> <span class='ocrx_word' id='word_1_380' title='bbox 1501 2572 1544 2617; x_wconf 88' lang='lat' dir='ltr'>in</span> <span class='ocrx_word' id='word_1_381' title='bbox 1577 2571 1736 2619; x_wconf 88' lang='lat' dir='ltr'>harum</span> <span class='ocrx_word' id='word_1_382' title='bbox 1768 2569 1929 2618; x_wconf 87' lang='lat' dir='ltr'>ultima</span> <span class='ocrx_word' id='word_1_383' title='bbox 1963 2569 2169 2635; x_wconf 85' lang='lat' dir='ltr'>quolibet</span> 
     </span>
     <span class='ocr_line' id='line_1_35' title="bbox 158 2637 2167 2716; baseline -0.007 -16"><span class='ocrx_word' id='word_1_384' title='bbox 158 2651 231 2700; x_wconf 90' lang='lat' dir='ltr'>die</span> <span class='ocrx_word' id='word_1_385' title='bbox 264 2649 477 2700; x_wconf 86' lang='lat' dir='ltr'>Sabbathi</span> <span class='ocrx_word' id='word_1_386' title='bbox 506 2647 676 2716; x_wconf 89' lang='lat' dir='ltr'>populo</span> <span class='ocrx_word' id='word_1_387' title='bbox 711 2662 821 2694; x_wconf 90' lang='lat' dir='ltr'>cum</span> <span class='ocrx_word' id='word_1_388' title='bbox 857 2640 1140 2694; x_wconf 83' lang='lat' dir='ltr'>Eucharistiae</span> <span class='ocrx_word' id='word_1_389' title='bbox 1173 2644 1464 2691; x_wconf 88' lang='lat' dir='ltr'>Sacramento</span> <span class='ocrx_word' id='word_1_390' title='bbox 1503 2638 1707 2689; x_wconf 88' lang='lat' dir='ltr'>benedici</span> <span class='ocrx_word' id='word_1_391' title='bbox 1731 2672 1748 2696; x_wconf 90' lang='lat'>,</span> <span class='ocrx_word' id='word_1_392' title='bbox 1775 2637 1988 2707; x_wconf 66' lang='lat' dir='ltr'>perpetua</span> <span class='ocrx_word' id='word_1_393' title='bbox 2012 2637 2167 2690; x_wconf 84' lang='lat' dir='ltr'>funda-</span> 
     </span>
     <span class='ocr_line' id='line_1_36' title="bbox 162 2718 563 2771; baseline -0.012 0"><span class='ocrx_word' id='word_1_394' title='bbox 162 2723 285 2771; x_wconf 88' lang='lat' dir='ltr'>tione</span> <span class='ocrx_word' id='word_1_395' title='bbox 306 2718 529 2768; x_wconf 87' lang='lat' dir='ltr'>sancitum</span> <span class='ocrx_word' id='word_1_396' title='bbox 550 2753 563 2766; x_wconf 87' lang='lat'><strong>.</strong></span> 
     </span>
    </p>

    <p class='ocr_par' dir='ltr' id='par_1_6' title="bbox 163 2776 2175 3412">
     <span class='ocr_line' id='line_1_37' title="bbox 290 2776 2170 2856; baseline -0.006 -20"><span class='ocrx_word' id='word_1_397' title='bbox 290 2791 492 2856; x_wconf 86' lang='lat' dir='ltr'>Joannes</span> <span class='ocrx_word' id='word_1_398' title='bbox 528 2785 790 2835; x_wconf 77' lang='lat' dir='ltr'>Ludovicus</span> <span class='ocrx_word' id='word_1_399' title='bbox 826 2781 881 2830; x_wconf 89' lang='lat' dir='ltr'>de</span> <span class='ocrx_word' id='word_1_400' title='bbox 905 2783 1114 2848; x_wconf 86' lang='lat' dir='ltr'>Nogaret</span> <span class='ocrx_word' id='word_1_401' title='bbox 1134 2814 1150 2836; x_wconf 94' lang='lat'>,</span> <span class='ocrx_word' id='word_1_402' title='bbox 1185 2778 1241 2828; x_wconf 88' lang='lat' dir='ltr'>de</span> <span class='ocrx_word' id='word_1_403' title='bbox 1283 2781 1327 2828; x_wconf 90' lang='lat' dir='ltr'>la</span> <span class='ocrx_word' id='word_1_404' title='bbox 1364 2780 1548 2829; x_wconf 87' lang='lat' dir='ltr'>Valette</span> <span class='ocrx_word' id='word_1_405' title='bbox 1565 2813 1580 2836; x_wconf 96' lang='lat'>,</span> <span class='ocrx_word' id='word_1_406' title='bbox 1604 2780 1714 2826; x_wconf 81' lang='lat' dir='ltr'>Dux</span> <span class='ocrx_word' id='word_1_407' title='bbox 1743 2776 2008 2845; x_wconf 83' lang='lat' dir='ltr'>d&#39;Epernon</span> <span class='ocrx_word' id='word_1_408' title='bbox 2036 2810 2052 2833; x_wconf 92' lang='lat'>,</span> <span class='ocrx_word' id='word_1_409' title='bbox 2079 2779 2170 2825; x_wconf 92' lang='lat' dir='ltr'>Co·</span> 
     </span>
     <span class='ocr_line' id='line_1_38' title="bbox 163 2845 2170 2912; baseline -0.008 -4"><span class='ocrx_word' id='word_1_410' title='bbox 163 2876 259 2909; x_wconf 89' lang='lat' dir='ltr'>mes</span> <span class='ocrx_word' id='word_1_411' title='bbox 293 2854 570 2912; x_wconf 87' lang='lat' dir='ltr'>Montforti,</span> <span class='ocrx_word' id='word_1_412' title='bbox 597 2853 810 2903; x_wconf 86' lang='lat' dir='ltr'>Marchio</span> <span class='ocrx_word' id='word_1_413' title='bbox 839 2849 1040 2899; x_wconf 84' lang='lat' dir='ltr'>Astaraci</span> <span class='ocrx_word' id='word_1_414' title='bbox 1059 2883 1075 2906; x_wconf 85' lang='lat'>,</span> <span class='ocrx_word' id='word_1_415' title='bbox 1105 2853 1216 2911; x_wconf 87' lang='lat' dir='ltr'>Par,</span> <span class='ocrx_word' id='word_1_416' title='bbox 1239 2862 1286 2897; x_wconf 89' lang='lat' dir='ltr'>et</span> <span class='ocrx_word' id='word_1_417' title='bbox 1319 2845 1642 2899; x_wconf 79' lang='lat' dir='ltr'>Architalaffus</span> <span class='ocrx_word' id='word_1_418' title='bbox 1672 2849 1868 2896; x_wconf 85' lang='lat' dir='ltr'>Franciae</span> <span class='ocrx_word' id='word_1_419' title='bbox 1886 2861 1971 2895; x_wconf 88' lang='lat' dir='ltr'>etc.</span> <span class='ocrx_word' id='word_1_420' title='bbox 1996 2859 2170 2893; x_wconf 87' lang='lat' dir='ltr'>torren-</span> 
     </span>
     <span class='ocr_line' id='line_1_39' title="bbox 163 2914 2170 2979; baseline -0.008 -1"><span class='ocrx_word' id='word_1_421' title='bbox 163 2944 228 2979; x_wconf 87' lang='lat' dir='ltr'>tes</span> <span class='ocrx_word' id='word_1_422' title='bbox 261 2927 485 2976; x_wconf 86' lang='lat' dir='ltr'>charitatis</span> <span class='ocrx_word' id='word_1_423' title='bbox 518 2926 562 2972; x_wconf 90' lang='lat' dir='ltr'>in</span> <span class='ocrx_word' id='word_1_424' title='bbox 589 2929 765 2973; x_wconf 89' lang='lat' dir='ltr'>Fratres</span> <span class='ocrx_word' id='word_1_425' title='bbox 788 2917 979 2977; x_wconf 86' lang='lat' dir='ltr'>effudit,</span> <span class='ocrx_word' id='word_1_426' title='bbox 1010 2916 1367 2969; x_wconf 87' lang='lat' dir='ltr'>Cadillacensem</span> <span class='ocrx_word' id='word_1_427' title='bbox 1407 2921 1703 2967; x_wconf 89' lang='lat' dir='ltr'>Conventum</span> <span class='ocrx_word' id='word_1_428' title='bbox 1746 2914 1827 2964; x_wconf 87' lang='lat' dir='ltr'>asse</span> <span class='ocrx_word' id='word_1_429' title='bbox 1861 2914 1939 2963; x_wconf 92' lang='lat' dir='ltr'>suo</span> <span class='ocrx_word' id='word_1_430' title='bbox 1974 2914 2170 2963; x_wconf 88' lang='lat' dir='ltr'>constru-</span> 
     </span>
     <span class='ocr_line' id='line_1_40' title="bbox 165 2984 2172 3063; baseline -0.008 -16"><span class='ocrx_word' id='word_1_431' title='bbox 165 3000 261 3055; x_wconf 82' lang='lat' dir='ltr'>xit,</span> <span class='ocrx_word' id='word_1_432' title='bbox 281 2999 408 3063; x_wconf 88' lang='lat' dir='ltr'>eique</span> <span class='ocrx_word' id='word_1_433' title='bbox 434 3013 517 3063; x_wconf 91' lang='lat' dir='ltr'>pro</span> <span class='ocrx_word' id='word_1_434' title='bbox 544 2992 624 3043; x_wconf 79' lang='lat' dir='ltr'>suo</span> <span class='ocrx_word' id='word_1_435' title='bbox 650 2988 816 3042; x_wconf 82' lang='lat' dir='ltr'>receffu</span> <span class='ocrx_word' id='word_1_436' title='bbox 838 2991 990 3039; x_wconf 88' lang='lat' dir='ltr'>Cellas</span> <span class='ocrx_word' id='word_1_437' title='bbox 1019 3024 1034 3046; x_wconf 90' lang='lat'>‚</span> <span class='ocrx_word' id='word_1_438' title='bbox 1067 3007 1165 3056; x_wconf 84' lang='lat' dir='ltr'>quae</span> <span class='ocrx_word' id='word_1_439' title='bbox 1199 2987 1346 3037; x_wconf 89' lang='lat' dir='ltr'>adhuc</span> <span class='ocrx_word' id='word_1_440' title='bbox 1379 2989 1712 3037; x_wconf 88' lang='lat' dir='ltr'>Dormitorium</span> <span class='ocrx_word' id='word_1_441' title='bbox 1745 2985 1986 3048; x_wconf 84' lang='lat' dir='ltr'>d&#39;Epernon</span> <span class='ocrx_word' id='word_1_442' title='bbox 2018 2984 2172 3032; x_wconf 89' lang='lat' dir='ltr'>dicun·</span> 
     </span>
     <span class='ocr_line' id='line_1_41' title="bbox 166 3051 2173 3130; baseline -0.009 -12"><span class='ocrx_word' id='word_1_443' title='bbox 166 3083 258 3125; x_wconf 87' lang='lat' dir='ltr'>tur,</span> <span class='ocrx_word' id='word_1_444' title='bbox 272 3068 422 3130; x_wconf 86' lang='lat' dir='ltr'>junxit</span> <span class='ocrx_word' id='word_1_445' title='bbox 442 3101 453 3113; x_wconf 93' lang='lat'><strong><em>.</em></strong></span> <span class='ocrx_word' id='word_1_446' title='bbox 479 3068 567 3115; x_wconf 91' lang='lat' dir='ltr'>Pro</span> <span class='ocrx_word' id='word_1_447' title='bbox 597 3061 764 3112; x_wconf 86' lang='lat' dir='ltr'>fabrica</span> <span class='ocrx_word' id='word_1_448' title='bbox 790 3058 1061 3109; x_wconf 75' lang='lat' dir='ltr'>Conventfis</span> <span class='ocrx_word' id='word_1_449' title='bbox 1089 3056 1398 3108; x_wconf 85' lang='lat' dir='ltr'>Gimontenfis</span> <span class='ocrx_word' id='word_1_450' title='bbox 1424 3056 1647 3106; x_wconf 82' lang='lat' dir='ltr'>obstacula</span> <span class='ocrx_word' id='word_1_451' title='bbox 1677 3071 1732 3103; x_wconf 87' lang='lat' dir='ltr'>ex</span> <span class='ocrx_word' id='word_1_452' title='bbox 1778 3067 1903 3118; x_wconf 88' lang='lat' dir='ltr'>parte</span> <span class='ocrx_word' id='word_1_453' title='bbox 1935 3051 2173 3121; x_wconf 87' lang='lat' dir='ltr'>Episcopi,</span> 
     </span>
     <span class='ocr_line' id='line_1_42' title="bbox 170 3121 2173 3196; baseline -0.008 -9"><span class='ocrx_word' id='word_1_454' title='bbox 170 3153 217 3187; x_wconf 89' lang='lat' dir='ltr'>et</span> <span class='ocrx_word' id='word_1_455' title='bbox 241 3141 346 3186; x_wconf 85' lang='lat' dir='ltr'>RR.</span> <span class='ocrx_word' id='word_1_456' title='bbox 374 3139 461 3185; x_wconf 89' lang='lat' dir='ltr'>PP.</span> <span class='ocrx_word' id='word_1_457' title='bbox 498 3129 855 3184; x_wconf 82' lang='lat' dir='ltr'>Cistercienlium</span> <span class='ocrx_word' id='word_1_458' title='bbox 890 3127 1149 3196; x_wconf 88' lang='lat' dir='ltr'>interpofita</span> <span class='ocrx_word' id='word_1_459' title='bbox 1178 3163 1193 3186; x_wconf 93' lang='lat'>,</span> <span class='ocrx_word' id='word_1_460' title='bbox 1238 3126 1418 3177; x_wconf 87' lang='lat' dir='ltr'>fortiter</span> <span class='ocrx_word' id='word_1_461' title='bbox 1456 3140 1500 3175; x_wconf 87' lang='lat' dir='ltr'>et</span> <span class='ocrx_word' id='word_1_462' title='bbox 1535 3125 1727 3174; x_wconf 87' lang='lat' dir='ltr'>suaviter</span> <span class='ocrx_word' id='word_1_463' title='bbox 1766 3121 1976 3172; x_wconf 80' lang='lat' dir='ltr'>sustulit:</span> <span class='ocrx_word' id='word_1_464' title='bbox 2010 3124 2173 3190; x_wconf 87' lang='lat' dir='ltr'>Lingo-</span> 
     </span>
     <span class='ocr_line' id='line_1_43' title="bbox 171 3190 2175 3264; baseline -0.007 -8"><span class='ocrx_word' id='word_1_465' title='bbox 171 3205 364 3257; x_wconf 83' lang='lat' dir='ltr'>niensem</span> <span class='ocrx_word' id='word_1_466' title='bbox 391 3205 609 3254; x_wconf 87' lang='lat' dir='ltr'>fabricam</span> <span class='ocrx_word' id='word_1_467' title='bbox 645 3219 760 3264; x_wconf 87' lang='lat'>300.</span> <span class='ocrx_word' id='word_1_468' title='bbox 787 3201 1064 3250; x_wconf 88' lang='lat' dir='ltr'>thalerorum</span> <span class='ocrx_word' id='word_1_469' title='bbox 1086 3195 1280 3246; x_wconf 83' lang='lat' dir='ltr'>subfidio</span> <span class='ocrx_word' id='word_1_470' title='bbox 1302 3196 1472 3260; x_wconf 83' lang='lat' dir='ltr'>adjuvit</span> <span class='ocrx_word' id='word_1_471' title='bbox 1503 3214 1516 3241; x_wconf 73' lang='grc' dir='ltr'><strong>ε</strong></span> <span class='ocrx_word' id='word_1_472' title='bbox 1553 3196 1597 3242; x_wconf 82' lang='grc' dir='ltr'>ἱη</span> <span class='ocrx_word' id='word_1_473' title='bbox 1630 3193 1754 3240; x_wconf 89' lang='lat' dir='ltr'>illam</span> <span class='ocrx_word' id='word_1_474' title='bbox 1783 3190 2051 3242; x_wconf 67' lang='lat' dir='ltr'>Conventus</span> <span class='ocrx_word' id='word_1_475' title='bbox 2072 3195 2175 3242; x_wconf 90' lang='lat' dir='ltr'>Por-</span> 
     </span>
     <span class='ocr_line' id='line_1_44' title="bbox 173 3259 2175 3333; baseline -0.007 -8"><span class='ocrx_word' id='word_1_476' title='bbox 173 3275 243 3325; x_wconf 72' lang='lat' dir='ltr'>tfis</span> <span class='ocrx_word' id='word_1_477' title='bbox 270 3275 440 3327; x_wconf 62' lang='lat' dir='ltr'>Sant‘iae</span> <span class='ocrx_word' id='word_1_478' title='bbox 460 3268 839 3333; x_wconf 84' lang='lat' dir='ltr'>Mariae,diverfis</span> <span class='ocrx_word' id='word_1_479' title='bbox 857 3268 1029 3319; x_wconf 89' lang='lat' dir='ltr'>vicibus</span> <span class='ocrx_word' id='word_1_480' title='bbox 1049 3267 1124 3318; x_wconf 84' lang='lat' dir='ltr'>sex</span> <span class='ocrx_word' id='word_1_481' title='bbox 1145 3269 1289 3316; x_wconf 88' lang='lat' dir='ltr'>millia</span> <span class='ocrx_word' id='word_1_482' title='bbox 1314 3267 1527 3317; x_wconf 88' lang='lat' dir='ltr'>librarum</span> <span class='ocrx_word' id='word_1_483' title='bbox 1543 3299 1559 3322; x_wconf 92' lang='lat'>,</span> <span class='ocrx_word' id='word_1_484' title='bbox 1587 3277 1632 3312; x_wconf 90' lang='lat' dir='ltr'>et</span> <span class='ocrx_word' id='word_1_485' title='bbox 1661 3260 1854 3311; x_wconf 84' lang='lat' dir='ltr'>totidem</span> <span class='ocrx_word' id='word_1_486' title='bbox 1884 3263 1930 3311; x_wconf 89' lang='lat' dir='ltr'>in</span> <span class='ocrx_word' id='word_1_487' title='bbox 1959 3259 2175 3312; x_wconf 85' lang='lat' dir='ltr'>fabricam</span> 
     </span>
     <span class='ocr_line' id='line_1_45' title="bbox 176 3343 809 3412; baseline -0.006 -18"><span class='ocrx_word' id='word_1_488' title='bbox 176 3347 352 3394; x_wconf 87' lang='lat' dir='ltr'>Montis</span> <span class='ocrx_word' id='word_1_489' title='bbox 380 3344 547 3396; x_wconf 88' lang='lat' dir='ltr'>Albani</span> <span class='ocrx_word' id='word_1_490' title='bbox 573 3343 809 3412; x_wconf 86' lang='lat' dir='ltr'>erogavit.</span> 
     </span>
    </p>

    <p class='ocr_par' dir='ltr' id='par_1_7' title="bbox 180 3401 2179 3761">
     <span class='ocr_line' id='line_1_46' title="bbox 317 3401 2175 3473; baseline -0.008 -11"><span class='ocrx_word' id='word_1_491' title='bbox 317 3415 571 3463; x_wconf 88' lang='lat' dir='ltr'>Fridericus</span> <span class='ocrx_word' id='word_1_492' title='bbox 598 3413 843 3463; x_wconf 89' lang='lat' dir='ltr'>Mauritius</span> <span class='ocrx_word' id='word_1_493' title='bbox 875 3409 930 3460; x_wconf 90' lang='lat' dir='ltr'>de</span> <span class='ocrx_word' id='word_1_494' title='bbox 960 3410 1002 3457; x_wconf 88' lang='lat' dir='ltr'>la</span> <span class='ocrx_word' id='word_1_495' title='bbox 1026 3409 1158 3458; x_wconf 88' lang='lat' dir='ltr'>Tour</span> <span class='ocrx_word' id='word_1_496' title='bbox 1184 3440 1200 3462; x_wconf 90' lang='lat'>,</span> <span class='ocrx_word' id='word_1_497' title='bbox 1231 3406 1404 3473; x_wconf 84' lang='lat' dir='ltr'>primus</span> <span class='ocrx_word' id='word_1_498' title='bbox 1436 3401 1652 3454; x_wconf 87' lang='lat' dir='ltr'>Bullionii</span> <span class='ocrx_word' id='word_1_499' title='bbox 1686 3405 1830 3457; x_wconf 83' lang='lat' dir='ltr'>Dux,</span> <span class='ocrx_word' id='word_1_500' title='bbox 1859 3401 2070 3467; x_wconf 87' lang='lat' dir='ltr'>Princeps</span> <span class='ocrx_word' id='word_1_501' title='bbox 2098 3403 2175 3449; x_wconf 88' lang='lat' dir='ltr'>Se-</span> 
     </span>
     <span class='ocr_line' id='line_1_47' title="bbox 180 3467 2174 3550; baseline -0.009 -18"><span class='ocrx_word' id='word_1_502' title='bbox 180 3483 318 3540; x_wconf 88' lang='lat' dir='ltr'>dani,</span> <span class='ocrx_word' id='word_1_503' title='bbox 337 3485 550 3550; x_wconf 87' lang='lat' dir='ltr'>Jametz,</span> <span class='ocrx_word' id='word_1_504' title='bbox 579 3496 624 3530; x_wconf 89' lang='lat' dir='ltr'>et</span> <span class='ocrx_word' id='word_1_505' title='bbox 647 3487 913 3537; x_wconf 88' lang='lat' dir='ltr'>Raucourt,</span> <span class='ocrx_word' id='word_1_506' title='bbox 945 3481 1250 3529; x_wconf 72' lang='lat' dir='ltr'>Vite-Comes</span> <span class='ocrx_word' id='word_1_507' title='bbox 1277 3479 1469 3525; x_wconf 87' lang='lat' dir='ltr'>Turenae</span> <span class='ocrx_word' id='word_1_508' title='bbox 1497 3486 1583 3521; x_wconf 87' lang='lat' dir='ltr'>ete.</span> <span class='ocrx_word' id='word_1_509' title='bbox 1609 3469 1721 3520; x_wconf 85' lang='lat' dir='ltr'>ficut</span> <span class='ocrx_word' id='word_1_510' title='bbox 1762 3469 1806 3519; x_wconf 89' lang='lat' dir='ltr'>se</span> <span class='ocrx_word' id='word_1_511' title='bbox 1836 3469 1881 3517; x_wconf 89' lang='lat' dir='ltr'>in</span> <span class='ocrx_word' id='word_1_512' title='bbox 1912 3467 2174 3518; x_wconf 85' lang='lat' dir='ltr'>admirabile</span> 
     </span>
     <span class='ocr_line' id='line_1_48' title="bbox 181 3538 2179 3608; baseline -0.011 -5"><span class='ocrx_word' id='word_1_513' title='bbox 181 3553 286 3603; x_wconf 85' lang='lat' dir='ltr'>fidei</span> <span class='ocrx_word' id='word_1_514' title='bbox 316 3553 565 3601; x_wconf 89' lang='lat' dir='ltr'>Catholicae</span> <span class='ocrx_word' id='word_1_515' title='bbox 591 3552 744 3600; x_wconf 89' lang='lat' dir='ltr'>lumen</span> <span class='ocrx_word' id='word_1_516' title='bbox 763 3584 776 3602; x_wconf 89' lang='lat'><em>‚</em></span> <span class='ocrx_word' id='word_1_517' title='bbox 805 3548 992 3598; x_wconf 86' lang='lat' dir='ltr'>confilio</span> <span class='ocrx_word' id='word_1_518' title='bbox 1018 3545 1152 3595; x_wconf 88' lang='lat' dir='ltr'>nostri</span> <span class='ocrx_word' id='word_1_519' title='bbox 1181 3548 1229 3594; x_wconf 89' lang='lat' dir='ltr'>P.</span> <span class='ocrx_word' id='word_1_520' title='bbox 1249 3545 1406 3595; x_wconf 90' lang='lat' dir='ltr'>Caroli</span> <span class='ocrx_word' id='word_1_521' title='bbox 1430 3543 1486 3592; x_wconf 84' lang='lat' dir='ltr'>ab</span> <span class='ocrx_word' id='word_1_522' title='bbox 1517 3540 1798 3608; x_wconf 86' lang='lat' dir='ltr'>Aremberga</span> <span class='ocrx_word' id='word_1_523' title='bbox 1826 3538 2015 3588; x_wconf 57' lang='lat' dir='ltr'>ductum</span> <span class='ocrx_word' id='word_1_524' title='bbox 2040 3551 2179 3603; x_wconf 88' lang='lat' dir='ltr'>agno·</span> 
     </span>
     <span class='ocr_line' id='line_1_49' title="bbox 183 3603 2175 3690; baseline -0.011 -18"><span class='ocrx_word' id='word_1_525' title='bbox 183 3626 283 3680; x_wconf 89' lang='lat' dir='ltr'>vit,</span> <span class='ocrx_word' id='word_1_526' title='bbox 305 3623 366 3671; x_wconf 88' lang='lat' dir='ltr'>ita</span> <span class='ocrx_word' id='word_1_527' title='bbox 387 3635 569 3690; x_wconf 85' lang='lat' dir='ltr'>gratum</span> <span class='ocrx_word' id='word_1_528' title='bbox 606 3635 713 3688; x_wconf 87' lang='lat' dir='ltr'>erga</span> <span class='ocrx_word' id='word_1_529' title='bbox 743 3619 972 3668; x_wconf 86' lang='lat' dir='ltr'>Ordinem</span> <span class='ocrx_word' id='word_1_530' title='bbox 992 3628 1267 3681; x_wconf 90' lang='lat' dir='ltr'>conceptum</span> <span class='ocrx_word' id='word_1_531' title='bbox 1297 3609 1613 3661; x_wconf 79' lang='lat' dir='ltr'>benevolentiae</span> <span class='ocrx_word' id='word_1_532' title='bbox 1640 3607 1852 3659; x_wconf 73' lang='lat' dir='ltr'>affetstum</span> <span class='ocrx_word' id='word_1_533' title='bbox 1871 3642 1886 3665; x_wconf 93' lang='lat'>,</span> <span class='ocrx_word' id='word_1_534' title='bbox 1913 3623 2002 3654; x_wconf 93' lang='lat' dir='ltr'>non</span> <span class='ocrx_word' id='word_1_535' title='bbox 2028 3603 2175 3652; x_wconf 74' lang='lat' dir='ltr'>soltim</span> 
     </span>
     <span class='ocr_line' id='line_1_50' title="bbox 183 3672 2179 3761; baseline -0.011 -18"><span class='ocrx_word' id='word_1_536' title='bbox 183 3693 354 3761; x_wconf 87' lang='lat' dir='ltr'>duplici</span> <span class='ocrx_word' id='word_1_537' title='bbox 388 3696 665 3747; x_wconf 89' lang='lat' dir='ltr'>Conventu,</span> <span class='ocrx_word' id='word_1_538' title='bbox 695 3689 855 3740; x_wconf 87' lang='lat' dir='ltr'>Sedani</span> <span class='ocrx_word' id='word_1_539' title='bbox 872 3723 890 3748; x_wconf 87' lang='lat'>,</span> <span class='ocrx_word' id='word_1_540' title='bbox 920 3703 967 3740; x_wconf 91' lang='lat' dir='ltr'>et</span> <span class='ocrx_word' id='word_1_541' title='bbox 998 3688 1189 3738; x_wconf 86' lang='lat' dir='ltr'>Turenae</span> <span class='ocrx_word' id='word_1_542' title='bbox 1214 3681 1498 3739; x_wconf 68' lang='lat' dir='ltr'>construsto,</span> <span class='ocrx_word' id='word_1_543' title='bbox 1526 3676 1599 3727; x_wconf 88' lang='lat' dir='ltr'>sed</span> <span class='ocrx_word' id='word_1_544' title='bbox 1625 3692 1670 3728; x_wconf 90' lang='lat' dir='ltr'>et</span> <span class='ocrx_word' id='word_1_545' title='bbox 1697 3680 1915 3728; x_wconf 88' lang='lat' dir='ltr'>continuo</span> <span class='ocrx_word' id='word_1_546' title='bbox 1943 3672 2179 3724; x_wconf 88' lang='lat' dir='ltr'>beneficio·</span> 
     </span>
    </p>
   </div>
   <div class='ocr_carea' id='block_1_3' title="bbox 181 3759 2107 3854">
    <p class='ocr_par' dir='ltr' id='par_1_8' title="bbox 181 3759 2107 3854">
     <span class='ocr_line' id='line_1_51' title="bbox 181 3759 2107 3854; baseline -0.007 -40"><span class='ocrx_word' id='word_1_547' title='bbox 181 3781 286 3814; x_wconf 85' lang='lat' dir='ltr'>rum</span> <span class='ocrx_word' id='word_1_548' title='bbox 310 3761 441 3813; x_wconf 82' lang='lat' dir='ltr'>fluxu</span> <span class='ocrx_word' id='word_1_549' title='bbox 462 3759 676 3830; x_wconf 88' lang='lat' dir='ltr'>probavit</span> <span class='ocrx_word' id='word_1_550' title='bbox 693 3793 707 3809; x_wconf 88' lang='lat'><strong><em>.</em></strong></span> <span class='ocrx_word' id='word_1_551' title='bbox 1978 3810 2107 3854; x_wconf 81' lang='lat' dir='ltr'>Ausci</span> 
     </span>
    </p>
   </div>
  </div>
 </body>
</html>
