2612 4100
1017 200 1612 300 Provincia

280 365 366 403 vitio
378 365 557 403 servantur
569 391 580 407 ‚
590 366 657 406 iam
670 363 701 400 in
717 364 779 400 suo
791 361 970 408 principio,
979 371 1044 397 eeu
1058 371 1145 404 opus
1160 363 1397 400 consummatae
1417 363 1611 409 prudentia:
1625 365 1643 400 ὲ
1659 362 1744 399 Viris
1757 362 1789 399 in
1807 361 1902 398 ascen
1913 357 2091 398 illustribus
2102 359 2321 399 encomiataez

280 425 432 461 exceptae
447 427 491 451 ex
511 414 743 452 D.Bened16ti
757 411 891 456 Regula
907 434 916 450 2
937 412 973 446 ὅ(
986 410 1029 445 ita
1043 409 1153 456 fragili
1166 410 1258 447 sexui
1275 413 1500 452 accomodatae
1517 437 1528 454 ,
1554 422 1590 448 ut
1618 413 1769 459 spiritum
1794 411 1921 458 rigoris
1939 408 2043 445 leniae
2059 411 2092 447 in
2106 411 2144 446 iis
2157 410 2323 454 iudicium

281 464 468 501 charitati&
1190 465 1192 471 ·
2126 472 2129 475 .

379 512 471 548 Ultra
482 524 521 548 ea
534 536 547 552 .
561 523 638 558 quae
651 510 705 545 hic
717 507 844 544 calamo
859 505 1030 544 velociter
1042 507 1209 544 scribentis
1224 509 1365 547 adducta
1381 511 1456 546 sunt
1469 535 1479 551 ,
1493 509 1592 557 plura
1605 509 1665 547 alia
1681 511 1854 556 aJosepho
1870 520 1932 553 pro
1947 507 2005 542 hac
2022 506 2078 542 sua
2093 505 2199 543 Prole
2211 508 2321 544 asta-s

282 561 377 598 fuisse
390 561 486 596 facile
500 559 680 597 concludet
694 557 817 592 Lector
835 557 888 596 ;&
903 567 969 590 non
985 569 1100 602 parum
1115 557 1146 591 id
1160 558 1301 602 probant
1313 568 1386 595 tum
1402 559 1522 596 litterae
1535 558 1718 607 encyclicae
1734 561 1773 595 ad
1788 555 2114 604 Congregationem
2129 555 2213 591 datae
2230 578 2241 595 ‚
2254 563 2328 592 tuni

282 610 355 646 aliae
376 610 464 656 quasi
479 608 616 644 infinitae
638 604 842 641 Monialibus
859 603 1109 648 particularibus
1137 606 1320 652 inscriptae,
1345 615 1419 645 tum
1433 606 1586 644 cumulus
1608 608 1939 653 manuscriptorum,
1963 615 2038 650 quae
2062 603 2094 638 in
2117 601 2328 640 Monasterio

282 657 434 694 Calvarii
452 658 663 692 asservantur
677 678 687 694 ‚
712 654 746 688 &
763 655 852 687 inter
864 665 940 700 quae
954 664 1037 699 400.
1051 656 1305 692 exhortationes
1326 658 1574 698 continentum
1595 666 1663 692 turn
1692 657 1850 693 tractatus
1874 652 2070 690 devotionis
2098 653 2216 699 partim
2231 653 2328 692 iuxta

285 717 400 744 notam
414 707 530 742 nollrae
543 704 754 747 Scriptorum
767 700 985 739 Bibliothecae
997 704 1087 751 typis
1102 703 1170 739 cufi
1184 729 1193 744 ,
1221 705 1342 749 partim
1356 706 1462 740 adhuc
1481 705 1512 741 in
1527 705 1638 741 charta
1656 706 1775 742 servati
1793 730 1803 740 .
2066 709 2070 717 '
2314 715 2316 718 ·

382 756 460 789 Tam
475 754 616 786 feliciter
631 751 709 784 dum
721 749 884 793 Josephus
896 761 965 795 pro
983 751 1130 788 Eccleliae
1146 752 1273 788 decore
1290 752 1477 794 laboravit,
1504 766 1572 790 non
1596 755 1709 795 ,minus
1737 752 1891 800 gloriose
1905 753 1935 788 in
1949 749 2035 786 Aula
2047 775 2058 792 ‚
2083 750 2123 786 ad
2149 759 2248 796 quam
2271 751 2328 792 iu-

285 802 433 838 ssiffimus
447 802 519 835 Rex
534 798 726 834 Ludovicus
742 797 833 834 XIII.
847 810 924 834 eum
939 800 1098 840 vocavit,
1125 802 1219 844 egit.
1248 800 1328 836 Eum
1346 802 1378 836 se
1397 802 1578 840 immiscere
1594 804 1740 846 negotiis
1760 799 1972 840 Saecularium
1984 802 2017 836 ὃ(
2035 801 2188 845 Regum,
2216 796 2332 833 mulus

284 852 447 886 dissonum
461 847 636 882 videbatur
653 872 662 886 ‚
689 856 781 886 tum,
809 848 902 894 quod
919 848 1074 894 exempla
1091 849 1389 885 Eccleliasticorum
1402 851 1437 887 &
1450 851 1678 897 Regularium
1693 876 1703 892 ‚
1716 851 1770 898 qui
1786 851 1929 887 habenas
1944 860 2130 896 regnorum
2145 847 2327 885 flexerunt,

287 898 380 945 pacia
393 898 482 932 inter
492 896 667 941 Principes
679 895 936 937 concluserunt,
962 906 1019 933 aut
1041 897 1118 934 belli
1146 897 1268 934 sortem
1283 897 1537 942 instruxerunt,
1561 913 1605 936 ex
1623 901 1754 936 historia
1776 899 1929 936 Ecclefiae
1952 897 1982 933 in
2008 897 2204 934 memoriam
2218 905 2332 930 non-s

285 944 526 983 revocaverint
540 969 552 986 ,
577 953 650 980 tum
664 969 675 985 ,
697 945 791 991 quod
813 945 855 982 ab
871 946 1058 988 hujusmodi
1083 946 1166 981 viris
1183 947 1256 992 plus
1281 945 1428 983 utilitatis
1456 949 1609 986 Ecclefiae
1623 973 1634 990 ‚
1655 950 1734 984 dum
1750 949 1782 984 in
1800 948 1887 984 Aula
1906 948 2049 993 degunt,
2074 946 2174 992 quam
2200 943 2226 978 ss
2243 942 2331 978 inter

285 994 435 1041 privatos
449 993 533 1029 lares
545 993 712 1034 habitant,
737 992 917 1040 aliquoties
932 994 1081 1030 conferri
1097 997 1185 1039 poffe
1201 995 1273 1031 fors
1287 995 1523 1040 ignoraverint
1535 1021 1545 1032 .
1573 998 1640 1033 Tot
1655 997 1833 1035 commoda
1849 1022 1860 1038 ,
1887 1001 1970 1043 quat*
1981 995 2099 1041 partim
2124 991 2227 1030 relata
2246 990 2330 1031 sunt,

283 1043 403 1088 partim
417 1041 627 1083 referentur,
649 1042 826 1087 iiJosepho
836 1042 975 1078 Ecclelia
989 1043 1082 1079 nacta
1099 1055 1166 1080 non
1184 1043 1338 1083 fnisset,fi
1351 1044 1438 1080 inter
1455 1055 1590 1090 penates
1605 1043 1772 1088 religiosae
1788 1039 1913 1094 quietis
1925 1044 2112 1080 mansisset:
2131 1052 2193 1078 nec
2202 1040 2335 1077 Miffio-

285 1091 382 1128 nibus
397 1091 549 1127 Orientis
564 1115 574 1132 ,
596 1092 631 1127 ἃ
644 1091 833 1127 Provinciae
848 1116 857 1131 ,
878 1103 940 1126 nec
953 1099 1005 1126 tot
1023 1092 1269 1128 Conventuum
1282 1091 1411 1129 fabricis
1425 1093 1612 1131 necessario
1628 1105 1694 1132 aere
1708 1095 1897 1140 providere
1917 1091 2101 1138 potuisset,
2126 1090 2149 1126 fi
2164 1089 2333 1126 accessum

286 1141 326 1176 ad
344 1141 477 1187 Regem
493 1139 636 1175 liberum
647 1151 714 1175 non
730 1138 894 1176 habuisset
908 1163 917 1175 .
941 1140 1167 1182 Juliodunum
1181 1141 1244 1176 fuit
1263 1141 1391 1187 primus
1406 1154 1542 1187 campus
1558 1167 1569 1183 ‚
1597 1144 1629 1179 in
1643 1154 1717 1189 quo
1735 1143 1902 1189 Josephus
1914 1152 2003 1177 anno
2027 1142 2133 1185 1614.
2153 1136 2334 1183 negotium

286 1188 426 1226 Aulaein
444 1189 475 1223 se
488 1188 624 1234 suscepit
636 1213 646 1228 ,
673 1188 717 1223 ita
731 1196 840 1224 tamen
861 1213 870 1229 ‚
901 1197 934 1223 ut
947 1188 1088 1225 Galliam
1103 1191 1120 1225 a
1135 1189 1301 1225 schismate
1322 1192 1511 1233 exemerit,
1533 1193 1567 1229 &
1581 1192 1708 1229 Sancta:
1722 1191 1814 1226 Sedis
1830 1190 2070 1227 authoritatem
2083 1187 2198 1223 sartam
2213 1184 2334 1220 tedam

284 1237 500 1275 servaverit.
516 1237 657 1272 Scissum
669 1236 731 1271 fuit
746 1249 886 1283 regnum
898 1238 928 1272 in
947 1246 1056 1281 partes
1066 1262 1075 1277 ‚
1102 1240 1184 1273 dum
1198 1238 1369 1284 Principes
1379 1238 1433 1275 alii
1451 1239 1653 1286 gubernium
1663 1241 1805 1286 Reginae
1816 1239 1907 1276 varia
1922 1235 2064 1285 querela
2078 1233 2336 1281 impetiverunt,

288 1286 341 1323 alii
360 1296 472 1322 autem
487 1285 734 1321 matrimonium
745 1285 847 1332 Regis
859 1298 934 1322 cum
950 1286 1075 1322 inflante
1097 1286 1260 1332 Hispaniae
1272 1311 1282 1328 ,
1304 1289 1339 1324 &
1353 1289 1491 1324 sororis
1505 1287 1610 1336 Regis
1623 1313 1633 1330 ‚
1662 1300 1738 1324 cum
1754 1288 1851 1333 Rege
1871 1284 2051 1322 Catholico
2067 1282 2232 1330 impedire
2245 1291 2338 1327 quae-

291 1335 462 1375 metunt,
489 1335 626 1370 accenso
641 1336 708 1377 iam
727 1335 797 1381 igni
814 1335 1024 1382 Hugenotica
1039 1336 1139 1373 turba
1155 1360 1166 1377 ,
1187 1346 1263 1384 quae
1277 1348 1319 1373 ex
1339 1336 1463 1383 duplici
1484 1339 1550 1374 hoc
1565 1337 1739 1375 connubio
1758 1331 1878 1373 instans
1902 1334 1958 1373 fibi
1969 1331 2202 1382 praeiudicium
2217 1327 2340 1375 praevi·

289 1383 385 1421 derat
398 1409 408 1425 ,
425 1383 540 1420 oleum
556 1383 750 1420 affundente
764 1409 774 1419 .

390 1432 528 1468 Sed-avit
548 1433 637 1468 hunc
652 1433 805 1470 nonnihil
817 1436 971 1473 trafiatus
983 1436 1069 1480 pacis
1083 1435 1115 1471 in
1131 1434 1475 1473 San-Manechildenfi
1488 1436 1635 1474 Civitate
1649 1433 1825 1483 conclusus
1836 1446 1847 1477 ;
1860 1444 1935 1470 cuni
1959 1441 2072 1468 autem
2095 1429 2127 1466 in
2144 1428 2245 1465 Dieta
2260 1427 2336 1470 sta-

291 1482 345 1517 103
356 1507 367 1522 ,
393 1486 423 1516 in
438 1493 503 1527 qua
518 1481 634 1516 abusus
650 1483 763 1526 Regni
778 1486 944 1522 emendati
970 1485 1134 1521 debebant
1147 1508 1158 1525 ‚
1188 1483 1313 1520 articuli
1339 1484 1464 1520 fuerint
1483 1485 1592 1521 inserti
1607 1511 1618 1528 ,
1646 1488 1681 1522 δι
1697 1481 1847 1520 Ecclefiae
1860 1507 1870 1524 ‚
1897 1483 1932 1518 ἃ
1945 1480 2051 1528 Regis
2065 1482 2140 1522 iura
2154 1477 2334 1533 Ῑᾶῗάθζῐῑθῖν

292 1531 403 1574 erupit
422 1542 511 1565 anno
530 1534 631 1574 1615.
646 1531 830 1576 inipetuola
848 1535 975 1570 flamma
990 1533 1022 1570 in
1040 1533 1207 1578 publicum
1221 1533 1360 1568 exitium
1376 1558 1386 1574 ,
1411 1533 1446 1570 8<
1462 1558 1472 1574 ,
1498 1535 1589 1580 quod
1605 1536 1691 1572 ratio
1703 1533 1892 1568 concedere
1908 1540 1978 1566 non
1988 1529 2100 1575 potuit
2118 1527 2336 1580 ‚Prfflfwum

290 1580 390 1616 armis
414 1579 584 1625 quaefitum
597 1579 659 1614 fuit
674 1604 683 1612 .
710 1581 760 1618 Eo
784 1582 856 1628 ipso
867 1592 1038 1629 tempore,
1050 1581 1299 1626 cumJoscphus
1311 1582 1536 1619 Conventum
1551 1583 1584 1618 S.
1597 1578 1757 1619 Maxentii
1779 1580 1952 1621 vifitaffet,
1975 1577 2103 1615 accessit
2119 1575 2338 1618 Principem..-

291 1627 506 1668 Condacum,
526 1629 625 1673 partis
650 1632 822 1667 contrariae
835 1633 1081 1679 antesignanum
1095 1655 1106 1672 ‚
1133 1631 1306 1676 eidemque
1319 1630 1484 1667 funestum
1506 1631 1670 1668 malorum
1683 1642 1831 1671 nexum,
1859 1639 1961 1677 quem
1987 1626 2067 1663 belli
2092 1627 2129 1662 &
2147 1621 2339 1677 praetqnfio·

292 1676 342 1711 nis
359 1674 553 1722 prosecutio
569 1676 692 1721 Regno
705 1680 937 1717 minitarentur
950 1706 959 1722 ,
978 1680 1019 1716 ita
1035 1680 1192 1725 graphice
1206 1679 1373 1726 descriplit
1389 1705 1399 1722 ‚
1425 1689 1461 1716 ut
1479 1680 1557 1718 &in
1573 1693 1619 1719 eo
1631 1680 1850 1726 stringentem
1862 1673 2192 1713 dicendi·facondiam
2202 1679 2341 1706 mirare-

291 1732 369 1772 tur,
397 1727 432 1762 ἃ
453 1726 638 1767 adiicienda
652 1728 739 1772 pacis
753 1730 844 1773 pasta
863 1731 892 1765 se
906 1737 1101 1776 promptum
1116 1728 1319 1765 declararet.
1347 1729 1546 1766 Nuntiatum
1564 1730 1608 1765 est
1621 1731 1686 1766 hoc
1701 1729 1815 1775 Regi,
1837 1724 2058 1763 Juliodunum
2071 1721 2164 1778 lopus
2175 1715 2342 1764 congres-

291 1773 349 1806 81⁴1³
362 1773 540 1807 destinatus
555 1798 566 1813 ‚
594 1777 630 1811 ὃ(
640 1778 679 1811 ad
697 1778 950 1822 huncJol'ephua
971 1785 1117 1822 urgente
1134 1775 1331 1820 Apostolieo
1343 1777 1474 1813 Nuntio
1486 1775 1643 1814 vbaldim·
1655 1802 1668 1818 ,
1692 1778 1752 1823 qui
1767 1774 1907 1811 subdole
1930 1773 2037 1809 adhuc
2057 1782 2113 1817 agi
2136 1768 2346 1814 explorave-

294 1826 345 1857 rsat
363 1844 374 1861 ,
400 1820 572 1862 ablegatus
585 1844 594 1854 .
621 1822 769 1865 Suspirio
785 1823 877 1857 illum
895 1825 938 1858 ibi
956 1823 1210 1866 excepitAbbas
1222 1823 1428 1861 d’otumam
1440 1833 1556 1858 rerum
1565 1825 1683 1858 Nuntii
1698 1821 1884 1866 Apostolici
1901 1822 2062 1860 Curator,
2083 1820 2120 1854 &
2141 1817 2315 1852 tradatum
2328 1830 2346 1856 ‘a

295 1881 364 1916 quo
378 1868 482 1905 Gallia
503 1868 570 1912 pari
588 1879 664 1902 cum
685 1870 807 1913 Anglia
821 1870 986 1908 schismate
999 1882 1073 1906 cum
1089 1869 1193 1903 sanc-‘ta
1211 1869 1301 1903 Sede
1312 1869 1517 1905 consectario
1530 1869 1745 1907 divideretur
1758 1892 1770 1909 ,
1790 1868 1956 1913 lignatum
1982 1867 2050 1907 iam
2067 1865 2131 1900 effe
2155 1862 2346 1909 ingemuit.

295 1920 470 1965 Signatum
489 1918 648 1953 duntaxat
659 1942 669 1958 ,
698 1920 733 1954 ὅ(
748 1930 815 1954 non
837 1918 1012 1964 vulgatum
1025 1916 1275 1962 dumJosephus
1290 1917 1420 1953 audivit
1435 1943 1446 1960 ,
1470 1918 1640 1959 defectum
1652 1917 1854 1962 reass'umpfit
1865 1916 2008 1953 animum
2023 1939 2034 1957 ,
2058 1913 2132 1961 post
2153 1910 2347 1958 variosque,

299 1968 457 2012 politicos
471 1977 580 2012 gyros
594 1968 723 2000 acceffit
737 1967 927 2000 Condaeum
943 1989 955 2004 ‚
980 1969 998 1999 a
1010 1977 1082 2009 quo
1098 1968 1178 1998 dum
1196 1965 1379 1999 'articulum
1394 1987 1406 2002 ‚
1431 1966 1465 1999 in
1477 1976 1550 2008 quo
1565 1965 1750 2007 praejudicii
1774 1965 1846 1999 axis
1870 1964 2038 2002 haerebat‘,
2063 1961 2184 1997 mutari
2206 1960 2346 2005 amplius

295 2027 364 2050 non
386 2015 475 2058 polse
486 2011 614 2047 audivit
626 2034 636 2050 ,
665 2022 735 2044 rem
751 2023 817 2045 non
831 2010 971 2053 amplius
990 2012 1030 2046 ab
1039 2007 1184 2044 hominis
1201 2009 1345 2052 ingenio
1356 2010 1371 2048 ,'
1394 2009 1449 2043 sed
1465 2009 1484 2044 ἐι
1497 2009 1578 2045 Deo
1590 2013 1743 2054 pendere
1755 2009 1885 2045 intulit.
1912 2008 2002 2045 Fecit
2017 2009 2053 2045 δί
2065 2007 2116 2043 hic
2129 2008 2346 2052 potentiam.-

295 2064 332 2098 in
345 2061 484 2098 brachio
496 2060 557 2095 suo
572 2084 580 2098 ,
614 2059 693 2092 dum
709 2058 898 2103 Principem
913 2060 1051 2098 morb0,
1086 2057 1163 2092 vitae
1179 2055 1362 2100 periculum
1373 2055 1544 2093 minitante
1557 2058 1680 2099 deiecit
1693 2083 1703 2093 .
1732 2057 1989 2105 Imago‘mortis
2004 2055 2177 2094 refricavit
2199 2054 2231 2090 in
2246 2054 2345 2097 Prin,

294 2112 369 2157 cipe
384 2109 579 2145 memoriam
594 2105 753 2147 illorum,
780 2118 852 2152 quae
867 2106 1029 2151 Josephus
1046 2105 1188 2141 vatidica
1200 2105 1236 2140 &
1250 2104 1418 2141 christiana
1431 2104 1583 2142 libertate
1596 2106 1752 2144 secutura
1765 2106 1989 2152 praedixerat3
2013 2105 2089 2141 hinc
2102 2106 2139 2141 &
2156 2102 2348 2145 illumnlu-

297 2160 442 2196 Iioduno
453 2159 519 2199 iam
537 2155 714 2199 egressum,
732 2157 884 2191 revocari
897 2156 999 2198 juffit,
1013 2165 1128 2201 pacem
1142 2154 1159 2188 a
1172 2154 1386 2190 controversa
1400 2154 1594 2190 conditione
1610 2167 1725 2202 puram
1739 2154 1931 2202 adpromifit
1948 2178 1960 2195 ‚
1984 2154 2169 2202 Sociosque
2180 2177 2191 2195 ,
2203 2160 2277 2188 utut
2290 2163 2346 2188 re-

299 2209 459 2244 luctantes
471 2231 481 2247 ,
514 2206 555 2241 ad
569 2217 642 2240 eam
659 2205 846 2247 fignandam
861 2204 1015 2240 induxit.
1041 2200 1263 2248 Comparavit
1275 2202 1332 2237 fibi
1347 2213 1391 2236 ex
1407 2203 1465 2238 hac
1475 2202 1634 2248 Josephus
1654 2205 1772 2250 ingens
1795 2205 1840 2239 de
1855 2203 1994 2239 Ecclesia
2009 2203 2187 2243 meritum,
2213 2209 2346 2237 totum-

295 2270 362 2304 que
379 2258 531 2302 Regnum
546 2256 589 2290 de
609 2254 734 2289 lublato
747 2253 895 2288 durioris
910 2253 986 2288 belli
1002 2252 1124 2288 timore
1140 2250 1312 2288 liberavit.
1338 2249 1429 2288 Illam
1442 2251 1582 2298 quidem
1595 2263 1683 2299 opus
1695 2252 1802 2288 Ducis
1814 2253 1856 2289 de
1871 2251 2033 2300 Villeroy
2054 2252 2119 2288 eise
2132 2249 2226 2287 multi
2244 2258 2346 2287 autu!

296 2306 427 2343 mabant
443 2317 455 2346 ;
480 2305 557 2339 hinc
571 2305 606 2338 ἃ
620 2300 710 2338 illum
735 2302 766 2337 in
776 2302 932 2337 suburbio
946 2300 1119 2336 Parisienfi
1130 2299 1242 2336 festiva
1253 2298 1485 2337 acclamatione
1501 2311 1733 2348 exceperunt,
1752 2313 1858 2349 *quam
1869 2309 1974 2338 tamen
1988 2312 2055 2337 non
2066 2299 2123 2336 fibi
2137 2323 2149 2342 ,
2173 2299 2229 2334 sed
2240 2299 2345 2336 Pso-

295 2354 415 2400 sepho,
430 2365 511 2389 mox
523 2354 725 2392 adventuro,
740 2349 854 2386 deberi
870 2353 951 2386 Dux
965 2350 1067 2393 Justus
1075 2350 1196 2385 censor
1210 2348 1324 2382 edixit.
1342 2349 1494 2386 Abduxit
1505 2351 1540 2387 &
1554 2351 1743 2397 Scriptores
1759 2352 1791 2386 in
1808 2360 1921 2397 parem
1947 2360 2101 2387 errorem
2111 2347 2169 2384 vel
2185 2347 2346 2393 ignoran-

296 2403 340 2438 tia
353 2404 407 2437 vel
421 2402 544 2438 invidia
558 2426 568 2442 ‚
594 2402 673 2435 dum
688 2400 856 2436 historiam
874 2399 1024 2434 referunt
1040 2422 1051 2438 ‚
1075 2398 1198 2433 omisso
1214 2396 1346 2441 Josephi
1370 2398 1505 2435 nomine
1522 2422 1531 2432 .
1560 2399 1742 2435 Potentem
1757 2408 1867 2437 autem
1881 2397 1965 2434 illius
1986 2399 2027 2435 ad
2047 2399 2130 2434 hanc
2141 2396 2345 2433 concursum

296 2451 442 2497 probant
456 2449 639 2486 luculenter
663 2459 733 2484 tum
757 2450 822 2501 ipsa
847 2448 945 2494 ipfius
958 2448 1098 2485 Romam
1115 2458 1189 2483 cum
1203 2444 1350 2482 articulis
1364 2448 1449 2492 pacis
1460 2446 1586 2496 legatio
1600 2473 1611 2491 ‚
1636 2458 1707 2486 tum
1723 2447 1899 2487 Pontificia
1916 2450 1958 2484 ad
1971 2448 2136 2486 condaeas
2150 2446 2278 2483 litteras
2291 2444 2344 2482 su·

295 2511 355 2545 pra
365 2500 425 2535 fol.
440 2501 498 2545 48.
526 2501 599 2534 data
615 2499 786 2546 responsio
799 2523 809 2534 .

394 2549 487 2585 Pacis
503 2547 649 2594 aleyona
665 2557 729 2586 tam
755 2548 899 2586 feliciter
920 2550 1062 2587 restituta
1079 2574 1088 2590 ‚
1102 2547 1264 2594 Josephus
1290 2547 1402 2584 haetefi
1427 2547 1551 2586 bellum
1566 2549 1760 2598 famigerata
1789 2548 1987 2586 Piaavienfi
2011 2545 2171 2582 Miffione
2192 2543 2343 2581 'indixin

292 2597 482 2636 Recensere
498 2598 695 2642 portentosa
708 2599 806 2638 hujus
821 2598 890 2634 aeia
906 2601 958 2634 hic
970 2597 1051 2635 nolo
1064 2623 1075 2639 ,
1103 2609 1178 2634 cum
1191 2606 1256 2633 tam
1274 2598 1404 2644 integer
1423 2597 1506 2635 liber
1525 2598 1648 2645 gallico
1668 2600 1825 2634 idiomate
1852 2597 2083 2642 conscriptus,
2097 2595 2198 2642 quam
2219 2593 2340 2630 tertius

296 2646 484 2684 Annalium
500 2655 613 2682 tomus
627 2646 644 2681 ὲ
660 2646 720 2682 fol.
735 2655 816 2691 242.
832 2649 975 2691 gloriam
995 2649 1070 2687 eius
1091 2655 1251 2684 enarrent
1267 2670 1275 2678 .
1305 2645 1343 2680 Et
1359 2649 1570 2693 quantumvis
1590 2648 1771 2694 Josephum
1793 2647 1857 2681 iter
1873 2646 1905 2683 in
1924 2644 2115 2692 Hispaniam
2128 2667 2138 2684 ,
2163 2644 2232 2691 quo
2245 2653 2336 2679 anno

298 2697 406 2737 16¹9·
422 2706 497 2729 eum
512 2695 560 2730 ire
579 2695 760 2739 oportuit,
786 2696 826 2731 ab
846 2696 1046 2741 Apoiiolico
1065 2695 1178 2731 labore
1190 2696 1383 2733 abstraxerit
1396 2719 1408 2737 ‚
1431 2697 1518 2732 hunc
1534 2706 1642 2735 tamen
1667 2708 1730 2743 per
1753 2694 1860 2732 socios
1875 2696 1952 2732 suos
1964 2705 2030 2731 tam
2043 2691 2191 2729 feliciter
2206 2691 2338 2738 produ-

294 2744 370 2784 xit,
397 2752 433 2778 ut
460 2742 537 2778 inde
557 2743 716 2780 reducem
735 2744 917 2780 acclamans
944 2743 1061 2790 populi
1086 2745 1230 2780 devotio
1244 2768 1254 2784 ‚
1280 2756 1344 2780 ceu
1361 2744 1561 2791 Apostolum
1575 2745 1669 2782 illum
1683 2744 1856 2790 exceperit
1870 2769 1882 2786 ,
1910 2743 2128 2790 fructumque
2150 2741 2251 2787 ipfius
2275 2750 2346 2777 non

298 2791 404 2831 solum
425 2792 578 2827 Summus
602 2792 764 2828 Pontifex
791 2818 803 2835 ,
826 2795 859 2830 &
895 2795 991 2830 Sacra
1017 2793 1257 2839 Congregatio
1283 2795 1325 2828 de
1354 2793 1579 2841 propaganda
1609 2794 1691 2830 Fide
1717 2791 1837 2830 litteris
1862 2792 2096 2838 gratulationis
2125 2789 2344 2827 commcnda-

297 2840 414 2878 verint
428 2865 440 2880 ‚
465 2840 522 2875 sed
554 2841 589 2876 &
615 2840 682 2885 ipse
710 2841 811 2877 Pater
828 2843 991 2887 Josephus
1002 2843 1139 2888 epistola
1152 2844 1190 2878 ad
1205 2842 1346 2878 Matrem
1357 2843 1430 2878 data
1451 2843 1495 2878 ita
1517 2842 1725 2888 descripserit
1740 2856 1749 2877 ε
1769 2844 1946 2889 Numerus
1959 2837 2183 2882 ministrorum
2195 2839 2347 2876 &occa-

299 2890 495 2926 tholicorum
509 2891 551 2924 ad
555 2887 656 2930 fidem
671 2890 704 2925 in
716 2889 857 2933 Miffione
874 2892 1025 2927 vitruvii
1039 2890 1186 2932 instituta
1205 2890 1433 2933 conversorum
1449 2891 1634 2937 specificare*
1646 2903 1707 2927 non
1728 2888 1833 2939 potest
1844 2913 1854 2923 .
1881 2888 2094 2934 Miffi'onart'os
2115 2887 2274 2934 scquitur
2282 2894 2345 2934 po·

294 2938 398 2986 putus
413 2961 425 2977 ,
446 2938 534 2972 haud
546 2936 648 2973 aliter
659 2962 669 2978 ,
692 2950 730 2973 ac
745 2940 824 2975 olim
838 2942 871 2975 in
889 2939 1032 2984 Ecclesiae
1046 2948 1121 2976 ortu
1135 2953 1207 2976 cum
1222 2937 1388 2986 Apostolis
1395 2938 1524 2982 fabium
1542 2939 1667 2986 legitur
1691 2953 1701 2973 ε
1726 2947 1802 2974 ante
1809 2939 1872 2981 sex
1894 2937 2016 2981 menses
2028 2938 2062 2972 in
2075 2937 2215 2984 quodam
2233 2938 2344 2983 Burg'o

301 2997 358 3021 nec
373 2995 453 3018 unus
467 2985 696 3031 reperiebatur
709 2987 890 3024 catholicus
902 3014 911 3028 ‚
942 2987 1001 3024 ubi
1013 2989 1088 3025 heri
1097 2990 1253 3023 tredecim
1268 2988 1375 3024 millia
1388 2989 1696 3024 communicantium
1707 2984 1969 3023 numerabantur
1985 3007 1996 3018 .
2020 2989 2110 3020 vnus
2125 2994 2168 3019 ex
2182 2983 2346 3020 ‘Patribus

301 3030 415 3073 nostris
431 3032 463 3065 ¹⁶²²
476 3031 545 3066 loco
559 3056 570 3073 ‚
591 3035 651 3079 qui
667 3037 838 3081 Capucinos
856 3049 1020 3085 nunquam
1035 3038 1179 3082 recipere
1191 3036 1302 3072 voluit
1318 3060 1328 3076 ,
1354 3034 1469 3071 habita
1485 3037 1517 3071 in
1536 3034 1620 3076 Festo
1640 3035 1815 3081 'Paschatis
1829 3035 2000 3074 concione,
2014 3034 2142 3080 pietate
2157 3031 2347 3068 lnCOIarum

302 3080 482 3127 ‘Ompulsm
497 3079 570 3122 fuit
597 3093 649 3116 eos
674 3084 949 3129 proceffionaliter
968 3087 1009 3121 ad
1033 3089 1068 3118 Β.
1098 3086 1266 3132 Virginem
1303 3085 1364 3120 des
1394 3083 1570 3121 Ardilliers
1592 3085 1741 3120 Samurii
1751 3107 1762 3125 ,
1786 3081 1844 3118 ubi
1858 3093 1975 3129 magna
1997 3081 2090 3118 illius
2119 3081 2263 3115 Ditionis
2288 3080 2348 3116 vi.

299 3138 361 3178 get
375 3129 520 3167 devotio,
532 3130 707 3165 conducere
722 3153 731 3163 .
744 3138 859 3168 Omnes
875 3133 1065 3179 Miffionarii
1077 3144 1201 3169 mecum
1218 3135 1378 3180 populum
1395 3133 1492 3172 hunc,
1505 3135 1668 3168 canticum
1681 3133 1812 3169 Domini
1827 3132 1861 3165 in
1880 3131 1940 3166 via
1955 3137 2139 3164 cantantem
2146 3126 2319 3172 chidrunt
2337 3154 2349 3171 ‚

304 3187 402 3225 quem
416 3177 458 3209 ad
469 3177 653 3222 quindecim
667 3179 772 3214 millia
783 3180 821 3223 se
835 3181 1010 3228 extendtffi
1037 3191 1128 3218 teneo
1143 3206 1152 3216 .
1178 3180 1294 3216 Tribus
1306 3181 1421 3217 diebus
1450 3189 1520 3215 tum
1534 3185 1567 3215 in
1581 3183 1725 3217 civitate
1740 3206 1750 3222 ‚
1775 3189 1846 3215 tum
1876 3179 1909 3213 in
1922 3178 2048 3214 vicinia
2063 3175 2235 3220 mansimus
2250 3194 2260 3212 ε
2279 3190 2347 3232 ga·

304 3224 396 3269 visus
411 3222 452 3263 est
473 3224 610 3270 populns
623 3250 632 3262 .
665 3227 740 3261 dum
756 3239 806 3263 me
820 3231 970 3266 reducem
985 3233 1075 3267 vidit
1090 3246 1098 3264 z
1107 3230 1246 3279 gavisus
1254 3230 1330 3273 sum
1347 3233 1391 3268 &⁴
1405 3240 1463 3275 ego
1475 3252 1485 3268 ,
1512 3230 1588 3264 dum
1609 3229 1760 3271 frustum
1777 3237 1926 3263 mearum
1941 3229 2125 3261 concionum
2150 3224 2199 3260 ibi
2222 3233 2287 3263 tem
2312 3239 2349 3263 o-

307 3285 345 3311 re
359 3298 370 3314 ,
395 3283 460 3320 quo
470 3271 652 3308 conventas
658 3273 810 3316 fundatio
822 3275 1003 3323 urgebatur
1024 3306 1034 3321 ,
1058 3279 1080 3315 d
1097 3291 1147 3316 me
1159 3277 1350 3314 habitarum
1365 3277 1518 3324 conspexi
1537 3301 1548 3311 .
1576 3276 1719 3318 Ministri
1732 3284 1936 3313 contumaces
1959 3274 2052 3309 aliud
2062 3272 2135 3320 jam
2151 3273 2245 3310 nobis
2258 3289 2276 3312 ο
2294 3274 2347 3322 ji-

308 3333 381 3358 ccre
394 3329 557 3368 nequeunt
568 3345 580 3361 ‚
598 3320 699 3369 qudm
713 3322 905 3369 quodsimus
925 3328 1143 3364 incantatores
1155 3351 1165 3368 ,
1191 3330 1234 3364 Θ·
1253 3351 1264 3368 ,
1286 3328 1373 3374 quod
1385 3329 1418 3361 in
1432 3326 1483 3360 his
1497 3351 1507 3368 ‚
1536 3336 1608 3373 qua
1638 3335 1812 3372 operamur
1823 3347 1834 3364 ,
1858 3323 1968 3370 magia
1984 3321 2092 3358 lateat
2109 3345 2119 3356 .
2147 3328 2215 3358 Deo
2232 3332 2346 3360 autem

302 3370 495 3417 fintgratiae
511 3394 521 3411 ‚
559 3373 644 3416 quod
657 3383 766 3407 eorum
782 3374 952 3409 calumniae
970 3376 1062 3413 nobis
1075 3389 1134 3412 non
1144 3383 1276 3413 noceant
1293 3388 1303 3414 τ,
1327 3385 1462 3411 oramus
1483 3375 1616 3422 proiit,
1633 3378 1679 3410 (φ’
1690 3397 1701 3414 ,
1728 3373 1814 3420 quod
1831 3369 1983 3411 obstinati·
1998 3370 2185 3419 exemplum
2202 3372 2346 3409 aliorum

309 3417 511 3468 quoquesint
522 3418 687 3461 sestaturt‘
701 3443 710 3459 ‚
727 3421 898 3467 speramus
918 3446 928 3456 .
955 3431 1039 3461 Dum
1057 3424 1154 3461 abivi
1167 3425 1205 3459 de
1219 3423 1380 3468 Mtffione,
1405 3420 1427 3457 d
1448 3434 1499 3458 me
1510 3431 1571 3470 per
1584 3421 1806 3462 ministrorum
1824 3419 1962 3463 suorum
1983 3418 2123 3462 suadam
2141 3422 2342 3468 Religionem

312 3474 477 3503 mutatam
493 3490 503 3506 2
530 3467 589 3503 vel
608 3479 658 3502 me
670 3469 702 3502 in
717 3480 828 3504 eorum
845 3472 971 3518 Templo
985 3474 1128 3522 Rupellae
1148 3473 1386 3508 concionantem
1402 3471 1512 3514 visum
1528 3469 1586 3517 effe
1599 3493 1610 3510 ,
1637 3470 1695 3507 vel
1707 3471 1782 3506 vita
1800 3468 1952 3513 fantium
1960 3468 2175 3515 sparserunt.
2213 3474 2351 3507 Praevc·

311 3518 380 3551 nire
393 3521 433 3549 D.
447 3519 591 3551 Matrem
605 3515 700 3551 volui
714 3527 826 3552 contra
840 3529 1002 3557 rumorem
1015 3524 1053 3558 de
1065 3533 1115 3558 mc
1132 3521 1323 3568 vulgatum,
1337 3519 1422 3564 amsi
1435 3521 1556 3556 talium
1571 3531 1640 3555 vox
1653 3519 1817 3567 personet,
1834 3518 1907 3552 inde
1925 3528 1985 3553 non
2005 3514 2176 3560 turbetur3
2195 3516 2262 3562 sub
2273 3529 2349 3568 pro-

314 3564 450 3599 ΐθῦἶὶθηθ
463 3565 539 3604 Dei,
555 3563 648 3610 cujus
658 3574 737 3611 Opus
745 3566 834 3609 facio
851 3591 861 3606 ‚
875 3568 998 3611 consisto
1010 3595 1020 3611 ‚
1036 3583 1092 3606 nec
1109 3571 1206 3605 timeo
1223 3569 1365 3604 homines
1377 3592 1387 3609 ,
1412 3569 1489 3604 dum
1507 3577 1569 3615 pro
1582 3568 1674 3604 illius
1683 3568 1798 3616 gloria
1808 3566 1983 3614 (indignus
1996 3565 2096 3611 licet)
2112 3566 2226 3603 laboro
2238 3590 2250 3601 .
2277 3574 2348 3603 Du·

311 3611 430 3658 plicem
443 3614 518 3648 exin
531 3614 804 3659 colltjgofruflum
818 3639 827 3653 ‚
840 3618 963 3651 animas
973 3620 1132 3654 videlicet
1151 3619 1192 3653 ad
1207 3617 1299 3654 illius
1311 3617 1437 3652 cultum
1458 3617 1597 3652 ducendo
1609 3641 1620 3658 ,
1649 3620 1694 3654 Θ·
1710 3615 1886 3660 subditum
1906 3616 2003 3662 Regis
2019 3613 2054 3649 e'n
2071 3615 2220 3664 respedlu
2233 3638 2248 3656 ‚
2259 3626 2350 3651 amo-

319 3670 356 3694 re
371 3660 439 3712 3&
454 3660 637 3697 obedientia
649 3685 659 3700 ‚
685 3673 784 3706 quam
793 3663 860 3707 suae
875 3664 1041 3710 Majeftati
1056 3666 1151 3703 debet
1163 3691 1172 3706 ‚
1192 3665 1405 3708 confirmando
1419 3689 1429 3699 .
1459 3666 1604 3713 Nemini
1614 3676 1741 3713 graves
1749 3665 1864 3708 sumus
1880 3687 1891 3703 ‚
1908 3675 1981 3699 cum
2001 3665 2215 3710 providentia
2225 3664 2288 3698 Dei
2299 3664 2350 3698 ita

318 3704 409 3740 nobis
426 3708 591 3763 consulat,
613 3718 650 3745 ut
662 3714 705 3748 ψ·
719 3710 776 3757 ipsi
787 3723 842 3746 nos
855 3716 1124 3750 extraordinaria⁴
1138 3715 1321 3759 eleemcfina
1345 3715 1484 3761 pauperi
1504 3713 1703 3757 succurrere
1722 3711 1872 3760 poffimus
1888 3715 1961 3749 &a
1991 3712 2064 3747 Res
2063 3723 2166 3748 onans
2183 3711 2349 3748 continuo

319 3753 440 3807 1³9³)ae
460 3754 592 3809 lnfignis
605 3759 703 3799 hujus
717 3760 845 3795 fructas
859 3760 944 3796 fama
958 3762 1083 3797 induxit
1102 3765 1221 3808 Papam
1239 3787 1249 3803 ,
1269 3771 1304 3797 ut
1325 3763 1495 3798 MisIiones
1512 3761 1700 3802 huiusmodi
1718 3773 1786 3797 non
1807 3759 1914 3797 solnm
1942 3760 1974 3795 in
1990 3761 2141 3805 partibus
2161 3759 2349 3798 Infidelium

318 3811 407 3849 978¹
418 3824 427 3842 ³
437 3802 472 3837 ὅ(
486 3802 655 3853 Osdlmjm
667 3807 914 3851 Religiolorum
926 3810 1147 3848 Generalibus
1166 3813 1381 3854 juventutem
1399 3811 1440 3847 ad
1453 3810 1632 3847 Missiones
1646 3807 1747 3856 aptari
1769 3809 2002 3850 mandaverit,
2020 3808 2074 3845 sed
2090 3810 2126 3845 ὅτ
2142 3808 2352 3894 &gisebri-

2254 3869 2299 3899 12„-

2590 734 2603 751 ς
2584 444 2608 716 ηὐνεῶῇιξᾰέεμμᾳςη-μν
2592 390 2598 398 κ
2588 324 2599 347 2.
2590 305 2591 308 „
2588 278 2590 281 ·
2592 257 2595 260 v
2598 214 2600 219 ,
2595 187 2598 196 -
