2638 4088
390 140 559 251 378

324 282 482 326 moenia
502 277 697 325 Civitatis
712 278 972 325 Granatensis
986 276 1039 318 de
1053 274 1245 319 consensu
1262 273 1328 317 di-

324 344 381 386 &i
394 340 710 397 Archiepiscopi
724 354 818 384 cum
833 335 1059 394 sepulchris
1074 345 1159 379 tam
1185 336 1224 378 in
1244 335 1326 377 Ca—

327 401 446 459 pella
460 399 636 456 majori,
667 402 786 456 quam
816 399 855 439 in
886 395 976 436 aliis
1006 393 1126 451 ipfius
1141 393 1333 439 Ecclefiae

330 460 519 521 partibus
529 459 587 502 ita
600 457 800 501 decenter
814 453 1011 496 aedificata
1028 455 1272 512 reperiatur,
1286 465 1332 497 ut

329 533 594 579 quaeeumque
610 517 732 560 etiam
745 511 956 556 nobilioris
974 515 1187 568 qualitatis
1201 512 1336 570 perso·-

327 594 390 626 nae
410 579 611 624 cadavera
635 574 701 617 sua
727 571 877 616 ibidem
902 570 1060 629 sepeliri
1083 573 1334 616 mandaturae

327 642 408 684 ssnt
426 667 440 691 ,
465 636 639 690 indeque
654 631 830 675 multum
852 632 1047 675 utilitatis
1062 633 1172 676 dicto
1188 634 1336 675 Mona-

327 693 581 753 isterio,quod
596 690 843 748 caeteroquin
858 691 1160 749 pauperrimum
1173 691 1339 748 est,pro.

334 767 558 802 venturum
573 754 649 805 fit;
682 750 707 793 fi
724 751 825 794 vero
841 753 1072 809 proprietas
1104 751 1336 809 sepulchro-

334 831 426 861 rum
441 809 670 868 hujusmodi
698 809 976 864 venderetur,
1005 812 1335 866 Monasterium

334 874 566 933 praedietum
581 870 779 926 temporis
807 872 1029 927 progress'u,
1049 870 1337 926 eleemosynis,

335 930 535 990 quaeinde
559 929 711 985 sperari
727 927 916 986 possunt,
941 931 1179 975 destitutum
1200 944 1336 973 rema-

335 1000 483 1037 neret:
502 997 751 1032 memoratus
768 988 1102 1048 Archiepiscopus
1129 989 1337 1034 necessita·

339 1053 373 1095 ti
387 1048 564 1108 ejusdem
581 1047 818 1092 Monasterii
834 1049 1081 1104 providendi
1099 1079 1114 1102 ‚
1139 1063 1187 1094 ac
1203 1049 1336 1093 omnis

338 1108 513 1161 abusus,
538 1107 607 1165 qui
634 1106 842 1151 introduci
869 1106 1025 1163 posset,
1054 1108 1337 1153 occasionem..

346 1168 521 1213 tollendi
537 1167 638 1223 ergo
651 1195 667 1218 ,
683 1165 873 1222 praefatis,
891 1167 932 1209 δι
945 1183 1018 1224 pro
1041 1177 1230 1226 ternpore
1253 1166 1341 1209 exi-

343 1224 752 1272 stentibusAbbatiffae
764 1227 804 1269 ἃ,
819 1227 1066 1271 Monialibus
1089 1227 1184 1271 dicti
1199 1227 1344 1270 Mona·

341 1287 448 1331 sterii
468 1314 482 1339 ,
512 1286 581 1328 sub
607 1299 730 1341 poena
756 1287 1186 1331 excommunicationis
1203 1283 1342 1345 prohi-

341 1348 434 1391 buit
453 1359 531 1395 ,ne
554 1346 846 1401 proprietatem
878 1345 1186 1404 sepulchrorum
1213 1343 1344 1403 hujus-

345 1405 457 1449 modi
473 1403 702 1460 subquovis
734 1414 930 1460 praetextu
948 1434 962 1458 ,
991 1406 1057 1449 vel
1084 1405 1246 1462 quaefito
1272 1416 1342 1446 co-

342 1466 436 1509 lore
459 1477 634 1521 unquam
651 1463 828 1506 vendant
844 1493 858 1516 ‚
883 1466 949 1508 vel
964 1466 1161 1519 alienent,
1174 1468 1214 1508 &
1228 1463 1342 1515 alias,

342 1532 469 1582 prout
484 1521 648 1566 uberius
673 1523 914 1567 continetur
932 1525 973 1567 in
998 1525 1114 1583 iplius
1129 1523 1342 1578 Archiepi·

339 1583 454 1636 scopi
471 1584 654 1625 Decreto
672 1581 844 1639 desuper
859 1597 1067 1637 emanato‚
1080 1599 1126 1626 ac
1140 1584 1194 1628 de
1210 1583 1348 1639 vulga-

341 1642 376 1684 ri
396 1639 615 1694 Hispanico
630 1639 826 1685 idiomate
839 1642 1078 1688 inLatinum
1093 1644 1348 1696 verso,teno·

344 1698 498 1754 ris‚qui
517 1697 728 1753 sequitur,
755 1702 973 1747 videlicet:
996 1702 1229 1762 Francifim
1251 1702 1348 1745 deu

346 1761 446 1813 Reys
462 1757 515 1807 ῥ’
531 1759 725 1801 Mendoza
738 1786 753 1810 ,
781 1763 860 1803 Dei
873 1763 922 1811 ἐς
940 1763 1098 1805 sanHae
1116 1764 1223 1804 sedis
1243 1766 1348 1815 Apo-

338 1816 494 1876 stolicae
502 1814 654 1872 gratid
663 1818 982 1877 Archia-pyropus
998 1819 1258 1875 Granatcnst's
1275 1847 1291 1868 ,
1322 1816 1349 1858 d

345 1874 517 1933 consiliis
539 1875 766 1933 Majestam
784 1878 1012 1928 Catholicae,
1033 1893 1080 1922 ac
1093 1880 1174 1938 ejus
1193 1880 1352 1921 ConcJo·

344 1946 468 1980 nator
483 1934 675 1983 &avitis
689 1936 710 1977 :i
729 1937 862 1979 Nobis
884 1939 1153 1994 personaliter
1169 1949 1256 1982 tum
1276 1937 1354 1978 Ec·-

342 1994 462 2041 clesia
498 1995 663 2038 noviter
707 1995 932 2042 constructa
985 2013 1063 2055 pro
1104 1994 1356 2043 Monaflerio

349 2054 593 2101 Monialium
609 2055 917 2112 Capucinarum
932 2057 1041 2101 intra
1059 2058 1177 2115 hujus
1193 2055 1353 2099 Civita-

347 2116 401 2160 tis
424 2129 562 2158 muros
574 2144 590 2168 ,
618 2116 657 2158 8ι
673 2115 813 2158 nostrae
843 2115 1051 2160 filiationis
1063 2148 1080 2169 ,
1101 2119 1142 2160 δι
1156 2116 1357 2162 obedien-

349 2175 414 2218 tiae
429 2175 627 2218 existente
641 2204 657 2226 ,
676 2185 764 2218 tum
789 2175 1006 2229 sepulturis
1029 2176 1166 2216 tamin
1181 2170 1352 2224 Capella

348 2233 508 2288 majore
520 2258 536 2280 ,
551 2233 672 2285 quam
687 2232 728 2270 in
742 2231 832 2269 aliis
851 2228 1031 2281 ejusdem
1059 2227 1351 2283 partibus'ita...

347 2288 512 2346 ample,
528 2287 756 2334 decenter,
789 2288 829 2328 δε
856 2287 1085 2341 sumptuose
1107 2285 1315 2328 fabricatis
1335 2310 1350 2333 ,

348 2361 394 2394 ut
418 2360 673 2406 quaecunque
703 2346 879 2385 Persona
909 2372 924 2394 ,
963 2345 1087 2384 etiarn
1114 2344 1351 2386 Nobiliores

353 2407 551 2453 Civitatis
564 2406 602 2446 δι
619 2401 991 2458 Regni,cadavera
1008 2400 1073 2444 sua
1091 2403 1128 2444 in
1142 2402 1189 2444 iis
1213 2403 1350 2444 huma·-

346 2473 383 2513 ri
406 2465 635 2509 desiderare
652 2460 794 2519 poffit.
811 2462 871 2503 Ex
888 2473 987 2516 quc,
1000 2461 1195 2517 praedidto
1209 2462 1354 2505 Mona·

353 2527 476 2572 sterio
492 2523 621 2567 multa
635 2520 836 2566 accedent
861 2520 1077 2564 commoda
1105 2523 1145 2564 δι
1159 2534 1354 2578 augmen-

351 2598 394 2632 ta
426 2583 670 2641 temporalia
698 2581 752 2622 ob
783 2578 1088 2634 eleemosynas,
1115 2596 1203 2638 quae
1217 2581 1268 2623 ab
1281 2582 1357 2623 hu-

351 2642 523 2705 jusmodi
546 2641 751 2702 Depositis
776 2641 816 2683 δι
849 2639 1068 2698 sepulturis
1093 2641 1356 2696 provenient,

350 2709 391 2749 δι
404 2719 489 2762 quae
506 2703 679 2761 majores
695 2711 819 2747 erunt
834 2729 848 2751 ,
875 2701 915 2744 δι
932 2701 1119 2759 quotidie
1138 2701 1351 2744 continua-

350 2768 504 2810 buntur
522 2793 536 2813 ,
563 2765 795 2821 propietate
820 2759 1128 2820 sepulchrorum
1163 2759 1352 2803 nonalie-

348 2823 470 2873 nata,
502 2820 571 2866 sed
600 2833 774 2868 econtra
803 2839 879 2880 pro
908 2821 1075 2882 praefato
1106 2820 1358 2865 Monasterio

353 2881 561 2929 reservata
575 2909 589 2934 ,
605 2897 696 2927 cum
711 2882 813 2926 utile
830 2898 879 2927 ex
895 2886 1044 2929 horum
1077 2881 1354 2926 venditione,

349 2942 583 3002 procedens
601 2969 615 2993 ,
644 2942 842 2986 duntaxat
867 2953 1053 3001 tempore
1079 2942 1196 2988 unius
1211 2941 1352 2987 Abba-

352 3001 444 3049 tiss'ae
460 3003 682 3060 recipiatur
695 3032 708 3055 ,
721 3003 762 3045 &
775 3003 864 3047 aliis
893 3001 1102 3048 succursus
1119 3000 1349 3058 eleemosy-

351 3077 526 3113 narum,
555 3077 642 3118 quae
657 3064 678 3104 i
702 3062 919 3120 sepulturis
940 3062 1139 3107 continuo
1154 3066 1352 3108 Conven-

356 3124 421 3166 tui
445 3122 584 3176 indigo
598 3150 612 3173 ,
629 3123 669 3163 δι
684 3123 784 3165 alios
809 3123 959 3166 fruetus
980 3124 1021 3164 δι’.
1039 3121 1223 3165 redditus
1250 3133 1352 3178 prae·

352 3191 419 3225 ter
450 3178 662 3223 subsidium
688 3179 922 3226 devotionis
949 3181 1134 3226 fidelium
1161 3196 1242 3226 non
1279 3181 1350 3224 ha-

353 3241 468 3284 benti
484 3268 498 3289 ,
514 3237 558 3280 fit
579 3238 817 3295 defuturus3
850 3242 943 3285 hine
958 3241 1346 3285 conservationem..

355 3301 396 3342 δι
410 3309 666 3365 augmentum
690 3308 773 3342 tam
789 3301 980 3358 religiosae
1004 3303 1045 3345 δι
1058 3301 1196 3345 &aaa
1220 3303 1351 3345 Com-

357 3360 575 3401 munitatis
592 3358 829 3416 cupientes,
846 3362 885 3403 in
907 3361 1060 3405 virtute
1082 3364 1230 3406 Sanctae
1240 3361 1351 3404 Obe-

358 3417 523 3460 dientiae
551 3445 564 3468 ,
594 3420 631 3460 δι
670 3417 740 3461 sub
769 3434 892 3475 poena
920 3420 1352 3466 excommunicationis

359 3475 629 3530 majorislatae
656 3477 887 3531 sententiae,
906 3489 1021 3526 terna
1050 3481 1244 3525 canonica
1266 3493 1355 3521 mo-

360 3536 521 3582 nitione
547 3536 588 3578 in
617 3535 709 3591 jure
733 3538 920 3595 praemissa
949 3568 964 3590 ,
985 3540 1108 3584 Matri
1134 3534 1355 3584 Abbatiisae

363 3594 546 3652 praesenti
562 3624 576 3647 ,
601 3596 641 3638 ec
655 3597 752 3650 illis,
766 3613 853 3653 quae
868 3601 908 3642 in
927 3602 1007 3644 hoc
1021 3600 1152 3643 officio
1165 3599 1202 3643 ei
1217 3599 1355 3641 sucee-

364 3654 462 3698 dent
485 3684 501 3706 ,
539 3654 706 3712 aliisque
734 3657 830 3700 dieti
859 3660 1086 3704 Monasterii
1106 3658 1354 3703 Monialibus

367 3713 646 3769 praecipimus,
677 3731 728 3759 ne
755 3720 1049 3774 proprietatem
1078 3719 1280 3762 dictorum
1295 3717 1356 3761 se·

367 3772 634 3826 pulchrorum
665 3777 738 3821 ulli
766 3778 945 3824 Personae
969 3808 984 3834 ,
1010 3778 1284 3839 cujuscunque
1304 3778 1353 3833 fit

1046 129 1659 222 Provincia

1386 272 1539 324 statiis,
1565 275 1774 332 qualitatis
1802 277 1842 318 δι
1871 275 2121 324 conditionis
2143 311 2156 333 ,
2184 285 2394 336 vendant,

1387 348 1479 378 curn
1491 335 1721 377 monitione
1737 363 1753 386 ,
1787 335 1900 392 quod
1917 338 2103 381 venditio
2129 342 2166 381 &
2178 343 2388 396 alienatio,

1394 407 1481 453 qua:
1496 391 1565 437 fiet
1581 421 1596 446 ,
1610 393 1763 438 nullius
1793 394 1838 438 fit
1857 395 2005 439 valoris
2021 398 2059 438 &
2075 397 2237 442 effecius
2255 431 2270 454 ,
2291 419 2388 459 pto-

1393 464 1438 499 ut
1453 468 1504 498 ex
1518 467 1624 496 nunc
1643 467 1719 511 pro
1744 464 1930 510 tempore
1944 485 1957 508 ,
1973 468 2053 511 quo
2077 454 2145 499 fiet
2159 483 2175 506 ,
2201 459 2388 506 declara..

1396 527 1483 556 mus
1498 541 1512 565 ,
1536 511 1699 569 &quod
1731 523 1876 557 contra
1902 514 2191 558 inobedientes
2212 544 2228 567 ,
2256 520 2386 564 veluti

1396 583 1660 616 contumaces
1676 586 1726 615 eo
1740 573 1880 628 rigore
1893 603 1907 627 ,
1927 589 2046 630 quem
2075 573 2137 630 jus
2154 576 2283 620 Nobis
2293 592 2390 635 per-

1399 632 1668 682 mittit,simus
1683 630 1920 689 processuri.
1935 636 2033 676 Dat.
2051 634 2396 691 18.April.1675.'

1517 696 1623 736 Cum
1637 702 1798 740 autem,
1812 693 1910 736 ficut
1929 692 2071 736 eadem
2085 696 2283 751 expolitio
2297 695 2393 739 sub-

1397 752 1591 811 jungebat
1607 780 1621 803 ,
1634 751 1750 794 dietae
1766 753 2029 808 Exponentes
2044 781 2058 804 ,
2071 754 2259 798 utilitatis
2274 783 2289 808 ,
2303 769 2393 812 quae

1397 811 1649 858 Monasterio
1665 810 1858 868 praediifto
1869 825 1921 856 ex
1934 811 2135 867 praemiffis
2164 825 2393 869 proventu-

1397 887 1441 916 ra
1456 871 1512 916 est
1528 899 1542 921 ,
1558 871 1708 913 intuitu
1723 900 1739 922 ,
1770 873 1994 914 Decretum
2012 871 2241 929 hujusmodi
2261 902 2276 925 ,
2307 873 2394 929 quo

1397 929 1549 975 firmius
1565 929 1737 972 subsistat
1751 930 1792 971 δι
1806 929 1991 975 servetur
2004 932 2196 985 exafflus,
2209 933 2393 989 Aposto-

1399 992 1487 1035 licae
1508 987 1834 1032 confirmationis
1862 991 2002 1034 nostrae
2025 991 2258 1046 patrocinio
2281 1005 2396 1035 com-

1400 1049 1548 1094 muniri
1572 1049 1830 1106 summopere
1853 1049 2109 1094 defiderent.
2138 1053 2228 1094 Nos
2244 1050 2399 1107 specia-

1404 1111 1485 1154 lem
1515 1109 1600 1166 ipfis
1624 1108 1933 1165 Exponentibus
1963 1109 2136 1165 gratiam
2163 1108 2298 1154 facere
2322 1115 2399 1152 vo-'

1404 1170 1541 1212 lentes
1559 1195 1572 1219 ,
1604 1169 1643 1211 δι
1658 1182 1794 1211 earum
1811 1167 2030 1224 singulares
2060 1165 2248 1223 personas
2263 1169 2285 1211 εὶ
2303 1169 2399 1226 qui-

1407 1226 1541 1273 busvis
1571 1229 1651 1270 &c.
1678 1229 1890 1271 cenientes
1902 1256 1915 1280 ,
1947 1227 2308 1284 supplicationibus
2334 1232 2404 1270 ea-‘

1410 1302 1500 1332 rum
1517 1287 1679 1329 nomine
1694 1288 1823 1331 Nobis
1842 1289 1918 1330 &c-
1934 1286 2133 1338 inclinati,
2148 1286 2201 1330 de
2216 1288 2405 1329 Venera-

1407 1346 1552 1391 bilium
1577 1348 1765 1389 Fratrum
1788 1347 2014 1391 nostrorum
2043 1350 2086 1391 S.
2106 1347 2165 1389 R.
2183 1349 2232 1390 Ε.
2252 1344 2405 1389 Cardi-

1407 1406 1559 1451 nalium
1587 1404 1760 1461 negotiis
1788 1406 1829 1448 &
1846 1404 2208 1449 consultationibus
2235 1403 2408 1461 Episcoa

1407 1479 1553 1524 porum
1570 1466 1611 1507 δι
1629 1462 1896 1520 Regularium
1911 1464 2212 1521 praepofitorum
2226 1492 2242 1516 ,
2255 1463 2324 1520 qui
2338 1476 2408 1506 ve-

1408 1527 1463 1569 ris
1478 1523 1744 1568 existentibus
1762 1524 1935 1567 narratis
1949 1554 1965 1576 ‚
1990 1522 2201 1580 praedie'tas'
2227 1521 2410 1578 sepultu-

1410 1600 1472 1628 ras
1494 1611 1508 1634 ,
1526 1598 1577 1627 ex
1592 1597 1674 1641 quo
1690 1582 1772 1639 jam
1787 1584 2049 1639 reperiuntur
2072 1584 2287 1633 extruetae,
2302 1580 2410 1624 tole·

1410 1645 1490 1688 rari
1508 1641 1614 1700 posse
1631 1639 1876 1684 censuerunt
1895 1640 2091 1692 ,consilio
2106 1667 2121 1691 ‚
2147 1644 2409 1685 Decretum-⁴

1411 1702 1685 1760 praeinsertum
1717 1702 1964 1744 auctoritate
1993 1699 2231 1757 Apostolica
2258 1710 2406 1742 tenore

1411 1761 1668 1818 praesentium
1682 1758 1975 1803 confirmamus
1985 1761 2026 1801 ὅτ.
2039 1759 2316 1815 approbamus
2332 1787 2347 1807 ,
2362 1755 2412 1798 il·

1411 1821 1523 1876 lique
1537 1817 1788 1860 inviolabilis
1803 1817 2046 1873 Apostolicae
2069 1816 2272 1859 firmitatis
2286 1816 2412 1858 robur

1414 1877 1632 1933 adjicimus
1651 1905 1666 1927 ,
1680 1891 1728 1920 ac
1746 1889 1885 1919 omnes
1899 1877 1936 1918 δι
1954 1874 2131 1932 fingulos
2141 1874 2243 1932 juris
2262 1876 2302 1918 δι
2316 1872 2413 1916 faeti

1418 1937 1627 1986 defettus,
1641 1934 1666 1978 fi
1683 1935 1754 1992 qui
1769 1934 1941 1992 desuper
1957 1935 2272 1991 quomodolibet
2286 1935 2414 1976 inter-

1419 1997 1627 2047 venerint,
1644 1994 1875 2051 supplemus
1892 2009 1906 2038 :
1921 1993 2027 2037 salva
2046 2004 2182 2037 tamen
2197 1996 2353 2050 semper
2370 1993 2412 2035 in

1419 2055 1618 2115 praemissis
1633 2057 1793 2099 auetori
1799 2065 1884 2099 tate
1893 2055 2238 2111 Congregationis
2252 2065 2416 2096 eorum-

1416 2117 1511 2158 dem
1546 2113 1829 2156 Cardinalium
1845 2140 1858 2153 .
1892 2116 2171 2157 Decernentes
2198 2111 2300 2169 ipsas
2318 2124 2416 2168 prae·

1417 2171 1547 2213 sentes
1562 2168 1722 2212 litteras
1735 2167 1891 2224 semper
1907 2170 2044 2213 firmas
2057 2198 2071 2221 ,
2085 2170 2257 2221 validas,
2270 2172 2310 2212 δι
2325 2167 2418 2211 effi-

1415 2241 1531 2272 caces
1558 2226 1724 2269 existere
1736 2252 1751 2275 ,
1777 2227 1817 2268 δι
1842 2224 1931 2271 fore
1958 2255 1972 2278 ,
2003 2227 2172 2286 suosque
2197 2228 2414 2284 plenarios

1413 2289 1454 2327 δι
1478 2287 1655 2338 integros
1681 2285 1840 2326 effessus
1864 2285 2004 2326 sortiri
2030 2315 2046 2335 ‚
2070 2288 2108 2327 &
2133 2288 2349 2334 obtinere,
2369 2299 2416 2328 ac

1415 2343 1497 2385 illis
1511 2370 1526 2393 ,
1540 2340 1591 2384 ad
1605 2354 1704 2397 quos
1719 2339 1866 2396 spectat
1881 2369 1897 2394 ,
1914 2343 1955 2384 δι
1968 2356 2045 2399 pro
2059 2351 2245 2399 tempore
2264 2341 2418 2400 speeta-

1417 2402 1479 2445 bit
1500 2401 1539 2444 in
1554 2401 1739 2443 omnibus
1754 2400 1794 2443 &
1808 2415 1880 2456 per
1893 2401 2028 2445 omnia
2041 2399 2264 2458 plenissime
2281 2401 2419 2446 suffra·

1416 2461 1531 2519 gari,
1559 2461 1597 2501 δι
1620 2460 1672 2503 ab
1687 2459 1745 2502 eis
1769 2459 1992 2517 respective
2018 2459 2316 2505 inviolabiliter
2340 2461 2419 2504 ob-

1415 2518 1594 2572 servari3
1616 2518 1766 2575 Sicque
1781 2519 1820 2562 in
1832 2519 2036 2577 praemiffis
2051 2535 2123 2577 per
2143 2521 2418 2578 quoscumque

1413 2580 1578 2639 Judices
1594 2578 1822 2622 ordinarios
1839 2608 1856 2631 ,
1883 2581 1923 2622 δε
1937 2579 2150 2636 delegatos
2163 2608 2178 2631 ,
2202 2579 2324 2623 etiam
2338 2581 2416 2622 &c-

1418 2639 1640 2685 Auditores
1654 2637 1853 2696 judicari,
1867 2636 2078 2682 &definiri
2090 2639 2243 2682 debere
2255 2668 2271 2691 ‚
2293 2652 2341 2682 ac
2359 2639 2416 2686 irre

1416 2703 1542 2745 ritum
1556 2727 1570 2751 ,
1592 2700 1670 2740 διο.
1689 2698 1882 2742 attentari
1897 2727 1909 2741 .
1929 2701 2025 2742 Non
2041 2696 2287 2742 obstantibus
2300 2701 2417 2742 Con-z

1417 2757 1692 2804 stitutionibus
1704 2785 1719 2808 ,
1735 2759 1775 2800 δι
1790 2757 2135 2802 Ordinationibus
2154 2755 2417 2815 Apostolicis,

1417 2835 1465 2864 ac
1481 2827 1681 2875 quatenus
1694 2831 1795 2875 opus
1808 2818 1855 2861 fit
1869 2815 1966 2859 dieti
1990 2816 2242 2869 Monasterii,
2253 2817 2292 2858 δι
2307 2815 2419 2858 illius

1416 2879 1590 2923 Ordinis
1603 2879 1726 2921 etiam
1743 2878 1816 2920 &c-
1834 2876 1988 2919 statutis
2013 2905 2028 2929 ,
2055 2879 2093 2920 &
2116 2873 2420 2920 consuetudini-

1415 2940 1490 2984 bus
1509 2968 1523 2992 ,
1547 2937 1773 2996 privilegiis
1788 2938 1866 2979 &c-
1893 2935 2121 2982 innovatis.
2152 2936 2315 2992 Quibus
2329 2946 2420 2976 om-

1413 2999 1534 3046 nibus
1548 3029 1563 3051 ,
1590 2999 1630 3040 δι
1644 2996 1807 3053 singulis
1829 2997 1996 3039 illorum
2026 3005 2190 3045 tenores
2203 2997 2283 3038 &c-
2297 2993 2424 3038 derod

1415 3073 1557 3118 gamus
1570 3085 1584 3107 ,
1600 3057 1840 3114 caeterisque
1851 3055 2070 3099 contrariis
2083 3052 2416 3109 quibuscumque.

1533 3121 1683 3162 Datum
1698 3119 1840 3160 Romae
1853 3114 1962 3173 apud
1995 3116 2179 3161 Sanctam
2210 3112 2419 3159 Mariam...

1413 3181 1617 3236 Maiorem
1647 3177 1717 3221 sub
1739 3175 1911 3222 Annulo
1931 3173 2155 3218 Piscatoris
2179 3172 2249 3215 die
2261 3183 2420 3214 ⁴xxvii.

1406 3240 1508 3299 julii
1538 3253 1572 3281 M
1586 3253 1615 3281 n
1627 3253 1653 3282 c
1668 3253 1689 3282 t.
1701 3250 1724 3280 x
1738 3251 1763 3279 x
1776 3250 1814 3279 v.
1854 3230 2123 3280 Pontificatt‘is
2143 3230 2270 3275 nostri
2294 3231 2416 3274 Anno

1412 3300 1529 3344 sexto
1543 3326 1556 3340 .

1415 3416 1665 3475 Autograpb.
1693 3418 1738 3459 in
1762 3414 1935 3457 Archino
1949 3415 2094 3455 secret.
2120 3415 2239 3454 Brev.
2259 3406 2417 3465 Aposto-

1530 3476 1639 3519 licor.
1660 3473 1817 3534 Regsso
1833 3471 1985 3530 mensts,
2001 3471 2052 3521 δ’
2073 3473 2172 3517 anni
2183 3467 2415 3528 praedmor.

1519 3533 1705 3596 fi¹·3¹⁶·.

2190 3829 2243 3871 P.
2260 3826 2360 3867 Pro·
