2638 4088
364 179 531 291 308
1055 163 1642 254 Provincia*

304 336 552 392 utrumque
584 322 704 374 hune
731 324 1029 373 Conventum
1054 314 1136 364 vix
1162 329 1255 362 non
1282 326 1405 363 totos
1436 308 1534 361 solo
1567 306 1777 379 aequa‘iffet
1805 343 1823 369 ,
1863 325 1920 360 ex
1959 323 2152 378 utroque
2190 329 2345 381 parvo

303 397 503 464 Philippi
535 397 599 445 V.
627 394 754 461 regia
777 383 1123 446 munificentia,
1153 383 1203 437 ἃ
1233 381 1353 435 socia
1388 382 1672 435 Marchionis
1701 378 1851 433 Castri
1886 380 2098 432 Rodticii
2129 385 2354 454 Principis

305 468 374 520 Pii
408 468 550 534 pietas
584 477 725 512 unum
751 458 934 521 majoris
963 455 1121 507 formae
1148 458 1268 507 intra
1299 457 1557 507 Civitatem
1602 451 1685 503 sub
1715 457 1765 505 S.
1792 455 2022 503 Matrona:
2065 452 2205 503 titulo
2237 471 2358 505 anno

304 534 549 590 millesimo
583 526 984 599 septingentesimo
1019 527 1203 577 decimo
1233 526 1402 578 ostavo
1425 525 1631 577 extruxit
1654 558 1672 583 ,
1701 524 1930 593 Reliquiis
1958 521 2135 574 SanRae
2163 525 2365 591 Martyq

306 612 370 661 ris
393 644 409 667 ,
447 602 496 655 &
526 603 693 670 pariter
727 600 946 651 Civitatis
965 602 1168 649 Patronae
1201 598 1261 648 ad
1291 614 1421 648 aram
1453 611 1672 667 magnam
1694 613 1824 647 novae
1853 591 2062 646 Ecclefiae
2091 595 2357 662 translatis,

308 680 359 732 ὅ(
392 673 590 743 sequenti
620 667 915 739 inscriptione
943 668 1146 739 apposita
1176 688 1191 719 ε
1231 667 1466 720 Coenobium
1508 673 1639 718 armis
1678 667 1864 718 dirutum
1903 668 2042 736 regius
2085 669 2243 716 animus
2273 665 2360 716 bel·

305 752 349 801 [0
383 750 516 812 maj0r
532 777 548 801 ‚
581 741 779 808 Philippi
809 742 884 791 hoc
913 746 1073 791 nomine
1095 741 1150 791 V.
1182 740 1376 809 religiefie
1405 737 1667 789 liberalitate
1691 739 1920 807 restaurat:
1956 736 2119 793 accedit
2145 739 2255 804 operi
2275 736 2362 799 Re?

302 839 356 889 ge
381 821 518 867 minor
542 848 560 872 ,
597 817 755 862 ceteris
776 813 1015 880 precellens
1042 811 1395 879 Excellentiffi'mi
1425 808 1696 862 Mareht'onis
1737 808 1884 860 Caflri
1910 807 2108 859 Rodricii
2140 842 2159 868 ,
2195 806 2364 858 Princi-

299 893 370 961 pis
398 885 474 936 Pii
492 918 509 942 ,
537 882 712 953 augufla
739 887 878 950 pietas
898 919 912 934 .
2350 903 2355 907 ·

447 955 687 1006 Collocari
726 954 772 1003 in
803 954 872 1003 his
907 952 958 1005 <31
991 955 1091 1006 aliis
1121 953 1352 1008 Domibus
1387 957 1569 1004 Fratres
1601 969 1765 1004 manus
1786 949 1885 1001 suas
1920 950 1970 1000 in
2004 947 2156 999 sansta
2181 949 2368 1000 extolle

310 1045 359 1078 re
377 1062 393 1086 ,
427 1023 560 1076 sacrae
593 1022 884 1077 Profeffionis
911 1023 1051 1075 fidem
1080 1062 1098 1086 ,
1129 1023 1415 1097 perfeffloris
1454 1025 1561 1074 vitae
1605 1019 1892 1074 observantia
1931 1018 2180 1091 adimplere
2206 1055 2222 1079 ,
2254 1023 2364 1070 Pro-

311 1097 511 1148 vinciam
542 1096 797 1147 Cataloniae
820 1130 837 1154 ,
868 1093 950 1145 sub
972 1099 1122 1147 Beatae
1149 1097 1358 1166 Virginis
1384 1096 1548 1147 Marisa
1573 1094 1629 1144 de
1651 1098 1846 1145 Monte·
1862 1096 2138 1149 Serrato,S.
2160 1094 2211 1141 P.
2231 1095 2370 1141 Fran·

311 1166 449 1227 cisci,
480 1166 530 1220 ὅ(
563 1171 612 1218 S.
646 1166 835 1218 Eulaliae
865 1168 1009 1217 tutela
1041 1167 1367 1225 instituerunt,
1400 1165 1450 1218 dt
1482 1183 1539 1216 ex
1577 1167 1745 1215 horum
1774 1166 2050 1216 Sanctorum
2088 1161 2334 1229 Imagines
2353 1195 2372 1220 ‚

313 1240 441 1302 hujus
486 1237 692 1308 sigillum
727 1235 988 1288 formfirunt
1008 1273 1027 1298 ‚
1069 1256 1179 1293 cum
1217 1237 1463 1309 epigraphe
1493 1255 1508 1285 z
1553 1235 1758 1306 Sigillum
1782 1234 2028 1286 *Provinciae
2070 1229 2243 1283 Matris
2278 1230 2374 1291 Dei.

314 1309 571 1358 Cataloniae.

454 1381 637 1429 Bonum
667 1376 1004 1429 reformationis
1035 1380 1153 1431 intra
1174 1381 1430 1433 Cataloniae
1462 1377 1686 1429 terminos
1711 1377 1878 1427 arfiari
1905 1374 2075 1425 durum
2103 1370 2255 1424 visum
2280 1368 2374 1422 fuit

313 1448 555 1507 Patribus,
591 1450 696 1498 hinc
725 1450 784 1500 ad
808 1451 895 1499 alia
923 1448 1157 1518 Hispaniae
1189 1454 1292 1501 loca
1329 1450 1376 1499 id
1413 1448 1661 1518 propagari
1690 1443 1956 1498 conclusum
1984 1479 2002 1504 ,
2037 1441 2089 1495 &
2118 1444 2375 1494 Provinciae

315 1520 572 1578 Valentiae,
608 1518 659 1570 ὅ(
692 1521 941 1588 Aragoniae
971 1521 1135 1571 datum
1165 1519 1255 1572 fuit
1284 1521 1591 1589 principium.

457 1593 576 1639 Laus
601 1602 699 1639 tota
726 1607 818 1639 non
846 1587 909 1638 est
941 1589 1075 1655 hujus
1102 1592 1357 1642 Provinciae
1382 1592 1492 1640 alias
1525 1585 1726 1639 fundiiffe
1761 1585 2030 1639 Provincias
2057 1617 2074 1642 ,
2108 1587 2260 1645 major
2290 1582 2380 1635 fori

317 1656 393 1707 san
417 1657 481 1707 est
506 1659 657 1727 gloria
684 1663 811 1723 ejus,
848 1673 949 1710 tum
982 1661 1040 1711 ad
1069 1658 1157 1713 suae
1183 1664 1290 1712 vitae
1321 1660 1551 1729 sequelam
1584 1673 1792 1728 potentes
1814 1659 1947 1721 hujus
1977 1653 2142 1705 mundi
2165 1652 2344 1705 traxisse
2360 1687 2379 1713 ,

314 1742 417 1778 tum
447 1730 562 1778 alios
583 1727 746 1796 spiritu
774 1732 960 1780 virtutis
988 1730 1194 1783 imbuisse
1213 1766 1229 1790 ,
1266 1746 1367 1781 tum
1390 1733 1504 1780 alios
1533 1732 1578 1777 in
1604 1728 1788 1778 scientia
1818 1724 2078 1796 perfecisse.

458 1798 743 1862 Abjecerunt
774 1798 940 1848 fastum
975 1799 1227 1850 nobilitatis
1246 1836 1263 1860 ‚
1297 1817 1494 1867 eumque
1521 1797 1603 1848 sub
1633 1797 1738 1848 rudi
1769 1797 2012 1865 Capucino
2042 1795 2200 1846 habitu
2229 1793 2382 1844 occul·

315 1868 472 1920 tairunt
488 1907 505 1932 ,
543 1884 707 1939 praeter
732 1873 824 1919 FF.
852 1870 1201 1942 Archangelum
1220 1907 1236 1931 ,
1273 1870 1323 1923 ὅ(
1345 1873 1577 1941 Joannem
1608 1869 1886 1919 Alarconios
1921 1883 1976 1916 ex
2012 1866 2117 1916 loco
2141 1863 2384 1918 'rordecila

313 1942 379 1989 las
417 1942 463 1989 in
497 1945 665 2012 Regno
692 1940 901 1993 Castellae
930 1942 1187 2002 oriundos,
1222 1940 1272 1995 ἃ
1303 1947 1398 2004 jam
1429 1957 1598 2003 tom.3.
1617 1938 1761 2003 fol.4.
1790 1935 2176 1996 commendatos,
2213 1934 2379 1987 Frater

307 2009 538 2081 Josephus
565 2011 906 2063 Barcinonensis
936 2048 953 2071 ,
988 2032 1042 2063 ex
1076 2013 1352 2065 nobiliffima
1382 2013 1432 2065 ἃ
1467 2012 1680 2062 Baronali
1707 2009 2111 2060 Roccabertorum
2149 2007 2344 2058 Familia
2365 2039 2385 2064 ,

314 2085 548 2149 Caprariae
581 2083 676 2134 ἃς.
705 2084 942 2141 Domina,
960 2085 1038 2147 qui
1072 2084 1218 2132 lee'tor
1245 2087 1335 2131 PP.
1369 2079 1732 2131 observantium
1770 2076 1831 2127 ad
1858 2094 1942 2127 nos
1971 2075 2182 2138 transiit,
2217 2076 2268 2128 ἃ
2290 2077 2384 2146 pri·

313 2168 421 2202 mus
454 2153 715 2199 orationem
737 2166 822 2210 40.
850 2151 1071 2198 horarum
1102 2150 1150 2198 in
1170 2147 1442 2217 Hispaniam
1462 2147 1675 2197 induxit.

461 2223 538 2268 Fr.
565 2221 724 2268 Petrus
751 2219 778 2266 a
809 2219 1008 2287 Neapoli
1037 2254 1054 2277 ,
1102 2222 1238 2288 regiae
1266 2219 1413 2285 stirpis
1445 2236 1598 2268 ramus
1625 2253 1642 2276 ,
1675 2215 1754 2266 seu
1786 2219 1948 2284 Nepos
1978 2219 2122 2287 Regis
2148 2217 2346 2269 Tunetis
2365 2250 2383 2276 ,

320 2308 430 2341 cum
465 2291 584 2337 enim
611 2290 810 2338 Carolus
837 2292 900 2338 V.
936 2293 1146 2337 Fratrem
1175 2290 1306 2350 hujus
1337 2286 1588 2336 secundum
1619 2290 1665 2335 in
1695 2285 1900 2335 obfidem
1929 2287 2196 2355 accepisset,
2230 2285 2280 2338 ἃ
2310 2287 2384 2336 hic

318 2365 366 2412 in
396 2358 653 2424 Hispania,
689 2354 863 2418 ejurata
889 2355 968 2404 sui
998 2357 1116 2407 sciti
1143 2375 1249 2407 cum
1283 2358 1486 2408 Domina
1526 2356 1583 2407 de
1616 2356 1854 2407 Mendoza
1886 2360 2238 2408 matrimonium
2266 2354 2390 2407 iniis·

318 2431 418 2489 set,
452 2426 542 2477 suit
570 2430 646 2476 Fr.
675 2429 838 2477 Petrus
867 2430 1043 2495 primus
1073 2428 1242 2479 horum
1269 2443 1424 2497 partus
1458 2427 1509 2480 ἃ
1534 2425 1685 2496 proles
1711 2463 1728 2486 ‚
1763 2445 1817 2477 ac
1855 2427 2022 2496 dignus
2051 2426 2388 2498 postmodum..

318 2507 402 2621 D.d
412 2504 463 2551 P.
495 2495 722 2549 Francisci
756 2498 929 2560 Filius,
968 2502 1211 2568 Capucino
1244 2500 1403 2551 habitu
1434 2516 1553 2550 anno
1589 2515 1739 2563 1594.
1756 2499 1804 2548 in
1834 2498 1885 2552 S.
1905 2501 2095 2551 Eulaliae
2130 2504 2384 2551 Conventa

323 2590 370 2622 in
407 2585 540 2622 utus.

458 2645 536 2691 Fr.
567 2634 836 2691 Franciscus
869 2640 897 2690 ὲ
929 2644 977 2692 S.
1006 2645 1145 2692 Petro
1186 2640 1449 2700 Piscatore,
1485 2658 1541 2691 ex
1574 2637 1748 2691 Illustri
1777 2640 1971 2690 Familia
1996 2639 2052 2690 de
2086 2643 2387 2706 Caramany,

321 2713 573 2766 avunculus
605 2711 840 2762 Benedisti
868 2714 1016 2771 Sala„
1055 2710 1250 2764 Ordinis
1289 2718 1338 2763 S.
1366 2712 1600 2763 Benediffi
1631 2748 1648 2772 ,
1691 2708 1956 2761 Monasterii
1992 2711 2388 2762 Montis-serrati

317 2784 519 2837 Abbatis
536 2818 553 2842 ,
589 2781 804 2851 Episcopi
832 2782 1175 2834 Barcinonensis
1193 2819 1209 2842 ,
1243 2782 1294 2835 ὅ(
1319 2783 1581 2835 Cardinalis
1603 2782 1854 2833 nominati.

458 2859 538 2904 Fr.
568 2851 846 2903 Fruaestuosus
880 2855 908 2902 a
942 2854 1108 2906 Verdu
1134 2891 1152 2914 ,
1179 2855 1372 2924 Joannis
1400 2856 1545 2908 Teres
1565 2891 1583 2916 ,
1619 2849 1968 2922 Archiepiseopi
2001 2848 2386 2910 Tarraconensis,

321 2924 372 2978 &
402 2926 617 2996 Proregis
648 2923 934 2993 Principati'is
967 2928 1222 2976 Cataloniae
1251 2929 1443 2993 Nepos:

460 3001 535 3048 Fr.
565 2997 801 3046 Antonius
832 2994 1174 3045 Barcinonensis
1205 3032 1222 3054 ,
1260 2998 1306 3046 in
1337 2999 1514 3048 Saeculo
1543 2994 1801 3047 Bernardus
1833 2992 1891 3043 de
1927 2991 2140 3044 Boxados
2168 3029 2185 3051 ,
2215 2991 2265 3044 ἃ
2297 2991 2387 3042 de.-

320 3067 415 3116 Pax
448 3100 463 3122 ‚
503 3071 677 3119 Comes
701 3066 726 3114 εὶ
755 3068 941 3118 Savalla
971 3064 1021 3118 ἃ
1054 3067 1264 3118 Valmoll
1299 3103 1315 3126 ,
1353 3073 1478 3131 quus
1509 3070 1703 3119 Familia
1733 3068 1847 3116 inter
1873 3068 2118 3135 Magnates
2155 3061 2388 3131 Hispaniae

324 3133 534 3185 clarescit
551 3151 747 3194 ‚vocata
781 3137 925 3188 Comes
956 3141 983 3188 ἃ
1011 3137 1247 3195 Peralada,
1261 3142 1406 3206 gratia
1431 3139 1518 3188 Dei
1541 3177 1553 3190 .
1573 3139 1804 3203 Habitum
1839 3135 2028 3202 quidem
2048 3137 2124 3184 Fr.
2156 3133 2390 3183 Antonius

319 3207 367 3255 in
408 3210 458 3259 S.
493 3207 683 3257 Eulaliae
710 3211 963 3260 Conventu
992 3209 1172 3270 induit,
1208 3211 1433 3260 Valentiae
1460 3225 1613 3261 tamen
1638 3246 1655 3270 ,
1689 3206 1782 3277 quo
1812 3205 1857 3256 se
1887 3207 1913 3255 a
1939 3204 2180 3257 Parentela
2208 3201 2389 3272 fugiens

324 3279 564 3348 elongavit
582 3312 600 3335 ‚
636 3295 803 3347 corpus
831 3279 1044 3349 deposuit
1061 3318 1074 3331 .

464 3351 675 3401 Sinamus
696 3385 711 3406 ‚
750 3369 847 3418 quae
873 3354 1014 3403 nimia
1039 3350 1144 3403 sunt
1160 3386 1178 3410 ,
1210 3348 1452 3402 individua
1469 3385 1486 3411 ,
1517 3349 1568 3404 ἃ
1595 3349 1810 3403 Familias
1841 3345 2018 3398 nobiles
2050 3342 2389 3406 recenseamus,

320 3438 417 3488 qua:
446 3423 558 3470 talia
589 3421 720 3471 nobis
749 3423 919 3475 dedsre
937 3460 952 3483 ,
987 3423 1038 3475 ἃ
1068 3441 1163 3491 quae
1194 3420 1322 3472 sunt:

462 3494 533 3542 De
559 3493 707 3550 Azedo
723 3530 739 3553 ,
774 3497 818 3543 d'
837 3499 1044 3565 Aguierre
1066 3497 1117 3544 de
1143 3493 1260 3543 Aren
1277 3530 1292 3552 ,
1327 3493 1377 3543 de
1407 3493 1639 3563 Angullot,
1673 3491 1725 3541 de
1755 3489 2016 3549 Carbonell,
2053 3487 2106 3538 de
2137 3488 2350 3541 Cat-denas
2364 3519 2383 3546 ,

321 3563 370 3612 de
399 3564 592 3633 Cfftdos
620 3601 636 3624 ,
671 3566 721 3614 de
755 3566 995 3634 ‘Deftalbar
1025 3605 1041 3627 ‚
1074 3569 1125 3618 de
1151 3566 1365 3635 Despalan
1391 3602 1407 3624 ,
1442 3567 1492 3616 de
1521 3567 1667 3616 Ferret·
1695 3599 1712 3624 ,
1745 3563 1796 3612 de
1829 3564 1973 3613 Ferrii
2004 3598 2022 3622 ‚
2057 3560 2218 3618 Gomez
2243 3591 2258 3617 ‚
2297 3558 2386 3609 Gu-

324 3652 415 3681 man
443 3646 495 3687 εἷθ’
527 3637 746 3688 Terrelles
764 3675 782 3698 ,
815 3640 888 3688 del
918 3641 1078 3711 ‘Jermo
1094 3676 1110 3699 ,
1147 3640 1198 3689 de
1228 3639 1408 3689 Omedas
1430 3677 1446 3701 ,
1482 3640 1533 3691 de
1568 3638 1681 3693 Oriz
1711 3672 1726 3695 ,
1760 3635 1811 3685 de
1838 3633 1970 3686 Ombs
1986 3670 2003 3694 ‚
2040 3630 2269 3688 Martinez
2297 3629 2387 3681 de..-

326 3704 443 3753 Luna
461 3743 476 3764 9
509 3710 558 3757 de
593 3708 839 3762 Mitiavila
858 3747 873 3771 ,
911 3713 1117 3770 Ramirez
1132 3748 1148 3771 ,
1180 3712 1230 3761 de
1260 3710 1348 3760 Ros
1373 3712 1421 3760 de
1448 3710 1633 3779 Pfilla,
1667 3709 1719 3758 de
1758 3708 1930 3757 Villana
1963 3709 2058 3757 (Tc.

466 3781 605 3827 Viros
635 3781 808 3834 virtute
840 3784 1108 3854 conspicuos
1140 3781 1350 3834 exhibent
1380 3785 1582 3835 Annales
1610 3801 1627 3843 3
1658 3779 1776 3833 meri
1808 3794 1962 3831 tamen
2003 3779 2079 3830 hic
2109 3790 2202 3885 ¹³2⁰
2237 3769 2384 3881 21⁶th

2187 3855 2220 3885 f·-
2278 3854 2322 3883 fl·
