2592 4094
421 205 579 318 158
1082 193 1712 292 Provincia»,

339 362 458 406 quam
482 345 559 401 ipsi
571 344 839 401 profitentur,
861 336 1072 380 contraria·
1086 356 1106 385 ,·
1123 338 1291 380 zelantes
1316 337 1573 395 cognostunt3
1598 336 1665 379 boc
1690 345 1821 380 autem
1830 336 1986 395 spiritu
2011 341 2184 392 aversim
2196 346 2227 395 is
2242 372 2257 396 ‚
2280 342 2370 398 ipffs

338 408 520 456 natarali
547 405 596 452 (ς’
623 400 824 456 congenio‚
839 402 881 439 in
904 398 1007 437 omni
1019 397 1206 452 occasione
1227 395 1403 457 cffibium
1419 396 1531 453 hujus
1557 395 1609 438 ab
1633 395 1830 454 iissintiri
1842 398 2030 450 student:
2053 397 2105 447 &
2120 401 2274 452 quidem
2303 403 2370 445 eb-

338 470 461 522 magis
478 494 490 515 ‚
523 461 628 518 quod
653 463 835 500 Oratores
860 451 1082 497 commercio
1105 469 1239 497 rerum
1262 457 1540 509 temporalium
1579 457 1761 510 totaliter
1781 455 1968 512 privati,
1996 455 2273 512 &sicundslm
2298 475 2364 502 eo-

338 539 428 570 rum
457 522 644 577 Regulam
668 526 734 556 nec
761 512 861 555 bona
876 512 1061 571 poffl‘dere
1073 541 1089 564 ,
1111 527 1176 556 nec
1192 515 1379 570 pecunias
1401 514 1579 558 trai't‘are
1592 516 1761 558 valentes
1774 544 1787 567 ,
1801 524 1881 570 pro
1898 514 1982 570 sita
2003 513 2238 574 substantia
2256 545 2270 570 ,
2291 520 2372 561 od-

328 585 483 643 jutorso
512 581 559 627 (ς’
585 571 801 627 ministerio
825 573 995 629 Personae
1026 574 1236 616 saecularis
1261 603 1278 626 ,
1305 587 1391 629 quae
1403 569 1587 632 fisbstdia
1613 574 1826 617 eharitatis
1845 584 1924 631 pro
1951 579 2086 616 eorum
2117 576 2225 619 vinu
2241 574 2370 634 faita

336 646 501 697 recipiat
514 667 529 688 ,
553 636 600 682 δ’
625 630 788 687 residuis
816 630 1096 689 necfftatibus
1122 631 1177 683 ὠ·
1191 633 1350 689 negotiis
1375 632 1464 689 ipsis
1488 632 1796 676 incumbentibus
1818 633 2032 689 provideat
2060 661 2076 684 ,
2114 636 2158 676 in
2193 636 2371 690 quolibet

335 702 528 744 diuorum
567 697 829 734 conventuum
846 719 863 744 ,
887 692 937 740 θ’
962 689 1290 743 Monasteriorum
1321 691 1523 747 indigeant
1538 719 1548 730 ·
1579 695 1639 735 Ex
1667 705 1740 747 quo
1765 694 1905 736 lneolae
1942 691 2136 734 altiorum
2163 693 2366 746 locorum,

335 760 385 806 (ς
401 752 606 808 Religionis
631 748 861 805 reformata
885 749 1086 793 ordinarii
1095 750 1307 803 pra-dictos
1322 751 1532 794 saeculares
1547 780 1561 803 ,
1585 764 1739 793 nomine
1762 754 1926 795 Patrum
1939 751 2225 806 spiritualium
2238 781 2253 804 ,
2277 756 2378 806 synd

333 816 504 857 dicerunt
519 839 533 860 ‚
559 810 608 857 (θ’
624 808 927 852 Fabricatorum
953 809 1146 852 ditiorum
1166 815 1429 855 Conventuum
1450 808 1693 866 qualificatcs
1705 839 1720 862 ‚
1743 812 1908 863 tutelis,
1924 814 2028 853 curis
2047 837 2062 861 ,
2094 809 2268 867 aliisque
2294 809 2379 868 offi-¹

333 871 402 915 ciis
432 866 702 928 personalibus
737 877 902 912 onerant
917 898 931 920 ‚
955 878 1145 922 quatenus
1164 879 1241 922 per
1262 869 1479 923 solertiam
1507 898 1523 919 ,
1565 881 1645 924 qua
1672 869 1778 912 dil-‘la
1806 868 1930 926 officia
1956 869 2238 926 administrare
2275 869 2375 913 obli.

325 939 514 987 gantur,
544 927 572 968 d
598 940 694 970 cura
721 925 847 970 vins
872 925 1064 971 dictorum
1088 927 1416 971 Monallcriorum
1445 927 1732 985 abstrahantur
1752 957 1767 980 ,
1794 930 1847 981 ὠ·
1869 926 1992 984 proin
2017 928 2098 971 baec
2126 927 2373 972 differam-2

333 995 498 1033 Patrum
521 986 803 1040 spiritualium
813 982 1009 1043 succursu
1036 986 1231 1043 privata,
1248 986 1397 1042 saepius
1419 986 1474 1028 ad
1501 990 1708 1042 graviores
1732 985 1955 1045 necfftotes
1980 988 2219 1044 redigantur
2244 1015 2257 1028 .
2291 985 2369 1032 Cui

322 1047 559 1105 praejudicio
574 1073 589 1096 ,
616 1055 663 1088 ut
684 1045 946 1100 provideatur
970 1074 986 1096 ,
1010 1045 1197 1101 predicti
1225 1049 1411 1088 Oratores
1435 1045 1544 1088 nobis
1572 1044 1801 1104 demisifflme'
1820 1047 2100 1102 sitppliedrunt
2128 1074 2142 1097 ,
2173 1055 2370 1100 quotenus

329 1108 453 1149 dictos
485 1108 618 1148 Patres
649 1105 913 1160 spirituales,
943 1105 1123 1159 syndicos
1137 1134 1150 1157 ,
1179 1106 1227 1153 θ’
1253 1103 1526 1147 Fabricatores
1563 1103 1676 1148 dittae
1704 1107 1917 1147 Provinciae
1943 1132 1959 1155 ,
1986 1106 2254 1149 Conventuum
2272 1134 2287 1158 ‚
2318 1105 2373 1156 ά»

336 1163 669 1219 Monasteriorum
698 1165 741 1204 in
759 1162 975 1217 praelibata
1002 1167 1041 1205 S.
1073 1164 1257 1207 Ludoviei
1283 1165 1490 1206 Provincia
1514 1163 1760 1221 existentium
1784 1191 1799 1213 ,
1821 1163 1871 1205 ab
1902 1161 2073 1204 omnibus
2112 1161 2243 1218 officiis
2275 1172 2375 1217 per.

315 1224 525 1283 finalibus
551 1223 787 1273 eximamus,
816 1223 865 1271 {5
891 1221 948 1263 ad
970 1221 1070 1265 bunc
1082 1223 1206 1279 finem
1233 1220 1379 1276 nostras
1401 1223 1557 1266 litteras
1580 1222 1632 1264 ad
1649 1223 1695 1264 id
1707 1222 1932 1280 neceffarias
1950 1220 2126 1276 expediri
2140 1219 2377 1278 faciamus.

334 1285 594 1340 Qapropter
618 1284 852 1335 Exponentes
875 1279 1172 1338 favorabiliter
1195 1278 1374 1324 tranare
1393 1309 1406 1332 ,
1437 1283 1560 1341 iisque
1583 1291 1800 1338 opportuna
1817 1281 1942 1323 media
1966 1280 2021 1322 ad
2036 1279 2254 1338 sirvandas
2268 1279 2375 1336 Mis-

320 1343 445 1399 stenes
473 1346 515 1382 in
549 1337 741 1382 Amorum
766 1340 934 1382 locorum
957 1367 972 1390 ,
1003 1340 1052 1388 ὅ
1080 1341 1303 1384 Civitatum
1342 1341 1601 1384 conventibus
1630 1338 1776 1383 ereb‘las
1800 1366 1815 1388 a
1855 1350 2046 1396 quatenus
2083 1339 2227 1382 barum
2263 1337 2380 1380 habi.

329 1410 482 1443 tatores
508 1399 676 1453 exemplo
690 1397 829 1454 probae
853 1399 1010 1440 illorum
1034 1399 1128 1442 vitae
1142 1427 1155 1449 ,
1188 1400 1237 1449 ζῇ·
1261 1398 1472 1443 devotionis
1494 1403 1556 1442 uti
1582 1400 1741 1442 valeant
1764 1425 1778 1450 ,
1799 1399 1981 1454 praebere
2007 1396 2201 1448 volentes,
2229 1405 2373 1439 notum

317 1458 496 1517 facimus
513 1487 528 1508 ,
555 1457 604 1505 ὅ
630 1458 685 1498 od
702 1458 990 1514 requisitionem
1022 1459 1178 1515 Reginae
1202 1456 1404 1514 Regentis,
1445 1458 1598 1516 Nostra
1626 1460 1811 1500 Domina
1842 1458 1894 1506 (θ’
1923 1460 2095 1507 Matris,
2133 1455 2247 1505 &ex
2300 1459 2372 1500 raj-

328 1518 390 1561 tia
416 1515 550 1574 nostra
564 1515 736 1572 speciali
749 1545 764 1568 ,
781 1519 902 1571 plena
932 1516 980 1564 ὁδ’
995 1521 1118 1574 Regia
1140 1519 1409 1570 authoritate,
1432 1528 1509 1574 per
1531 1518 1642 1575 basi-e
1656 1515 1872 1573 praesbntes
1891 1545 1906 1568 ,
1932 1528 2052 1558 manu
2075 1468 2355 1571 ‘nostresgna

326 1586 390 1619 tas
416 1576 577 1618 dicimus
594 1575 642 1622 ἐς
657 1575 924 1626 declaramus,
952 1577 1124 1619 volumus
1137 1604 1151 1625 ·,
1175 1575 1358 1634 nobisque
1376 1577 1510 1633 placet
1526 1605 1541 1628 ,
1563 1585 1610 1619 ut
1633 1573 1820 1631 praediffi
1840 1577 1970 1618 Patres
1987 1572 2258 1629 spirituales,
2284 1575 2378 1624 Syn-

327 1636 433 1686 dici,
462 1635 510 1682 (9⁹
525 1631 802 1677 Fabricatores
814 1634 1102 1689 prodibiorum
1129 1641 1396 1681 conventuum
1415 1639 1584 1679 Patrum
1600 1634 1902 1690 Capacinorum,
1916 1633 1942 1676 d
1963 1631 2168 1675 Provincia
2195 1629 2373 1679 Ordinis,

327 1694 377 1741 15·
412 1698 453 1735 s.
469 1691 654 1735 Ludovici
679 1703 907 1749 nuncupata
943 1693 1236 1749 dependentium
1259 1724 1274 1747 ,
1305 1699 1354 1747 13·
1381 1694 1424 1737 in
1462 1694 1593 1751 nostra
1623 1692 1826 1736 Provincia
1854 1692 2063 1734 Occitaniae
2079 1721 2094 1742 ,
2122 1690 2170 1738 ἐς·
2197 1691 2373 1733 Civitote

327 1751 548 1803 Nemausi‚
578 1753 817 1800 Bellicadri,
837 1756 1046 1803 Aquarum
1066 1764 1338 1804 mortuarum,
1376 1754 1502 1794 Pontis
1528 1757 1569 1794 s.
1586 1753 1760 1803 spiritus
1774 1779 1788 1800 ,
1815 1752 1958 1793 Ucetiae
1975 1775 1990 1798 ,
2009 1779 2011 1781 ·
2027 1748 2169 1804 Alssae
2185 1775 2200 1798 ,
2224 1747 2377 1804 Barja-

324 1811 363 1851 ci
396 1806 478 1854 (qe.
491 1804 603 1860 sicut
627 1805 675 1852 {5
706 1806 749 1846 in
779 1807 1021 1848 Civitatibus
1051 1810 1207 1863 Vapinci
1231 1810 1279 1857 Θ·
1305 1808 1506 1853 Ebreduni
1519 1810 1563 1848 in
1580 1807 1846 1860 Delphinatas
1865 1809 2071 1847 Provincia
2098 1805 2379 1856 exilientium,

326 1863 564 1922 inposterum
591 1872 775 1906 maneant
805 1867 996 1919 exempti,
1007 1865 1120 1922 sieut
1149 1869 1229 1909 Nos
1253 1880 1313 1909 eos
1332 1877 1410 1923 per
1436 1863 1546 1923 basio
1561 1862 1771 1922 praestntes
1792 1863 2001 1907 eximimus
2029 1859 2079 1903 ab
2103 1863 2208 1904 omni
2232 1863 2377 1918 tutela,

325 1938 423 1969 cura
441 1951 456 1974 ,
464 1920 852 1979 sequestrationibus
871 1953 886 1974 ,
903 1923 1135 1978 consulatu,
1163 1925 1332 1983 aliisque
1354 1924 1483 1984 officiis
1503 1921 1778 1980 persbnalibus
1793 1949 1808 1973 ,
1830 1921 2052 1965 inhibentes
2076 1919 2257 1964 omnibus
2280 1918 2382 1965 W—

318 1981 557 2040 gistratibus
571 2009 586 2032 ,
610 1981 822 2033 ‘judicibus
837 1982 1129 2029 &edictorum
1160 1986 1352 2030 locorum,
1382 1997 1429 2025 ne
1451 1984 1539 2024 illos
1563 1983 1646 2023 ullo
1669 1980 1862 2023 ditiorum
1888 1978 2096 2036 officiorum
2109 1979 2379 2035 personalium

313 2041 398 2099 [ἰώ
414 2040 537 2093 poena
560 2039 666 2076 mille
688 2037 915 2082 librarum,
937 2037 1164 2084 nullitatis,
1195 2037 1419 2093 cassationis
1433 2060 1448 2081 s
1479 2037 1533 2084 ὠ·
1559 2038 1731 2077 omnium
1743 2038 2031 2091 expensarum,
2045 2036 2278 2078 damnorum
2295 2037 2380 2084 effe.

323 2105 508 2141 onerent.
540 2095 605 2134 Ita
638 2093 864 2134 mandamus
887 2090 1025 2145 nostris
1051 2091 1246 2142 Ministris
1279 2094 1520 2136 Partamcnti
1549 2092 1728 2148 Tolosani
1745 2121 1759 2144 ,
1788 2091 2005 2150 Aquensis,
2036 2095 2384 2149 Gratianopolita-

322 2159 392 2204 ni,
412 2155 544 2196 Curia·
567 2150 654 2200 &h
684 2153 832 2193 Montt's
852 2148 1041 2207 Pfflani
1060 2180 1075 2204 ,
1094 2149 1337 2203 Provinciae,
1368 2153 1416 2200 &¹
1441 2150 1732 2206 Delphinatus,
1756 2151 1805 2200 δ’
1832 2154 2083 2202 locorum,in
2109 2153 2247 2208 quibus
2272 2163 2380 2209 prce-

324 2213 426 2258 dieti
455 2217 669 2255 Conventus
682 2208 762 2266 siti
787 2213 1070 2264 reperiuntur,
1106 2221 1154 2254 ut
1175 2211 1385 2270 praestntes
1407 2212 1486 2265 legi
1501 2238 1514 2261 ,
1538 2207 1772 2264 publicari,
1797 2211 1846 2259 ὅ
1866 2209 2075 2265 registrari
2089 2238 2104 2261 ,
2132 2225 2178 2254 ac
2207 2212 2378 2254 illarum

327 2283 461 2317 tenore
488 2284 574 2313 cum
601 2271 813 2317 Oratores,
837 2277 922 2310 tum
951 2266 1070 2310 dietas
1098 2273 1231 2312 Patres
1258 2270 1497 2325 spirituales
1518 2297 1531 2320 ,
1562 2268 1762 2322 syndicos‚
1794 2270 1847 2319 (9-
1871 2268 2152 2312 Fabricatores
2177 2268 2373 2314 difies-um

326 2335 600 2374 Conventuum
615 2327 732 2381 pleni
747 2355 759 2377 ,
783 2326 832 2372 δ’
851 2325 1016 2380 pacifici
1029 2326 1129 2383 frui
1145 2329 1336 2385 faciant,
1371 2328 1500 2370 omnia
1523 2327 1798 2383 impedimenta
1823 2331 1867 2371 in
1889 2328 2135 2370 contrarium
2164 2339 2343 2372 arcentes
2359 2358 2372 2372 .

325 2395 394 2434 Ita
422 2391 524 2430 enim
549 2387 601 2429 est
626 2383 757 2437 nostra
784 2385 986 2425 voluntas.
1018 2389 1066 2427 In
1091 2400 1257 2441 quorum
1269 2386 1392 2442 fidem
1419 2387 1591 2444 nostrum
1604 2385 1789 2443 sigillum
1810 2385 1954 2442 apponi
1971 2385 2146 2444 jufflmus
2165 2387 2374 2447 praestntt‘·

324 2449 393 2491 bus
429 2444 532 2490 datis
559 2440 750 2488 Ambiani
781 2442 844 2483 16.
869 2443 1116 2501 ‘Junii—anno
1127 2447 1278 2502 gratia·
1305 2446 1427 2503 1649.
1443 2475 1458 2500 ,
1483 2447 1532 2496 ὅ
1554 2446 1676 2492 noliri
1711 2449 1840 2504 Regni
1845 2445 2022 2503 siptimo
2049 2445 2140 2495 &cz
2204 2495 2215 2506 ..

1799 2575 2157 2644 Ludovicus
2177 2622 2192 2638 .

475 2757 888 2825 Qemadmodurn
909 2772 1062 2810 autem
1090 2762 1285 2813 charitas
1319 2761 1433 2812 dum
1458 2779 1594 2831 opere
1611 2760 1874 2832 perficitur,
1907 2759 2173 2812 fimultanea
2201 2758 2379 2810 afflone

327 2826 506 2901 perficit
524 2831 665 2881 Viros
682 2830 853 2880 virtute
872 2829 1064 2900 infignes
1084 2868 1100 2891 ,
1114 2835 1174 2884 ita
1191 2833 1305 2883 dum
1319 2835 1647 2885 Ludovicaeam
1660 2834 1952 2886 Provinciam
1969 2834 2014 2881 in
2031 2833 2259 2882 charitatis
2277 2848 2386 2900 ope·.

327 2900 448 2951 ribus
478 2902 692 2950 eximiam
709 2899 963 2960 noscimus,
1000 2901 1120 2954 foetu
1136 2922 1316 2972 quoque
1334 2903 1590 2955 Illustrium
1610 2907 1833 2957 Virorum
1852 2902 2078 2953 celebrem
2098 2901 2375 2952 consectariis

327 2970 594 3022 inferimus.
634 2976 739 3023 Hos
764 2970 1034 3042 singillatim
1065 2973 1291 3025 recensere
1322 2976 1432 3024 alias
1457 2979 1555 3037 jam
1584 2977 1719 3025 nimis
1746 2971 1982 3024 extensum
2005 2973 2139 3023 filum
2174 2970 2374 3026 inhibet,

326 3058 408 3090 nec
432 3042 710 3093 lectoriillos
725 3045 769 3093 in
787 3044 913 3094 libris
929 3043 1119 3094 Ordinis
1139 3046 1294 3094 mirari
1321 3045 1565 3096 molestum
1595 3046 1795 3096 accidet:
1824 3062 1992 3113 paucos
2018 3042 2091 3094 hic
2108 3037 2372 3093 memorasse

329 3108 527 3160 sufficiat
547 3147 558 3159 .
596 3115 773 3165 Genuit
792 3115 885 3164 haec
905 3116 1145 3166 Provincia
1160 3117 1300 3167 Viros
1319 3151 1334 3174 ,
1356 3135 1469 3183 quos
1489 3119 1632 3167 virtus
1647 3115 1802 3167 lnfulzi
1821 3116 1984 3185 dignos
2002 3112 2174 3163 effecit:
2195 3111 2370 3159 Genuit

328 3184 405 3230 Fr.
420 3180 739 3232 Cherubinum
762 3183 1073 3236 Arelatensem
1091 3222 1107 3245 ,
1124 3204 1258 3253 quern
1279 3189 1510 3242 Saeculum
1536 3189 1819 3256 Stephanum
1841 3188 1882 3236 le
1898 3187 2099 3252 Maigre,
2125 3198 2183 3229 ex
2201 3178 2374 3229 lllustri

324 3249 534 3319 prosapia
570 3251 626 3300 de
644 3253 918 3303 Boufficaud
936 3259 1182 3316 vocitavit,
1209 3256 1256 3308 ὅ(
1279 3256 1498 3309 Profeffio
1531 3261 1648 3309 inter
1667 3257 1927 3326 Capucinos
1961 3254 2018 3302 ad
2046 3251 2200 3301 munia
2217 3251 2372 3299 Eccle-

324 3320 395 3373 s1ae
412 3322 595 3389 aptavit
608 3357 620 3370 .
661 3322 863 3373 Tranfiit
883 3325 1174 3393 postmodum
1189 3363 1205 3386 ,
1235 3343 1285 3378 ut
1302 3331 1458 3379 Gallia
1491 3328 1747 3379 Christiana
1773 3322 1912 3374 refert
1928 3357 1944 3380 ‚
1971 3322 2028 3371 ad
2044 3325 2152 3371 RR.
2169 3323 2258 3370 ΡΡ.
2279 3321 2372 3369 Mi-

326 3410 459 3441 nores
492 3393 551 3442 de
587 3391 894 3446 Observantia
920 3432 937 3455 ,
962 3396 1279 3465 forsan,quod
1303 3398 1560 3468 scrupulosa
1584 3413 1694 3449 tunc
1723 3394 1915 3448 Ordinis
1942 3390 2079 3443 nostri
2109 3391 2370 3448 humilitas,

325 3466 522 3514 Mittam
539 3461 824 3515 Grassensem
852 3467 908 3516 ab
929 3470 1138 3520 Henrico
1161 3474 1288 3540 Rege
1308 3473 1399 3520 IV.
1425 3468 1504 3538 ipfi
1524 3468 1850 3524 oblatam,cum
1873 3462 1962 3514 suae
1993 3463 2268 3532 paupertatis
2297 3461 2369 3510 ha·

325 3533 424 3584 bitu
458 3533 749 3585 commisceri
766 3541 965 3588 renuerit
985 3577 997 3591 .
1036 3541 1196 3591 Rediit
1225 3556 1377 3590 tamen
1397 3554 1604 3590 mortuus
1620 3537 1676 3588 ad
1695 3554 1797 3594 eOS,
1821 3552 1934 3603 quos
1962 3536 2102 3583 vivus
2138 3530 2335 3582 deseruit
2351 3565 2369 3589 ,

319 3603 432 3653 dum
457 3607 579 3656 inter
611 3610 872 3674 Capucinos
889 3647 904 3668 ,
931 3629 1044 3678 quos
1072 3613 1117 3660 in
1148 3614 1408 3663 Civitatem
1442 3607 1724 3662 Grassensem
1753 3616 1903 3666 1617.
1932 3604 2112 3656 induxit
2129 3639 2145 3662 ‚
2170 3600 2364 3672 sepelliri

322 3689 432 3722 cum
449 3688 609 3727 eorum
633 3677 816 3730 Habitu
836 3683 989 3731 voluit
1007 3719 1018 3731 .
1058 3684 1301 3733 Gloriatur
1332 3681 1379 3733 ὅ(
1399 3682 1569 3750 pariter
1584 3680 1639 3730 de
1657 3685 1728 3730 Fr.
1746 3674 1994 3729 Athanafio
2010 3676 2067 3728 d'c
2088 3672 2335 3742 Mesgriny
2349 3704 2368 3728 ,

318 3748 631 3806 quem-eidem
662 3750 874 3801 Ecclefiae
903 3751 1134 3802 Graffenfi
1168 3757 1406 3821 praelatum
1433 3750 1583 3810 fuiffe,
1611 3749 1744 3818 supra
1760 3748 1872 3800 f01.2
1882 3766 1928 3811 5.
1965 3746 2328 3797 memoravimus
2346 3774 2364 3797 ,

315 3810 365 3863 ὅ(
385 3828 524 3882 quem
550 3833 707 3870 ortum
743 3820 875 3875 suum
895 3824 940 3873 in
956 3825 1163 3893 Civitate
1180 3822 1382 3893 Aquenfi
1402 3821 1615 3875 sortitum
1631 3822 1712 3875 effe
1730 3824 1959 3873 novimus.
1976 3817 2053 3869 Ad
2073 3815 2256 3923 titulun}
2277 3813 2363 3860 Ec-

2219 3896 2240 3923 C
2261 3895 2305 3923 C·
