2592 4094
852 243 926 334 S.
989 245 1519 331 ludovici.
2008 280 2160 366 157

211 387 260 437 in
276 384 358 435 illo
376 382 656 454 peculiariter
672 388 912 437 excelluit.
950 389 1168 438 Dioecefis
1197 389 1246 440 ὅ(
1272 388 1528 438 Dioeceseos
1549 389 1674 439 locus
1694 389 1876 456 reperiri
1903 390 1981 438 vix
2008 392 2070 439 est
2090 428 2105 449 ,
2143 398 2219 460 qui

210 457 374 506 harum
391 455 595 507 frustum
623 456 752 526 grati
767 455 987 506 memoria
1003 474 1092 505 non
1109 459 1400 507 commendet
1415 494 1431 515 ‚
1466 459 1513 509 ὅ(
1531 462 1681 508 zelum
1700 461 1910 509 Fratrum
1929 460 1972 506 in
1991 460 2076 506 hoc
2091 465 2220 511 mira·

214 524 354 576 bilem
367 545 457 578 non
468 528 737 595 depraedicet
760 545 772 574 :
809 527 914 575 hinc
934 540 1092 593 praeter
1108 525 1342 576 Miffiones
1357 562 1372 584 ‚
1409 546 1516 594 quas
1533 531 1737 580 volantes
1754 529 1802 580 8(
1817 530 2070 579 arbitrarias
2090 547 2220 578 voca-

209 612 340 654 mus,
377 599 526 664 plures
553 613 636 665 pro
648 596 878 645 Fratribus
905 595 1153 664 privative,
1180 595 1343 647 statuto
1361 615 1438 664 per
1468 599 1663 648 Codices
1691 613 1894 667 tempore
1919 599 2179 667 peragendae
2204 636 2220 658 ,

209 662 314 715 sunt
328 664 524 718 fundatae
541 701 554 716 .
573 668 749 716 Potitur
766 668 851 715 hoc
870 664 1086 732 spirituali
1101 667 1350 715 commodo
1372 670 1627 735 Anger-ium
1641 670 1844 735 quolibet
1857 668 2094 717 decennio:
2114 685 2222 735 quo-

208 733 320 785 libet
338 733 567 804 septennio
584 752 643 786 ex
660 735 921 785 fundatione
939 738 1146 785 Dominae
1161 737 1380 802 Chaudry
1394 769 1409 794 ,
1445 736 1493 786 6<
1511 737 1734 786 Ludovici
1754 738 1947 788 Boardin
1973 737 2070 788 duae
2088 741 2223 788 Paro-

209 805 518 865 chiae,1nsula
543 803 592 858 &
614 807 815 856 Ferriere
831 841 846 863 ‚
881 808 1144 855 Conventui
1171 807 1380 854 Marticae
1410 803 1605 853 confines
1633 825 1645 853 ε
1685 809 2092 873 Carpentorat‘lum
2127 810 2224 874 pari

211 879 428 944 temporis
444 875 587 943 spatio
605 910 623 933 ,
659 893 712 924 ex
728 879 778 925 P.
788 877 1026 926 Honorati
1046 873 1335 924 Cannetenfis
1351 910 1365 932 ,
1393 872 1508 923 infra
1524 877 1807 924 memorandi
1824 878 1980 944 opera:
2018 877 2224 945 quolibet

206 946 512 1012 quinquennio
539 946 668 994 locus
698 943 752 992 de
772 943 986 992 Bourbon
1002 978 1020 1002 ,
1054 944 1141 992 una‘i
1169 944 1296 993 leuca
1323 945 1349 992 a
1378 943 1618 993 Taracenfi
1650 949 1861 994 Fratrum
1883 951 2128 997 Conventu
2157 946 2220 996 di.

202 1012 351 1064 stans:
388 1014 499 1062 Loci
528 1029 707 1079 quoque
729 1016 821 1062 Des
844 1016 972 1062 Baux
988 1047 1005 1071 ,
1042 1011 1096 1062 de
1115 1016 1325 1063 Mouriez
1343 1049 1357 1072 ‚
1390 1031 1441 1061 ac
1467 1014 1618 1063 Sancii
1639 1016 1826 1064 Martini
1856 1015 1999 1066 tribus
2031 1017 2168 1065 leucis
2193 1018 2221 1064 a

207 1081 333 1132 disto
369 1085 617 1133 Conventa
646 1080 783 1132 diffiti
801 1117 813 1130 .
851 1083 1078 1133 Fundavit
1103 1085 1237 1132 aliam
1278 1089 1339 1133 D.
1375 1085 1642 1134 Vincentius
1672 1083 1914 1136 Penaffiere
1948 1087 1991 1133 in
2023 1103 2223 1136 novem.»

198 1149 296 1203 >loci
308 1150 364 1201 de
379 1154 553 1217 Meyne
567 1151 725 1202 vicinis
738 1152 867 1211 locis,
879 1154 1109 1203 annuatim
1125 1171 1203 1221 per
1227 1173 1245 1202 1
1258 1170 1302 1216 5.
1317 1151 1409 1202 dies
1427 1154 2055 1223 peragendam,emolumento
2077 1175 2096 1204 1
2108 1174 2131 1217 3
2142 1174 2223 1205 00.

202 1221 426 1272 librarum
448 1220 506 1270 ad
522 1222 642 1273 illius
668 1219 874 1291 sumptus
902 1223 1091 1273 relic'to:
1131 1223 1370 1274 Bellicadri
1398 1226 1537 1273 aliam
1573 1224 1772 1290 quolibet
1803 1225 2042 1283 octennio,
2075 1243 2223 1275 annuo

205 1307 358 1339 2000.
380 1290 600 1342 librarum
630 1290 763 1342 censu
791 1292 1021 1343 ordinavit
1050 1298 1111 1343 D.
1141 1296 1337 1344 Carolus
1364 1295 1613 1343 Blanehero
1639 1328 1655 1351 ,
1692 1296 1788 1342 aliis
1812 1312 1957 1344 1000.
1976 1294 2101 1342 libris
2126 1297 2226 1343 Ho-

201 1357 350 1427 spirali
363 1360 534 1411 ibidem
557 1379 641 1430 pro
670 1360 791 1412 fideli
811 1361 994 1412 summae
1011 1365 1215 1432 capitalis
1239 1381 1346 1413 cura
1368 1366 1552 1432 legatis.
1585 1366 1641 1412 In
1676 1361 1770 1431 ipso
1791 1362 2027 1411 Bellicadri
2051 1361 2223 1429 oppido

199 1430 407 1496 quolibet
423 1430 639 1481 decennio
656 1431 870 1483 indicitur
899 1432 1046 1483 miffio
1083 1451 1162 1502 per
1187 1433 1386 1484 mensem
1413 1434 1658 1492 duratura,
1695 1432 1745 1484 ὅς
1773 1434 1859 1482 alia
1877 1433 1922 1481 in
1941 1433 2090 1482 vicino
2118 1433 2224 1481 loco

199 1499 512 1569 Valabregues
530 1501 584 1551 ad
614 1523 631 1551 1
643 1520 688 1565 5.
704 1503 799 1552 dies
813 1502 993 1552 extensa
1006 1539 1024 1563 ,
1059 1506 1132 1554 cui
1148 1507 1325 1572 utrique
1341 1504 1573 1555 redditum
1591 1524 1709 1566 300.
1724 1502 2226 1560 librarum,R.D.Hen-

198 1569 315 1619 ticus
334 1573 499 1621 Patron
516 1570 758 1641 affignavit
776 1608 791 1637 ‚
824 1571 874 1624 δι
894 1575 1095 1623 Domina
1119 1577 1328 1645 Longrez
1356 1592 1474 1624 anno
1506 1594 1524 1624 ι
1537 1595 1564 1635 7
1578 1593 1652 1638 15.
1671 1571 1834 1641 infigni
1866 1571 2069 1640 stipendii
2098 1571 2225 1620 addi·

197 1639 322 1688 tione
335 1639 576 1691 consuluit.
598 1643 790 1693 Brinolii
801 1647 982 1698 Fratres
1000 1644 1205 1711 quolibet
1215 1646 1522 1713 quinquennio
1536 1660 1703 1694 exeunt
1731 1644 1788 1692 ad
1807 1641 1926 1690 idem
1943 1639 2092 1690 salutis
2108 1657 2222 1705 opus

195 1709 245 1757 in
263 1709 366 1780 loco
382 1709 692 1762 Montisfortis
708 1748 723 1770 ,
760 1713 785 1761 a
802 1715 1005 1763 Domino
1026 1717 1234 1764 Antonio
1255 1719 1532 1784 Revertegat
1549 1733 1669 1778 400.
1683 1713 1852 1765 librum
1868 1724 2098 1779 proventu
2128 1708 2223 1758 fun-

197 1776 358 1827 datum
377 1815 390 1827 .
426 1779 653 1844 Qolibet
670 1783 837 1846 pariter
858 1783 1161 1847 quinquennio
1178 1783 1324 1831 miffio
1342 1786 1386 1830 in
1411 1787 1514 1830 loco
1530 1786 1759 1850 Cotignac
1773 1816 1789 1837 ,
1802 1781 1850 1829 ὃς
1864 1782 1950 1826 alia
1967 1781 2098 1826 Bellae
2114 1794 2224 1843 quo-

197 1843 310 1894 libet
322 1847 616 1914 quadriennio
646 1847 904 1915 publicatur
923 1883 939 1905 ,
961 1865 1152 1914 quarum
1172 1850 1327 1916 primae
1347 1849 1372 1896 a
1392 1853 1592 1898 Domino
1623 1851 1761 1899 Romi
1792 1845 1992 1896 frustum
2016 1854 2137 1895 600.
2171 1847 2221 1894 li·

196 1914 381 1965 burum
396 1951 412 1973 ,
448 1917 577 1965 alteri
597 1930 751 1966 autem
767 1934 887 1979 400.
908 1919 1126 1966 librarum
1154 1918 1180 1966 a
1200 1921 1401 1968 Domino
1419 1917 1559 1968 Boifis
1578 1919 1710 1986 pendi
1728 1913 1992 1984 dispositum
2016 1914 2077 1964 est
2093 1952 2104 1964 .
2131 1920 2219 1965 Re-

193 2000 276 2051 ges
291 1984 371 2050 ipfi
384 1984 747 2034 Christianiffimi
773 1985 998 2032 mirabiles
1015 1985 1286 2035 Miffionum
1314 1985 1530 2035 successus
1556 1987 1873 2052 agnoscentes,
1910 2003 1981 2033 eas
2011 1986 2216 2050 pluribus

192 2054 243 2100 in
272 2052 386 2099 locis
417 2049 619 2106 institui,
657 2049 706 2099 <Sc
733 2052 884 2115 ampla
915 2049 1025 2113 stipe
1062 2048 1296 2097 confoveri
1325 2049 1582 2109 jusserunt:
1620 2066 1761 2118 utque
1797 2051 2091 2116 Apostolicus
2120 2058 2225 2101 Fra:

191 2134 316 2170 trum
341 2118 487 2177 labor,
504 2119 660 2186 Regiae
677 2116 995 2166 benevolentiae
1018 2118 1260 2184 praemium
1278 2153 1294 2175 ,
1313 2115 1361 2167 <Sc
1385 2118 1547 2186 pignus
1568 2122 1785 2187 reciperet
1799 2154 1814 2177 ‚
1848 2136 1937 2167 non
1957 2117 2102 2169 solum
2127 2122 2224 2188 plu-j

190 2206 263 2240 res
279 2192 458 2239 Domos
475 2187 707 2246 construi,
745 2185 822 2236 sed
839 2188 977 2236 etiarn
1006 2186 1112 2236 alibi
1133 2201 1304 2255 coeptas
1334 2183 1523 2237 fabricas
1540 2224 1556 2246 ‚
1574 2188 1653 2239 suo
1667 2206 1853 2239 munere
1880 2206 1959 2239 aut
1980 2189 2220 2249 facilitati,

189 2272 272 2310 aut
285 2259 418 2308 citius
454 2258 689 2309 terminari
707 2255 896 2307 voluere
913 2291 926 2305 .
965 2257 1207 2307 Bellicadri
1237 2255 1404 2325 lapides
1432 2257 1580 2321 Castrj
1607 2260 1779 2309 ibidem
1814 2257 1990 2309 fabricae
2016 2258 2223 2310 Ecclefiae

190 2329 407 2396 applicari
430 2363 447 2386 ,
479 2325 528 2378 δι
546 2328 748 2378 vicinum
762 2329 1027 2378 Conventui
1042 2324 1179 2378 fitum
1197 2327 1325 2389 hujus
1343 2326 1556 2376 clausurae
1573 2329 1743 2378 includi
1763 2363 1779 2385 ,
1799 2327 1847 2379 ὅ(
1867 2332 2015 2387 uniri,
2046 2328 2159 2378 ficut
2172 2328 2223 2380 ὅς

193 2397 429 2449 Ebreduni
459 2399 619 2448 locum
648 2398 875 2448 Fortalitii
893 2431 909 2455 ‚
941 2399 986 2446 in
1017 2400 1224 2447 Domum
1249 2394 1447 2445 nostram
1470 2399 1676 2445 converti
1707 2395 2007 2444 mandarunt.
2049 2397 2217 2446 Alefiae

190 2469 365 2538 paritet
396 2503 413 2526 ‚
456 2465 571 2518 ficut
605 2466 654 2519 δε
686 2466 792 2518 alibi
823 2468 1047 2517 caementis
1090 2468 1202 2536 regii
1225 2467 1344 2528 juris
1373 2462 1563 2514 fabricas
1590 2465 1847 2514 coadiuvari
1881 2463 1930 2515 ὃ(
1961 2464 2066 2514 alibi
2099 2464 2216 2533 ipsas

191 2540 364 2607 Regias
384 2542 581 2597 Domos,
598 2537 912 2590 Conventibus
934 2536 1093 2587 nostris
1111 2536 1437 2591 conterminam
1471 2534 1632 2583 harum
1662 2531 1916 2583 commodo
1943 2537 2084 2600 aptari
2115 2533 2210 2596 jus-

187 2606 372 2658 serunt.
396 2609 550 2659 Variis
584 2606 764 2676 insuper
790 2607 1040 2675 privilegiis
1064 2605 1111 2656 &
1128 2606 1284 2672 gratiis
1312 2602 1530 2652 hincinde
1554 2607 1730 2653 Fratres
1756 2600 2048 2651 cumularunt
2065 2638 2076 2649 .
2118 2606 2216 2660 Bel-j

187 2676 350 2728 licadri
377 2678 404 2726 ὲ
419 2676 632 2727 molestiis
649 2713 665 2736 ,
692 2695 801 2744 quas
818 2673 972 2726 cursus
991 2674 1038 2725 ὅτ
1055 2676 1242 2743 agitatio
1257 2675 1521 2723 Taurorum
1540 2675 1586 2721 in
1610 2675 1755 2739 platea
1772 2669 1978 2723 Ecclefiae
1999 2672 2050 2719 iis
2070 2672 2214 2739 ingess

188 2744 250 2797 fit
267 2781 283 2805 ,
317 2763 395 2796 eos
412 2746 687 2796 liberarunt:
717 2750 762 2795 in
787 2763 894 2794 cura
912 2746 1133 2793 Fortalitii
1150 2743 1386 2793 Sisteronis
1400 2742 1503 2791 illos
1529 2744 1744 2792 omnibus
1771 2744 1868 2791 aliis
1888 2743 2208 2807 praetulerunt:

189 2814 445 2867 &illorum
465 2813 708 2880 syndicos,
745 2828 794 2863 ut
818 2813 1028 2862 liberiore
1055 2813 1200 2864 studio
1221 2818 1553 2863 Conventuum
1587 2812 1842 2861 commodis
1871 2812 2108 2878 invigilare
2135 2828 2207 2869 va:

188 2886 332 2935 lerent
345 2919 363 2944 ,
399 2883 455 2933 ab
470 2887 598 2934 omni
612 2882 873 2934 officiorum
888 2899 1041 2941 onere,
1058 2881 1255 2951 sequenti
1275 2895 1538 2933 exemerunt
1558 2884 1846 2949 Diplomate:

309 3041 670 3107 Ludovicus
703 3087 719 3113 ,
761 3038 880 3103 Dei
920 3041 1109 3129 gratia
1144 3089 1160 3115 ‚
1198 3040 1460 3104 Franciae
1503 3040 1560 3102 8<
1597 3037 1880 3100 Navarrae
1922 3036 2085 3107 Rex,

603 3131 888 3198 omnibus
938 3130 1255 3221 praesentes
1296 3132 1518 3194 litteras
1560 3129 1796 3193 lcfiuris

1003 3222 1249 3289 salutem
1296 3225 1401 3287 &a

320 3402 469 3444 Ditem
508 3400 625 3443 Nobis
653 3429 668 3452 ,
701 3401 950 3443 provincialis
988 3400 1040 3449 ἀι
1069 3399 1290 3442 Guardt'ani
1319 3395 1598 3452 capuanorum
1610 3424 1626 3445 ,
1667 3394 1873 3437 Provincia·
1909 3395 2002 3436 dim
2037 3392 2192 3435 Ordinis

194 3460 236 3500 s.
257 3458 438 3503 Ludovici
460 3468 718 3514 nuncupatae,
748 3462 775 3500 d
796 3473 873 3514 qua
900 3463 1028 3499 omnia
1056 3458 1291 3500 Monaaeria
1316 3456 1624 3511 Capacinorum,
1652 3455 1693 3494 t'n
1728 3453 1926 3494 Provincia
1957 3451 2161 3493 Provinciae
2176 3476 2190 3498 ,

181 3514 292 3572 ficut
313 3515 362 3562 δ’
384 3515 589 3574 Nmaust,
616 3518 831 3560 Bellicadri
845 3545 858 3566 ‚
886 3521 1092 3570 Aquarum
1115 3524 1386 3564 mortuarum,
1422 3514 1546 3556 Pontis
1572 3515 1611 3552 s.
1628 3513 1825 3564 spiritds,
1847 3510 2010 3573 Uceti5c2
2039 3505 2191 3574 Alesios,

192 3573 382 3631 Barjaci‚
411 3574 568 3629 s‘nstmul
598 3588 684 3616 cum
717 3578 765 3617 iis
784 3575 999 3618 civitatum
1034 3576 1210 3628 Vopinci,
1240 3573 1288 3619 δ’
1313 3572 1502 3614 ebreduni
1531 3573 1572 3610 in
1598 3570 1796 3610 Provincia
1823 3566 2082 3628 Delphtnateis
2105 3578 2189 3629 fm-

184 3633 364 3690 stema,
397 3631 633 3686 dependent,
659 3631 775 3674 Nobis
799 3631 1001 3676 humiliter
1027 3634 1160 3685 exponi
1174 3629 1386 3689 fecerunt,
1419 3629 1522 3684 quod
1545 3631 1731 3670 Civitates
1761 3628 1814 3675 ὠν
1834 3627 1939 3673 loca,
1969 3635 2012 3663 m
2045 3623 2183 3675 qarbu:

191 3690 297 3733 dt'Ha
323 3688 564 3746 Mouasteria
587 3691 614 3731 a*
643 3688 845 3733 Provincia
868 3694 911 3731 S.
929 3688 1112 3732 Ludovici
1140 3689 1410 3743 dependentia,
1424 3687 1509 3740 sita
1524 3686 1653 3743 stant,
1683 3687 1708 3725 a*
1726 3687 2018 3747 potiore-porte
2051 3682 2190 3723 Incolis

183 3747 421 3808 profefflonis
449 3747 685 3803 Religionis,
702 3761 819 3802 quam
841 3747 1109 3805 Rcflrmatam
1126 3746 1401 3802 pra-tendunt,
1433 3745 1625 3785 abundent
1640 3772 1654 3791 ,
1685 3753 1753 3794 qut
1775 3741 1814 3781 eo
1836 3750 1960 3781 mmm
1987 3738 2108 3782 bone.
2121 3751 2199 3782 voa

189 3809 356 3852 qutatIs
383 3819 476 3863 erga
493 3804 731 3862 Oratoresst
754 3804 931 3849 exhibent
944 3832 957 3855 ³
989 3820 1073 3849 cum
1099 3819 1154 3847 cos
1186 3809 1226 3847 in
1235 3805 1406 3861 firvt‘tio
1437 3805 1512 3846 Det·
1526 3829 1539 3851 2
1560 3803 1606 3849 θ’
1619 3798 1797 3841 exercitio
1812 3795 2018 3853 Religionis
2046 3796 2190 3854 eidem,

2023 3867 2135 3908 quom
