2592 4094
954 218 1556 338 Jnsutensts.

259 357 561 410 admistionem,
587 361 628 402 δε
651 359 827 417 aliquem
854 360 919 406 sua
950 364 1228 408 auctoritate.)

259 417 463 473 designet,
488 420 556 475 qui
585 421 664 461 erit
690 434 736 462 ex
765 420 833 462 suo
853 419 1072 478 collegio,
1088 420 1151 461 vel
1175 435 1223 463 ex

253 475 380 519 Clero
394 504 409 526 ,
424 488 467 519 ut
482 478 627 519 dictam
640 477 816 533 puellam
830 480 989 521 vestiat.

370 536 448 577 Die
467 535 681 578 vestitionis
704 534 870 592 alicujus
889 534 1086 583 Novitiae,
1112 543 1226 577 ante-

255 605 374 648 quam
402 592 471 634 illa
497 593 691 636 Habitum
725 593 920 648 recipiat,
948 603 1041 635 ante
1062 593 1226 635 omnia,

252 649 417 706 publice
446 649 723 706 proseffionem
746 650 858 693 Fidei
875 650 1115 702 ,secundum
1141 647 1227 692 for-

251 720 356 751 mam
372 711 481 751 Sacri
506 709 682 753 Concilii
704 709 933 752 Tridentini
953 709 1096 760 faciat3
1129 717 1221 749 tunc

249 764 441 807 invocata
467 765 634 824 Spiritus
658 768 785 810 Sanffi
808 768 934 824 gratia
956 796 971 820 ,
997 768 1034 808 &
1055 764 1222 808 Habitus

249 824 536 868 benedictione
546 824 706 880 peracta
719 853 734 876 ‚
750 839 820 881 per
847 826 1107 868 Ordinarium
1124 852 1138 875 ,
1150 833 1220 866 aut

257 882 831 938 Deputatum,Superioriffi,
859 884 926 925 ubi
947 897 1034 924 eam
1062 881 1222 925 munda·-

250 939 314 983 nis
332 940 501 982 vestibus
523 941 678 982 exuerit
702 967 717 990 ,
740 939 851 981 dabit
882 940 940 981 illi
956 953 1110 993 pannos
1125 954 1220 995 pro-

255 997 455 1044 bationis,
481 996 633 1039 {cilicet
658 995 752 1038 duas
783 997 984 1047 Tunicas,
1007 999 1046 1039 δι
1072 1012 1217 1040 unam„

253 1054 439 1096 Cordam
453 1077 467 1100 ‚
482 1051 558 1109 qua
571 1053 613 1096 se
636 1053 797 1108 cingat,
812 1068 901 1096 cum
927 1055 1036 1097 Velo
1055 1055 1164 1105 albo,
1185 1056 1222 1096 &

250 1111 335 1154 haec
347 1110 480 1153 omnia
498 1109 763 1154 conformiter
775 1113 1050 1156 coeremoniali
1075 1113 1223 1155 nostro.

366 1169 532 1212 Novitia
543 1198 557 1222 ‚
569 1178 724 1214 mutato
739 1170 1082 1223 Habitu2mutabit
1105 1172 1143 1213 &
1156 1184 1228 1214 no·

254 1240 347 1268 men
360 1257 376 1278 ,
391 1240 611 1281 cognomen
626 1237 761 1270 autem
776 1230 938 1271 omnino
951 1229 1158 1284 deponet,
1182 1230 1220 1271 in

251 1283 400 1340 fignum
414 1284 592 1342 perfeCiae
615 1284 826 1330 oblivionis
854 1286 971 1343 hujus
995 1288 1163 1330 mundi.
1229 1337 1232 1339 ,

363 1343 631 1399 Superioriffae
641 1345 823 1401 expresse
836 1346 1077 1401 prohibetur
1089 1373 1103 1396 ,
1116 1360 1164 1387 ne
1179 1346 1219 1387 in

251 1399 485 1453 vestitione,
507 1413 573 1445 aut
588 1401 825 1458 profeffione
839 1410 1059 1455 Sororum,
1088 1403 1217 1446 ullum

250 1457 412 1515 epulum
429 1458 514 1502 fieri
539 1461 728 1512 mandet,
743 1463 823 1504 imo
838 1476 912 1505 nec
938 1460 1022 1505 fieri
1046 1462 1215 1516 permit-

247 1525 310 1560 tat
334 1530 405 1572 per
422 1520 613 1562 Parentes
640 1518 860 1575 sumptibus
883 1520 1142 1563 Novitiarum
1156 1550 1171 1570 ,
1189 1518 1213 1560 fi

249 1575 335 1618 fieri
351 1573 466 1629 poffit
478 1605 495 1627 ,
511 1586 554 1618 ut
569 1574 778 1632 perfectius
792 1577 954 1620 libertas
969 1592 1107 1620 earum
1122 1590 1218 1620 con-

249 1636 430 1678 servetur
441 1660 455 1683 ‚
468 1645 513 1677 ut
528 1645 714 1678 currente
728 1648 833 1677 anno
847 1636 1093 1691 probationis
1109 1650 1222 1692 egre-

248 1692 290 1734 di
303 1691 382 1733 illis
399 1691 519 1734 liceat
532 1722 547 1743 ,
563 1708 637 1737 nec
653 1692 754 1736 tales
780 1693 956 1750 expensae
980 1693 1220 1739 remanendi

249 1749 404 1792 causam
426 1751 483 1792 eis
502 1753 726 1805 praebeant.

379 1807 546 1862 Insuper
578 1810 818 1863 prohibetur
852 1811 904 1853 ad
945 1809 1222 1854 conservatio-

247 1881 337 1909 nem
367 1865 500 1907 fimilis
528 1866 728 1910 libertatis
745 1893 760 1916 ‚
784 1880 835 1907 ne
853 1868 894 1908 in
919 1868 1132 1910 vestitione
1156 1880 1223 1908 ca-

247 1925 335 1980 pilli
351 1922 658 1974 abscindantur,
685 1922 751 1967 sed
777 1924 881 1967 bene
909 1926 948 1968 in
966 1925 1225 1980 professione,

244 1996 322 2027 nec
347 1981 429 2023 ulla
455 1982 753 2035 proceffionalis
781 1995 924 2036 pompa
955 1983 1003 2025 ad
1034 1997 1224 2025 morem-a

251 2037 430 2095 Sponsae,
443 2051 516 2091 per
532 2039 690 2093 plateas
717 2038 945 2080 instituatur
976 2040 1014 2079 in
1029 2054 1222 2092 poenam,

246 2094 480 2139 dimiffionis
506 2095 527 2135 a
555 2093 823 2148 profeffione,
843 2107 962 2147 quam
992 2094 1062 2135 illa
1089 2097 1226 2135 incur-

246 2163 335 2202 rat,
358 2165 442 2208 quae
462 2151 500 2192 in
527 2150 696 2206 ingreffu
717 2148 786 2192 suo
811 2152 934 2194 talem
951 2164 1139 2207 pompam
1157 2149 1222 2190 ad.

249 2210 420 2254 miserit:
443 2209 551 2264 quod
575 2211 697 2252 etiam
726 2202 795 2251 suo
816 2219 1001 2264 tempore
1035 2210 1221 2255 Novitia-

246 2283 336 2314 rum
370 2268 601 2310 libertatem
631 2267 825 2320 impedire
862 2266 986 2322 posset
1012 2295 1027 2318 ‚
1057 2269 1081 2309 fi
1113 2268 1149 2309 se
1172 2264 1223 2306 ad

249 2324 473 2385 hujusmodi
509 2323 721 2380 Religiosae
758 2325 845 2366 vitat
883 2337 1064 2366 normam
1098 2325 1225 2366 minus

248 2387 414 2429 idoneas
442 2384 750 2438 experirentur,
779 2381 888 2436 quod
915 2392 1048 2424 tamen
1064 2390 1228 2437 propter

250 2443 472 2498 respectum
505 2443 721 2482 humanum
750 2439 1063 2483 diffimularent-
1088 2443 1228 2497 Qan—

254 2504 340 2545 tum
361 2499 409 2543 ad
437 2499 716 2554 probationem
734 2498 987 2541 Novitiarum
1004 2525 1019 2547 ,
1038 2496 1228 2553 Superio-

254 2558 348 2603 riffa
363 2557 546 2605 curabit,
563 2564 608 2599 ut
632 2559 685 2599 de
699 2557 882 2599 omnibus
905 2559 1025 2600 rebus
1051 2567 1229 2598 commo-

251 2618 313 2660 dis
333 2646 348 2668 ,
364 2618 403 2657 &
417 2616 464 2657 ad
481 2615 662 2670 spiritum
677 2615 828 2658 idoneis
846 2614 923 2657 illis
951 2614 1226 2670 provideatur;

246 2678 289 2718 δι
316 2673 474 2730 insuper
498 2673 713 2724 Praefesta,
729 2671 792 2714 seu
824 2676 955 2715 Mater
981 2672 1110 2727 postea
1143 2667 1228 2712 affi-

248 2743 413 2791 gnetur,
429 2746 512 2787 quae
539 2732 691 2774 virtute
706 2758 719 2779 ,
733 2732 773 2771 &
786 2731 997 2785 prudentia
1012 2731 1116 2771 inter
1132 2727 1226 2770 alias

250 2790 427 2834 excellet
442 2803 552 2844 ‚quae
567 2788 654 2830 illas
667 2787 829 2830 instruat
844 2817 858 2836 ,
872 2802 950 2829 non
966 2790 1120 2831 tantum
1154 2785 1224 2827 im,

249 2848 523 2897 coeremoniis,
536 2848 575 2887 &
589 2847 706 2888 rebus
725 2845 1006 2894 exterioribus,
1021 2843 1085 2885 sed
1103 2844 1224 2886 etiam

251 2910 288 2948 &
311 2904 482 2947 maxime
496 2904 660 2945 internis
675 2905 738 2955 ,δι
753 2903 1016 2960 spiritualibus
1039 2901 1087 2944 ad
1104 2903 1224 2944 Chri-

253 2964 298 3006 sti
313 2961 509 3006 Crucifixi
533 2961 797 3004 imitationem
812 2961 1033 3004 neceffariis
1046 2990 1058 3001 .

369 3019 563 3065 Similiter
590 3033 730 3062 omnes
755 3021 840 3063 aliae
855 3023 1025 3063 Sorores
1051 3015 1228 3075 prosess‘ae

254 3081 408 3124 dabunt
439 3092 627 3134 operam,
655 3089 698 3121 ut
724 3078 773 3120 ad
797 3080 991 3122 virtutum
1019 3076 1227 3132 perfeetio-

259 3151 354 3183 nem
379 3138 418 3179 in
434 3137 617 3179 omnibus
633 3134 707 3179 suis
722 3138 909 3192 operibus
924 3164 936 3187 ‚
957 3138 996 3178 δι
1017 3135 1228 3179 eonversa-

255 3198 382 3249 tione,
398 3195 573 3238 Novitiis
589 3196 772 3251 exemplo
785 3195 1022 3250 praeluceant
1039 3221 1050 3233 .

367 3256 415 3295 In
433 3253 542 3297 omni
559 3254 788 3296 austeritate
802 3282 816 3304 ‚
831 3255 867 3294 &
884 3252 1231 3295 mortificatione-,2

256 3310 440 3367 religiosa
456 3311 535 3354 fine
549 3310 633 3355 ulla
654 3311 961 3353 diffimulatione
977 3339 990 3362 ‚
1011 3320 1078 3353 aut
1095 3310 1228 3366 perso-

258 3381 398 3411 narum
422 3371 665 3425 exceptione
681 3379 943 3412 exerceantur
958 3396 972 3418 ‚
987 3380 1028 3411 ut
1042 3397 1056 3419 2
1073 3371 1098 3410 sl
1122 3367 1228 3411 forte

260 3426 396 3481 aliqua
411 3428 643 3481 agnosceret
659 3431 694 3470 se
718 3442 799 3471 non
824 3426 898 3470 effe
912 3437 1088 3484 paratam
1114 3426 1163 3467 ad
1179 3423 1233 3466 se·-

263 3481 471 3539 quendum
508 3483 700 3540 Sponsum
723 3485 928 3529 coelestem
951 3484 1082 3541 Jesum
1111 3484 1232 3526 Chri-

261 3543 390 3592 stum,
417 3555 487 3597 per
507 3542 608 3584 hanc
639 3541 871 3585 strictiorem
897 3544 1072 3591 semitam
1100 3541 1235 3583 nostrae

267 3599 587 3651 humiliationis,
600 3601 640 3641 δε
654 3599 970 3644 mortificationis
987 3629 1001 3651 a
1026 3600 1231 3654 velletque

262 3657 397 3702 redire
410 3658 461 3700 ad
476 3657 670 3706 saeculum,
685 3658 814 3700 libere
827 3660 938 3701 abire
961 3660 1234 3715 permittatur,

263 3718 291 3762 fi
317 3716 426 3772 prius
454 3717 622 3758 Sorores
648 3729 785 3758 omnes
800 3744 815 3767 ‚
842 3730 981 3772 preces
999 3745 1011 3768 ‚
1029 3719 1067 3758 &
1084 3717 1234 3758 oratio·

262 3788 332 3833 nes
355 3772 406 3817 ad
421 3778 553 3818 Deum
568 3800 582 3824 2
596 3787 668 3832 pro
682 3773 760 3829 ipsa
774 3787 821 3817 ex
835 3775 1030 3818 charitate
1041 3772 1232 3817 fuderint.

2023 261 2188 343 ι47

1400 368 1453 408 Et
1469 395 1483 415 ,
1500 373 1543 406 ut
1558 361 1719 406 libertas
1734 362 1801 406 ista
1815 361 2027 420 perfectius
2039 371 2249 412 conserve.

1287 434 1353 467 tur
1367 453 1382 476 ‚
1398 423 1523 478 spatio
1535 423 1704 464 duorum
1722 423 1959 465 ultimorum
1981 424 2164 466 menfium
2179 440 2249 467 an·
2278 431 2279 434 ’

1287 485 1326 524 ni
1354 481 1625 536 probationis,
1651 482 1825 524 Novitiae
1850 489 2039 535 poterunt
2053 480 2248 528 secundo,

1285 548 1355 580 aut
1381 539 1507 580 tertio
1537 537 1622 579 solae
1651 554 1741 580 cum
1770 539 2027 594 parentibus,
2051 538 2088 578 &
2117 538 2250 578 amicis

1287 610 1403 652 agere
1419 595 1574 647 ‚erinis
1595 597 1839 640 voluntatem
1853 626 1867 648 ,
1897 597 1936 637 &
1953 595 2251 637 intentionem..

1287 655 1392 698 suam
1411 654 1534 710 libere
1549 654 1757 697 declarare
1772 685 1787 707 ,
1810 668 2004 709 nunquam
2031 663 2164 694 tamen
2181 665 2252 692 an-

1284 723 1326 756 te
1342 715 1442 756 duos
1458 712 1606 753 menses
1626 713 1785 754 ultimos
1801 743 1815 763 ,
1838 713 1928 754 solae
1942 720 2131 766 poterunt
2156 722 2249 751 cum

1284 771 1374 813 ullis
1403 783 1549 824 agere,
1575 769 1644 810 nisi
1672 768 1831 813 fortasse
1849 780 2014 825 propter
2029 767 2250 811 rationabi-

1286 829 1368 871 lem
1381 824 1554 877 causam‚
1567 826 1686 868 aliter
1707 830 1896 883 expedire
1908 828 2110 870 interdum
2123 829 2253 880 Supe7

1283 883 1439 928 riorilsae
1456 884 1640 926 videatur
1658 913 1670 925 .

1396 943 1436 984 Si
1463 951 1628 997 propter
1643 941 1910 986 infirmitatem
1924 973 1939 996 ‚
1960 953 2026 987 aut
2042 942 2226 985 morbum
2238 969 2253 992 ,

1285 1002 1417 1055 aliqua
1457 999 1505 1041 ad
1532 999 1785 1054 Religionem
1819 1002 1982 1056 incapax
2021 1001 2253 1056 judicetur,

1284 1073 1375 1102 cum
1389 1056 1589 1100 charitate
1613 1059 1840 1101 dimittatur
1853 1070 1946 1102 ante
1961 1058 2252 1115 profeffionem‚

1286 1117 1428 1159 habito
1443 1115 1551 1171 prius
1567 1115 1681 1170 super
1696 1118 1769 1158 hoc
1790 1117 1968 1169 Medici,
1990 1118 2028 1157 &
2043 1117 2251 1159 aliorum-³

1288 1174 1543 1230 prudentium
1566 1176 1754 1225 confilio,
1771 1190 1868 1230 quos
1896 1171 2185 1231 Superioriffa,
2217 1174 2258 1224 ὃς

1288 1234 1478 1276 Discretae
1490 1230 1757 1275 consulendos
1786 1232 1861 1275 effe
1878 1233 2110 1288 judicabunt
2124 1261 2136 1273 .

1396 1295 1581 1334 Durante
1605 1303 1711 1332 anno
1738 1291 2008 1345 probationis,
2036 1290 2156 1332 nullae
2178 1291 2253 1330 So-

1279 1364 1394 1393 rores
1424 1357 1622 1404 poterunt
1649 1350 1800 1390 habere
1841 1347 2015 1403 prolixos
2053 1347 2253 1388 sermones

1277 1423 1371 1451 cum
1387 1407 1580 1458 Novitiis,
1597 1405 1766 1461 excepta
1781 1403 2037 1461 Superioriffa
2050 1432 2065 1455 ,
2089 1405 2129 1444 &
2146 1406 2258 1445 Prae·

1276 1465 1376 1509 fena
1389 1466 1660 1517 Novitiarum,
1675 1465 1721 1507 ad
1737 1479 1873 1507 earum
1903 1465 1942 1505 in
1973 1463 2055 1504 vita
2074 1461 2258 1515 Religio·

1278 1524 1315 1567 sa
1338 1523 1635 1567 instrufflonem
1651 1524 1872 1579 ‚nullaeque
1896 1534 2037 1564 earum
2061 1519 2183 1562 cellas
2201 1519 2261 1564 in-,

1279 1583 1516 1638 grediantur
1530 1612 1546 1632 ,
1561 1596 1635 1624 nec
1650 1581 1734 1638 ipsae
1749 1582 1933 1631 aliarum,
1949 1581 2027 1621 fine
2041 1576 2197 1633 speciali
2214 1574 2257 1616 li.

1279 1641 1423 1684 centia·
1440 1641 1633 1683 Similiter
1647 1640 1732 1682 aliae
1749 1637 1958 1693 Religiosae
1972 1650 2049 1678 non
2063 1641 2255 1691 poterunt

1282 1709 1436 1743 mutuas
1459 1699 1579 1741 cellas
1595 1700 1749 1740 intrare
1762 1725 1776 1745 ·,
1791 1697 1869 1738 fine
1885 1690 2058 1750 expressa
2085 1690 2256 1734 faculta-

1282 1766 1323 1800 te
1336 1785 1351 1809 ‚
1367 1755 1435 1797 nifi
1450 1757 1572 1798 officii
1591 1757 1692 1797 ratio
1709 1757 1783 1797 hoc
1806 1754 1980 1808 requirat
2005 1776 2020 1792 .

1396 1813 1626 1853 Ordinatur
1644 1839 1658 1861 ‚
1672 1821 1714 1852 ut
1728 1825 1808 1852 uno
1821 1823 1978 1865 quoque
1998 1805 2206 1854 trimestri,
2235 1803 2258 1851 ὲ

1284 1870 1350 1913 die
1371 1869 1602 1911 Vestitionis
1618 1868 1862 1911 numerando
1876 1896 1889 1918 ,
1905 1862 2161 1922 Superioriffa
2180 1863 2256 1902 So-

1285 1942 1421 1972 rorum
1449 1927 1703 1982 proseffarum
1729 1925 1933 1969 confilium
1955 1922 2116 1972 audiat,
2139 1920 2256 1974 super

1283 1987 1502 2028 devotione
1519 2013 1532 2034 ‚
1549 1986 1655 2027 bono
1673 1984 1858 2039 exemplo
1873 2012 1887 2034 ‚
1911 1985 1948 2024 &
1974 1979 2151 2038 profectu
2182 1979 2255 2021 in.»

1285 2043 1421 2096 spiritu
1445 2043 1640 2084 dictarum
1674 2044 1933 2084 Novitiarurn
1952 2068 1966 2090 ,
1993 2050 2038 2081 ut
2053 2052 2106 2079 eae
2125 2063 2139 2085 ,
2170 2049 2258 2090 quae

1286 2098 1436 2138 idoneae
1450 2125 1463 2146 ,
1482 2097 1544 2136 vel
1580 2098 1771 2138 inhabiles
1798 2099 1844 2138 ad
1865 2097 2115 2148 Religionem
2143 2094 2258 2141 sunt,

1285 2153 1603 2207 dignoscantur,
1630 2155 1666 2193 ὃ(
1697 2152 1902 2207 quomodo
1926 2151 1963 2192 se
1992 2153 2190 2199 habeant,
2221 2150 2260 2189 8:

1285 2222 1428 2266 gerant
1468 2210 1506 2253 in
1543 2211 1761 2267 Religione
1783 2219 1873 2253 ante
1907 2220 2060 2266 tempus
2099 2204 2256 2263 profes-2

1286 2270 1402 2312 sionis
1418 2297 1430 2310 .

1403 2327 1567 2368 Duobus
1604 2326 1799 2369 menfibus
1823 2333 1917 2368 ante
1948 2324 2261 2381 profeffionem,

1288 2383 1527 2438 singularum
1554 2385 1842 2431 Novitiarum,
1861 2384 2109 2436 excipiantur
2139 2392 2262 2421 voces

1286 2440 1528 2496 fingularum
1554 2443 1743 2482 Sororum
1773 2438 2027 2492 professarum
2050 2451 2122 2492 per
2144 2435 2254 2476 scru-

1287 2501 1430 2542 tinium
1458 2496 1810 2545 secretum2causa
1834 2495 2073 2550 receptionis
2099 2492 2260 2535 illarum

1288 2557 1337 2599 ad
1364 2552 1670 2610 professionem,
1695 2556 1744 2595 ad
1760 2554 1866 2608 quod
1898 2564 2029 2593 tamen
2052 2563 2170 2593 voces
2190 2551 2260 2604 Ju-

1288 2615 1449 2657 niorum
1482 2612 1635 2655 nullum
1660 2614 1843 2667 vigorem
1868 2610 2073 2652 habebunt
2089 2636 2103 2658 ,
2130 2607 2259 2647 donee

1287 2682 1470 2729 quartum
1496 2683 1640 2711 annum
1669 2671 1705 2711 in
1738 2670 1952 2725 Religione
1981 2663 2251 2711 absolverint,

1288 2740 1476 2786 poterunt
1507 2738 1640 2771 tamen
1668 2728 1782 2783 super
1818 2725 1988 2783 negocio
2013 2720 2256 2777 receptionis

1288 2788 1443 2831 audiri.
2200 2837 2210 2844 ⁹

1407 2848 1453 2887 ln
1474 2845 1749 2888 Conventibus
1763 2853 1893 2887 tamen
1918 2841 2074 2883 noviter
2091 2839 2230 2901 erectis
2242 2863 2258 2887 ,

1293 2906 1332 2946 in
1358 2905 1497 2958 quibus
1529 2917 1608 2944 non
1641 2904 1694 2945 est
1722 2902 1909 2944 sufficiens
1934 2909 2119 2942 numerus
2141 2894 2253 2959 Reli-

1296 2960 1491 3017 giosarum
1503 2989 1516 3011 ,
1534 2970 1721 3015 poterunt
1740 2962 1857 3002 eriam
1871 2957 1994 3011 accipi
2011 2968 2125 2996 voces
2138 2964 2257 3008 quin-

1289 3035 1367 3076 que
1386 3019 1582 3062 seniorum
1610 3017 1860 3074 prosessarnm
1878 3015 1924 3069 ‚(
1941 3014 1965 3055 fi
1981 3013 2034 3055 ibi
2049 3010 2254 3074 reperian-

1290 3091 1354 3122 tur
1382 3080 1401 3135 )
1433 3078 1529 3120 licet
1553 3077 1601 3118 ad
1627 3084 1810 3131 quartum
1839 3085 1984 3115 annum
2012 3083 2092 3112 non
2119 3079 2250 3124 perti--v

1290 3138 1444 3193 gerint.

1404 3193 1525 3236 Nulla
1541 3191 1590 3232 ad
1615 3188 1894 3232 Profeffionem
1907 3186 2143 3230 admittatur
2157 3190 2251 3226 ante

1288 3266 1436 3295 annum
1461 3251 1876 3303 vigeflmumoetavum
1889 3273 1902 3286 .

1403 3308 1527 3351 Nulla
1543 3306 1773 3348 admittatur
1787 3306 1854 3346 nifi
1870 3319 1937 3359 per
1951 3303 1991 3346 se
2007 3310 2102 3354 ‚aut
2115 3299 2252 3340 saltem

1292 3381 1382 3411 cum
1397 3368 1562 3413 Choro,
1580 3363 1691 3419 poffit
1706 3362 1889 3404 officium
1904 3364 2042 3405 dicere
2057 3389 2068 3401 .

1408 3425 1530 3469 Nulla
1560 3424 1775 3477 recipiatur
1800 3449 1814 3472 ‚
1858 3419 1923 3462 nifi
1939 3431 2053 3462 antea
2069 3412 2244 3472 perfecte

1294 3485 1330 3527 sc
1338 3485 1391 3525 iat
1404 3484 1530 3525 omnia
1544 3508 1557 3529 ,
1567 3495 1651 3536 quae
1666 3479 1901 3534 promittere
1915 3506 1929 3529 ,
1955 3480 1994 3519 δι
2006 3475 2252 3536 Observare..)

1293 3543 1468 3592 debeat3
1497 3540 1594 3582 Ideo
1619 3539 1833 3592 diligenter
1856 3537 2098 3578 instruentur
2124 3533 2252 3573 Novi-

1293 3602 1357 3643 tia:
1377 3597 1488 3653 super
1504 3596 1686 3652 Regula,
1711 3597 1749 3638 &
1768 3594 2021 3651 praesentibus
2049 3588 2255 3653 Constitu-

1294 3657 1466 3700 tionibus
1483 3682 1497 3704 a
1523 3657 1559 3695 δι
1581 3655 1695 3708 super
1716 3653 1760 3694 iis
1784 3653 1993 3699 omnibus,
2017 3661 2099 3703 quae
2129 3655 2252 3687 vitam

1294 3712 1540 3769 Religiosam
1555 3721 1802 3755 concernunt
1819 3739 1830 3751 .
1856 3711 1901 3750 ln
1919 3710 2020 3749 hunc
2037 3704 2155 3747 finem
2176 3703 2253 3745 sta·

1293 3775 1447 3821 mitur,
1479 3781 1520 3814 ut
1548 3770 1699 3825 semper
1712 3780 1942 3823 unaquaque
1958 3763 2054 3807 feria
2079 3762 2186 3862 seara
2209 3762 2250 3801 in

2162 3835 2199 3862 C.
