2756 4074
512 189 580 271 4
1162 159 1859 244 Monumenta

451 311 618 361 nonem,
630 305 865 365 eisdemque
883 306 920 349 in
936 307 1095 350 illarum
1111 302 1355 352 Confratres
1366 301 1443 361 jam

451 368 647 420 admistis,
675 364 1006 436 quotiescumque
1034 363 1200 422 aliquod
1225 363 1337 419 pium
1360 391 1375 430 3
1404 364 1445 406 δι

448 428 675 473 eharitatis
699 441 802 485 opus
830 426 1003 476 fecerint
1032 454 1045 477 ,
1070 423 1136 470 vel
1167 433 1448 473 exercuerint,

450 498 614 531 centum
628 488 714 530 dies
745 487 799 530 de
825 484 1111 542 eisinjunctis,
1139 481 1204 532 vel
1236 481 1334 529 alias
1347 484 1448 539 quo-

449 547 677 590 modolibet
709 545 859 589 debitis
890 539 1146 601 poenitentiis
1175 539 1449 593 misericord-i-

448 614 516 648 ter
541 607 580 648 in
600 606 778 648 Domino
800 604 1052 652 relaxamus,
1081 613 1156 644 nec
1171 613 1249 644 non
1278 613 1446 655 earum,

449 678 534 722 quae
562 665 611 708 ad
628 663 834 712 Dominici
849 661 1062 716 Corporis,
1080 661 1117 702 δι
1136 661 1349 716 Sanguinis
1366 673 1449 704 ma·

448 723 583 783 jorem
606 724 760 769 cultum
777 748 791 769 ,
804 722 844 768 ‚&
860 719 1164 768 venerationem
1179 720 1321 764 itidem
1339 717 1447 766 insti·

449 794 642 830 tutatum,
654 784 692 828 δι
707 779 963 835 imposterum
979 778 1313 824 instituendarum
1328 781 1446 829 Con*

450 837 751 883 fraternitatum
766 846 1015 894 augumento
1028 865 1046 890 ,
1075 841 1115 882 &
1129 836 1325 896 profestui
1343 852 1444 884 con-

449 900 581 948 sulere
607 897 790 949 volentes
803 896 921 947 ,cum
936 895 1005 946 fel.
1021 897 1184 948 record.
1198 898 1347 941 Paulus
1365 899 1444 940 Pa-

447 972 495 1012 pa
519 958 599 1003 111.
614 954 878 1013 praedecessor
897 955 1030 1001 noster
1046 957 1259 1001 omnnibus
1273 983 1287 1006 ,
1310 958 1442 999 &sin-

446 1015 552 1071 gulis
578 1015 786 1072 utriusque
813 1012 926 1057 sexus
968 1014 1311 1065 christifidelibus
1345 1015 1443 1059 vere

444 1075 740 1131 poenitentibus
755 1105 769 1128 ‚
796 1075 836 1116 δι
861 1073 1047 1117 confessis
1062 1103 1076 1127 ,
1096 1075 1165 1133 qui
1186 1074 1343 1131 sumpto
1369 1089 1443 1132 per

444 1148 516 1177 eos
530 1134 775 1183 Sanstiffimo
790 1133 1049 1183 Eucharistiae
1066 1138 1336 1183 sacramento
1364 1139 1440 1178 Ar-

445 1191 894 1243 chiconfraternitatem
921 1192 1098 1251 ejusdem
1125 1192 1445 1243 SanetiffimiSa-

446 1252 645 1302 eramenti
677 1253 718 1302 in
751 1253 930 1300 Ecclesia
955 1252 1103 1296 Sauene
1129 1253 1267 1296 Mariae
1293 1253 1440 1309 supra-2

445 1312 675 1360 Minervam
693 1310 744 1354 de
774 1312 887 1364 Urbe
907 1312 1103 1356 canonice
1128 1311 1348 1356 institutam
1378 1311 1443 1353 in-

444 1371 560 1426 gressi
577 1369 727 1414 suerint
740 1401 754 1424 ,
768 1384 841 1414 nec
857 1386 936 1414 non
957 1383 1019 1415 ter
1035 1372 1075 1420 in
1101 1371 1181 1421 vita
1199 1371 1312 1414 dietae
1328 1374 1442 1415 Con··

444 1429 709 1477 fraternitatis
727 1428 1011 1474 Confratribus
1045 1431 1166 1474 etiam
1182 1430 1279 1474 vere
1305 1430 1440 1488 poeni-

446 1490 630 1534 tentibus
646 1519 661 1542 ,
694 1491 732 1533 &
761 1489 976 1543 confessis,
1001 1492 1070 1548 qui
1085 1491 1316 1547 praedizstum
1340 1495 1442 1539 San,-

443 1549 651 1595 &inimum
679 1547 937 1598 Eucharistiae
973 1550 1283 1598 Sacramentum
1313 1550 1439 1596 devo—

446 1609 488 1654 te
516 1607 751 1663 sumpserint
777 1638 791 1661 ,
839 1609 1063 1665 respective
1098 1610 1319 1669 plenariam
1350 1623 1440 1652 om-

443 1668 553 1714 nium
579 1678 842 1721 peccatorum
860 1670 1023 1719 suorum
1051 1669 1437 1726 Indulgentiam,&

441 1724 710 1768 remissionem
726 1727 991 1777 concesserit,
1017 1728 1180 1785 ipsisque
1207 1726 1439 1770 Confratri·

441 1783 604 1839 bus,qui
619 1785 770 1826 dietum
784 1786 1074 1833 Sanffiffimum
1091 1787 1346 1833 Eucharistiae
1369 1786 1439 1825 Sa-

442 1849 696 1888 cramentum
710 1866 726 1889 ,
747 1841 846 1887 dum
861 1842 913 1881 ad
929 1841 1116 1884 Infirmos
1130 1841 1224 1880 dese
1233 1839 1443 1887 rtur,·asso-

441 1896 646 1947 ciavisfent
661 1924 675 1946 ,
692 1896 756 1939 seu
775 1896 962 1952 legitimo
979 1895 1277 1953 impedimento
1296 1894 1439 1937 deten-

443 1961 473 1999 ti
492 1955 672 1997 associari
689 1954 897 2003 fecissent,
924 1964 1088 1999 centum
1105 1953 1192 1996 dies
1207 1981 1220 2003 ,
1237 1952 1444 2007 ipsisque)

443 2011 769 2062 Confratribus,
792 2010 861 2073 qui
876 2010 1190 2066 processionibus
1205 2039 1219 2062 ,
1247 2010 1444 2061 &divinis

443 2071 596 2122 Officiis
624 2086 699 2129 pro
727 2081 915 2126 tempore
943 2083 1014 2126 per
1040 2070 1188 2112 dietam
1211 2070 1442 2111 Archieon-

443 2133 740 2176 fraternitatem
754 2128 1010 2179 celebrandis
1026 2131 1147 2173 etiam
1163 2140 1329 2172 centum
1341 2129 1443 2178 diest

442 2191 601 2236 Deinde
627 2189 813 2233 omnibus
838 2190 879 2239 δι
903 2187 1065 2244 (iugulis
1087 2187 1294 2246 utriusque
1330 2187 1441 2230 fexfis

443 2249 783 2296 Christifidelibus
797 2277 810 2300 ,
825 2249 891 2305 qui
907 2247 1055 2304 singula
1073 2263 1232 2305 quaque
1258 2246 1367 2291 sexta
1384 2247 1440 2289 fe-

443 2310 502 2355 ria
517 2309 738 2368 cujuslibet
760 2307 1024 2351 hebdomadae
1047 2307 1193 2358 dietam
1221 2307 1440 2357 Ecclesiam

445 2375 577 2418 Beatae
596 2370 730 2411 Mariae
754 2368 914 2418 devote
941 2366 1188 2418 visitassent,
1215 2368 1359 2409 decem
1374 2380 1444 2410 an·

443 2444 518 2473 nos
533 2431 600 2481 ,&
614 2428 793 2471 totidem
813 2427 1121 2485 quadragenas:
1154 2425 1322 2486 insuper
1350 2429 1443 2477 Muq

444 2490 610 2532 liei-ibus
627 2518 641 2540 ,
667 2488 734 2536 seu
757 2487 974 2537 Sororibus
1001 2485 1179 2544 ejusdem
1204 2486 1441 2536 Archicon·

443 2548 738 2597 fraternitatis,
767 2547 910 2604 quibus
939 2561 1019 2597 non
1061 2546 1316 2602 permittitur
1342 2545 1444 2591 San·

442 2608 648 2658 &inimum
665 2610 967 2655 Sacramentum
979 2622 1049 2664 per
1064 2606 1218 2656 Urbem
1232 2604 1442 2654 associare,

443 2667 608 2724 quando
635 2665 737 2708 illud
765 2667 814 2710 ad
846 2664 1030 2714 Infirmos
1056 2664 1273 2712 defertur,
1301 2662 1441 2708 audito

444 2726 717 2782 Campanellae
729 2720 850 2776 sono,
866 2726 1033 2781 genibus
1059 2724 1175 2767 flexis
1189 2754 1202 2776 ‚
1223 2722 1441 2786 semelora-

444 2787 599 2832 tionem
617 2784 904 2833 Dominicam,
928 2786 968 2833 &
990 2786 1116 2827 toties
1146 2785 1440 2828 Salutationem

443 2844 684 2902 Angelicam
708 2845 1002 2903 recitantibus,
1029 2844 1210 2894 similiter
1236 2853 1441 2885 centum.)

445 2906 529 2948 dies
557 2917 569 2953 ς
602 2904 769 2958 Nosque
796 2903 931 2951 denuo
952 2903 1139 2948 omnibus
1167 2930 1182 2953 ,
1211 2904 1251 2944 &
1277 2899 1438 2956 singulis

447 2962 657 3016 utriusque
673 2961 784 3004 sexus
815 2960 1155 3011 christifidelibus
1182 2960 1278 3013 vere
1309 2958 1438 3014 poeni·

447 3020 632 3064 tentibus
645 3045 659 3069 ,
672 3018 712 3057 &
738 3017 937 3069 confessis,
954 3022 1021 3075 qui
1038 3020 1195 3077 sumpto
1213 3034 1285 3074 per
1299 3031 1368 3060 eos
1384 3031 1441 3064 re,

447 3087 666 3128 verenter,
686 3077 726 3125 δε
748 3074 903 3118 devote
926 3079 1173 3130 Sanehffimo
1187 3077 1442 3126 Eucharistiae

448 3141 712 3186 sacramento
729 3162 744 3187 ,
757 3134 906 3183 didiam,
935 3138 1439 3188 Archiconfraternitatem

449 3193 805 3252 ingredientibus,
829 3208 875 3236 ac
907 3194 1196 3241 Confratribus
1221 3195 1338 3254 ipsius
1357 3198 1439 3237 Ar-

448 3249 1006 3299 cbiconfraternitatis,etiam
1023 3257 1120 3297 vere
1137 3255 1439 3310 poenitentibus,

449 3318 490 3358 δε
504 3311 687 3357 confeffis
700 3341 716 3363 ,
732 3311 799 3367 qui
814 3312 853 3354 in
870 3310 967 3357 festo
990 3314 1219 3363 San&iffinii
1234 3315 1436 3370 Corporis

449 3373 627 3423 Christi,
643 3372 707 3418 seu
728 3371 841 3418 illius
857 3374 1033 3424 Ostava,
1058 3375 1208 3418 dictum
1239 3373 1437 3420 sanaim,

450 3447 558 3476 mum
573 3431 830 3482 Eucharistiae
844 3433 1147 3482 Sacramentum
1165 3435 1314 3483 devote
1330 3431 1436 3475 sum-

447 3491 604 3550 psissent
626 3518 640 3542 ,
674 3490 837 3545 ipsisque
866 3491 1152 3541 confratribus
1189 3497 1227 3538 in
1257 3507 1438 3538 eorum-a,

451 3554 589 3595 mortis
617 3549 796 3601 articulo
811 3550 1036 3602 constitutis
1062 3553 1277 3609 respeetive
1299 3553 1439 3609 plena-

450 3611 547 3651 riam
571 3612 751 3657 omnium
767 3618 1027 3664 peecatorum
1044 3609 1203 3664 suorum
1215 3611 1438 3668 Indulgen-

450 3669 542 3708 tiam
554 3694 567 3716 ,
578 3672 616 3710 δι
633 3668 896 3719 remissionem
911 3683 923 3719 ;
936 3671 1136 3721 Praeterea
1151 3671 1437 3720 Confratribus

448 3726 560 3766 die'tae
579 3727 1059 3773 Archiconfraternitatis
1086 3743 1198 3776 extra
1225 3733 1334 3775 illam
1364 3729 1439 3773 de·

450 3785 637 3850 gentibus
660 3812 674 3834 a
706 3788 899 3831 visitando
926 3790 1134 3847 quoddam
1162 3793 1304 3836 Altare
1337 3790 1439 3847 ejuss

1506 307 1597 349 dem
1613 302 1847 353 Sanflissimi
1861 301 2121 347 sacramenti
2134 303 2229 350 inibi
2242 307 2389 365 septies
2403 322 2498 351 ora.

1508 366 1661 409 tionem
1684 364 1969 414 Dominicam,
1992 363 2033 404 δι
2062 361 2185 406 toties
2201 367 2496 411 salutationem

1507 423 1752 480 Angelicam
1769 437 1842 480 pro
1869 422 2116 471 exaltatione
2131 423 2240 467 Fidei
2253 427 2491 476 Catholicae,

1508 499 1555 534 ac
1582 483 1787 530 Haeresum
1817 482 2090 538 extirpatione
2118 509 2132 531 ‚
2161 482 2201 524 δι
2234 483 2499 529 Infidelium,

1509 543 1772 588 conversione
1796 541 2036 594 recitando,
2064 540 2232 592 diebus,
2255 544 2498 601 &tempori-

1508 604 1583 646 bus
1599 628 1612 651 ,
1626 603 1770 659 quibus
1788 601 1828 644 in
1845 602 1985 650 Urbis,
2008 602 2049 647 δι
2062 612 2173 643 extra
2193 603 2343 646 Urbem
2358 602 2502 647 Eccle-

1511 661 1571 705 siis
1588 662 1793 704 stationes
1810 660 1897 704 sunt
1911 660 2065 707 indicte
2079 689 2093 712 ,
2108 659 2264 709 easdem
2279 662 2504 720 Indulgen-

1509 722 1587 765 tias
1606 720 1792 778 consequi
1822 719 2023 765 voluimus
2038 749 2055 773 ‚
2076 733 2172 776 quas
2207 719 2504 784 consequeren-

1507 780 1652 832 tur,&
1676 779 1865 834 consequi
1878 777 2055 834 possent,
2074 778 2099 825 fi
2124 779 2284 825 easdem
2299 780 2500 827 Ecclefias

1507 841 1759 896 temporibus
1771 866 1786 890 ,
1797 840 1837 880 δι
1849 837 1990 882 diebus
2003 837 2203 896 praedietis
2231 838 2502 895 personaliter

1501 901 1727 951 visitarent,
1741 896 2013 942 conceffimus.
2031 898 2268 954 Deindeque
2283 897 2370 956 ipsis
2387 902 2503 942 Con-

1503 957 1702 1007 fratribus
1716 987 1728 1008 ‚
1745 957 1814 1014 qui
1831 957 1993 1014 singulis
2010 958 2154 1004 diebus
2169 956 2288 1005 sextae
2302 955 2412 1003 feriae
2425 971 2478 1000 cu
2490 977 2506 993 ·

1503 1018 1667 1076 juslibet
1697 1016 1984 1068 hebdomadae,
2008 1017 2151 1060 Altare
2176 1016 2407 1066 sanctissimi
2424 1020 2503 1060 Sa-

1503 1077 1700 1127 cramenti
1717 1075 1894 1131 praedieti
1925 1074 2183 1119 visitaviffent
2196 1105 2212 1126 ‚
2239 1076 2389 1125 &inibi
2408 1106 2423 1128 ,
2457 1083 2502 1118 ut

1506 1134 1716 1193 praeiertur
1730 1162 1744 1186 ,
1760 1132 1934 1177 orassent
1951 1163 1966 1185 ,
1979 1135 2097 1176 etiam
2122 1145 2284 1179 centum
2300 1147 2316 1192 ᾗ
2335 1134 2501 1193 ipsisque

1505 1194 1796 1245 confratribus
1830 1192 2009 1236 similiter
2041 1192 2137 1236 vere
2169 1194 2465 1248 poenitentibus
2482 1219 2497 1243 ,

1501 1257 1541 1304 δι
1555 1252 1761 1305 confeffis,
1778 1251 1920 1313 quintti
1942 1251 2044 1294 feria
2072 1252 2336 1295 hebdomadae
2350 1253 2502 1296 Sanetae

1504 1313 1657 1371 septem
1672 1325 1800 1363 annos
1815 1339 1830 1362 ,
1855 1312 1895 1360 ὃς
1909 1312 2082 1354 totidem
2106 1311 2415 1368 quadragenas,
2446 1309 2497 1354 ad

1503 1376 1584 1420 haec
1598 1372 1683 1430 ipsis
1699 1368 2015 1423 Confratribus,
2039 1371 2163 1413 etiam
2180 1372 2275 1413 vere
2291 1372 2503 1426 poeniten-

1503 1434 1640 1485 tibus,
1666 1434 1704 1474 &
1719 1428 1933 1485 con'feffis,
1959 1431 2027 1489 qui
2041 1429 2194 1472 dietum
2208 1429 2499 1474 sanetiffimum

1503 1490 1759 1539 Eucharissiae
1773 1486 2081 1539 Sacramentum
2095 1489 2146 1538 ad
2164 1487 2340 1547 ejusdem
2355 1487 2499 1532 Altare

1503 1548 1657 1606 singulo
1667 1564 1746 1609 quo
1777 1563 1825 1600 ue
1841 1548 2189 1597 tertioDominico
2204 1549 2271 1591 die
2282 1547 2500 1602 cujuslibet

1500 1610 1670 1662 mensis,
1693 1610 1734 1650 δι
1766 1609 1858 1652 eriae
1881 1608 2027 1665 quintae
2048 1606 2220 1665 ejusdem
2237 1604 2499 1651 hebdomadae

1499 1671 1650 1714 Sannae
1666 1667 1917 1712 visitaverint
1930 1697 1945 1719 ,
1960 1669 2100 1713 decem
2115 1681 2261 1716 annos,
2275 1666 2499 1710 &totidem

1500 1730 1780 1788 quadragenas
1795 1757 1810 1781 ,
1837 1741 1909 1770 nec
1927 1741 2006 1770 non
2033 1727 2123 1785 ipfis.
2142 1723 2434 1772 Confratribus
2448 1722 2497 1765 si·

1502 1789 1662 1830 militer
1684 1788 1782 1830 vere
1795 1787 2093 1840 poenitentibus
2107 1815 2122 1837 ,
2148 1787 2186 1827 &
2202 1784 2385 1834 confessis
2400 1813 2414 1835 ‚
2428 1779 2499 1839 qui

1505 1844 1647 1895 quinta
1677 1841 1778 1881 seria
1794 1842 2057 1885 hebdomadae
2084 1844 2234 1889 Sanctae
2252 1843 2502 1886 visitaverint

1505 1898 1695 1949 Sanfitum
1709 1897 2006 1953 Sepulchrum,
2033 1899 2071 1942 in
2100 1899 2206 1947 dicti
2235 1899 2410 1949 Ecclesia
2431 1897 2498 1942 fe-

1506 1967 1616 2016 ptem
1641 1969 1768 1998 annos
1783 1983 1798 2006 ,
1821 1957 1859 1996 &
1876 1956 2050 2003 totidem
2064 1957 2344 2013 quadragenas
2357 1986 2371 2008 ,
2391 1954 2498 2013 ipsis-

1505 2029 1585 2069 que
1618 2013 1933 2063 Confratribus,
1969 2014 2037 2069 qui
2067 2014 2218 2061 dietum.
2245 2015 2499 2062 Eucharistiae

1505 2074 1811 2122 Sacramentum
1828 2072 1868 2114 in
1883 2071 2149 2129 processione‚
2163 2074 2320 2131 singulo
2333 2087 2494 2131 quoque

1506 2133 1635 2181 tertio
1661 2131 1875 2178 Dominico
1900 2131 1967 2174 die
1991 2131 2215 2186 cujuslibet
2242 2134 2385 2184 mensis
2397 2131 2499 2177 asso-

1503 2188 1734 2241 eiavissent,
1765 2199 1930 2234 centum
1957 2189 2043 2234 dies
2066 2204 2078 2233 :
2110 2192 2271 2240 Deinde
2298 2204 2381 2242 tam
2408 2193 2498 2249 ipsis

1503 2245 1790 2294 Confratribus
1814 2277 1829 2301 ‚
1867 2249 1986 2306 quam
2015 2249 2104 2293 aliis
2142 2251 2346 2313 utriusque
2381 2249 2493 2298 sexfis

1507 2306 1849 2355 christifidelibus
1862 2337 1876 2361 ,
1891 2310 1958 2366 qui
1974 2306 2262 2354 associavisfent
2278 2339 2294 2363 ,
2307 2314 2374 2361 seu
2388 2309 2494 2368 legi-

1507 2369 1609 2413 timo
1633 2367 1926 2423 impedimento
1947 2368 2104 2412 detenti
2119 2367 2296 2414 associari
2312 2370 2495 2420 fecissent

1503 2424 1792 2477 Sanetiffimum
1823 2427 2078 2476 Eucharistiae
2121 2428 2466 2478 Sacramentum-a

1502 2484 1610 2543 quod
1625 2485 1676 2528 ad
1693 2483 1881 2534 Infirmos
1893 2485 2076 2534 defertur
2089 2516 2104 2540 ,
2128 2490 2347 2535 recitando
2369 2454 2495 2548 semei

1503 2545 1733 2592 orationem
1750 2547 2002 2595 Dominicam
2015 2573 2030 2598 ,
2042 2549 2082 2590 ἃ.
2096 2547 2393 2603 Salutationem
2407 2547 2494 2602 An·-

1503 2605 1674 2661 gelicam
1690 2607 1857 2662 genibus
1884 2607 1997 2651 flexis
2021 2606 2072 2650 ad
2096 2606 2232 2651 sonum
2248 2605 2497 2664 Campanel-

1503 2667 1549 2713 1ae
1561 2692 1575 2715 ,
1589 2664 1796 2713 &orando
1806 2679 1880 2720 pro
1895 2664 2052 2715 Infirmi
2066 2666 2203 2716 salute,
2217 2679 2382 2710 centum
2403 2667 2492 2709 dies

1502 2726 1554 2767 de
1580 2724 1947 2781 eisinjunetis,seu
1973 2725 2067 2774 alitis
2085 2725 2395 2782 quomodolibet
2419 2725 2492 2769 de-

1503 2786 1597 2827 bitis
1624 2784 1875 2839 poenitentiis
1902 2785 2218 2834 misericorditer
2245 2786 2287 2826 in
2314 2788 2492 2840 Domino

1501 2843 1772 2886 relaxavimus
1790 2871 1804 2894 ,
1830 2842 1990 2891 casdem
2016 2857 2154 2894 omnes
2183 2843 2491 2899 Indulgentias‚

1498 2904 1810 2957 &peccatorum
1837 2902 2080 2951 remissiones
2108 2902 2159 2949 ad
2181 2902 2340 2946 easdem
2353 2903 2491 2946 denuo

1502 2961 1763 3005 instituendas
1789 2959 2156 3012 Confraternitates
2174 2986 2188 3009 ,
2211 2961 2494 3018 illarumque..

1504 3018 1747 3065 Confratres
1771 3020 2024 3070 extendimus
2038 3048 2053 3071 ,
2075 3018 2242 3081 illasque
2263 3032 2402 3063 ornnes
2423 3035 2494 3064 ea-

1502 3083 1689 3123 rumdem
1746 3077 2148 3129 Confraternitatum
2201 3076 2489 3123 Confratribus

1501 3140 1761 3188 concedimus
1777 3167 1791 3191 ,
1803 3141 1839 3181 &
1853 3138 2070 3193 elargimur
2084 3136 2270 3189 ,danteS,
2287 3139 2325 3179 &
2340 3152 2490 3182 conce-v

1502 3200 1645 3249 dentes
1662 3194 1896 3247 facultatem
1922 3195 2318 3246 Confraternitatum
2333 3194 2403 3239 sub
2421 3200 2491 3240 In-

1503 3259 1715 3307 vocatione
1760 3257 1960 3313 Corporis
2003 3256 2155 3305 Christi
2200 3252 2488 3302 Confratribus

1500 3318 1783 3364 Sanetiffimum
1800 3313 2052 3363 Eucharistiae
2077 3318 2384 3364 Sacramentum
2398 3331 2487 3360 cum

1498 3377 1789 3431 luminaribus,
1818 3374 2113 3422 BaldacchinO,
2137 3375 2178 3423 ὃς
2198 3374 2344 3422 aliisad
2361 3374 2486 3419 deco-

1498 3450 1582 3478 rem
1611 3438 1651 3479 δε
1668 3435 1943 3487 reverentiam
1965 3433 2142 3490 ejusdem
2165 3433 2400 3482 Saaaiffimi
2415 3439 2487 3479 Sa-

1498 3498 1698 3541 cramenti
1723 3493 1946 3551 requisitis,
1961 3493 2057 3537 dum
2073 3495 2181 3543 idem
2206 3494 2254 3537 ad
2271 3491 2455 3541 Infirmos
2469 3525 2484 3548 ,

1501 3556 1565 3598 vel
1584 3554 1660 3598 alia
1675 3556 1738 3613 pia
1760 3556 1849 3600 loca
1862 3582 1875 3606 ,
1889 3567 1932 3598 ac
1950 3552 2182 3606 Civitates,
2196 3555 2344 3602 Terras
2358 3580 2371 3602 ,
2396 3556 2482 3611 Op-

1498 3614 1618 3670 pida,
1639 3615 1784 3658 &loca
1811 3612 1996 3669 praedicsta
2019 3611 2327 3669 quomodolibet
2349 3609 2483 3662 defer·

1498 3684 1565 3717 tur
1580 3703 1593 3726 ,
1614 3673 1858 3724 associandi,
1874 3686 1920 3714 ac
1934 3670 2010 3714 alia
2028 3671 2232 3729 faciendi,
2257 3686 2342 3734 (με
2359 3671 2409 3722 ad
2435 3672 2481 3714 il-

1501 3733 1574 3775 lius
1589 3734 1784 3787 majorem
1804 3732 2109 3775 venerationem
2126 3732 2390 3787 videbuntur,
2404 3744 2477 3774 nec

1501 3807 1577 3842 non
1598 3794 1729 3836 eidem
1749 3793 1908 3837 Mathiae
1932 3792 2009 3833 una
2036 3805 2127 3834 cum
2153 3790 2318 3835 consilio
2330 3787 2480 3834 admit·

2342 3859 2426 3890 ten.

2733 1401 2756 1434 „n
