2592 4094
528 1407 2280 1557 IBERNIAEA

435 1700 454 1713 l
581 1677 762 1716 ,χχ
803 1646 964 1700 Audes
997 1648 1128 1712 hujus
1159 1648 1410 1698 Provinciae
1442 1663 1599 1697 amaro
1630 1642 1849 1715 suspirio,
1879 1640 2129 1708 iisdemque
2161 1643 2278 1711 thref·

497 1768 501 1777 s
568 1719 570 1725 '
596 1715 598 1717 ¹
624 1719 678 1742 “
821 1722 889 1769 nis
907 1754 923 1777 ,
953 1718 1116 1786 quibus
1138 1720 1252 1768 olim
1280 1719 1506 1785 Propheta
1530 1719 1756 1783 Jeremias
1784 1713 2114 1766 desolationem
2150 1713 2279 1785 Civi-

541 1777 626 1851 ’χε
737 1775 744 1793 ²
824 1790 930 1838 tatis
970 1785 1221 1853 jerusalem
1262 1785 1548 1854 posterorum
1603 1787 1834 1836 memoria:
1885 1784 1934 1834 ὃ(
1970 1781 2277 1850 >compassioni

531 1887 535 1895 ‹
630 1846 778 1917 ‘752
826 1855 1064 1924 descripfit
1091 1891 1108 1915 ,
1147 1855 1291 1906 ordiri
1333 1853 1381 1907 ὃς
1417 1858 1668 1905 exclamare
1708 1871 1853 1924 cogor
1887 1889 1904 1912 ,
1951 1852 2143 1920 quomodo
2159 1853 2281 1920 sedec

578 1963 588 1972 .
701 1934 758 1992 3532
826 1925 1051 1979 Hibernia
1075 1962 1091 1986 ‚
1124 1928 1248 1992 plena
1271 1926 1422 1993 populo
1451 1938 1469 1975 ?
1491 1924 1618 1994 fu‘la
1645 1924 1711 1974 εΗ
1738 1924 1858 1995 quasi
1891 1924 2028 1975 Vidua
2055 1923 2282 1973 Domina..

477 2041 484 2048 ,
715 1998 758 2015 s
820 1999 1005 2064 gentium
1031 2032 1047 2054 ,
1080 1996 1275 2063 Princeps
1312 1996 1638 2047 Pro-vinciarum
1663 2034 1678 2055 ,
1718 1996 1766 2048 ὅ(
1810 1996 2052 2047 Provincia
2083 1998 2280 2063 quinque

474 2053 760 2129 fil-4
822 2066 936 2111 olim
981 2069 1255 2131 Regnorum
1282 2099 1299 2120 ,
1313 2065 1441 2128 fiu‘la
1473 2066 1631 2131 ess'jub
1645 2065 1831 2114 tributo.
1878 2065 1967 2114 Viae
2003 2069 2090 2130 ejus
2107 2058 2279 2133 lugent}

461 2151 480 2169 [ν’
507 2169 521 2184 ..
546 2171 553 2186 .
574 2120 683 2187 ,fff'ss
820 2135 866 2179 εὐ
896 2132 1105 2200 ἵκοιίηοη
1125 2132 1214 2199 fint
1228 2166 1243 2189 ,
1263 2136 1335 2199 qui
1349 2135 1530 2182 ‘veniant
1559 2135 1620 2181 ad
1630 2135 1936 2200 sblemnitatem
1952 2154 1965 2181 ε
1996 2152 2128 2182 omnes
2148 2149 2279 2200 portae

266 2215 268 2218 ’
816 2205 906 2267 ejus
949 2201 1164 2258 deflrut‘lae
1201 2222 1217 2261 3
1260 2201 1500 2250 Sacerdotes
1532 2207 1621 2267 ejus
1658 2218 1862 2271 gementes
1895 2223 1911 2263 3
1955 2202 2149 2271 Virgines
2190 2208 2280 2269 (jus

227 2270 450 2340 ffiuallidae
490 2291 506 2331 3
551 2278 605 2321 &
622 2307 625 2309 -
642 2271 732 2338 ipsa
779 2272 961 2339 opprffa
1004 2273 1278 2321 amaritudine
1321 2307 1338 2329 ,
1389 2277 1576 2338 quoniam
1623 2274 1781 2324 ereHus
1825 2272 1893 2322 est
1928 2277 2122 2323 inimicus
2159 2310 2175 2334 ,
2213 2275 2280 2323 de-

237 2342 376 2390 ridens
406 2339 621 2389 Sabbatha
669 2346 758 2405 ejus
792 2375 808 2398 ,
845 2340 894 2392 &
930 2341 1158 2392 Catholici
1187 2340 1440 2390 sanctuarii
1482 2340 1699 2390 decorem
1735 2345 2025 2409 praepotentis
2064 2342 2278 2393 haereseos

236 2407 397 2460 fraude
432 2444 449 2468 ,
491 2408 539 2461 ἃ
571 2410 727 2460 alienae
760 2410 1081 2462 dominationis
1123 2415 1315 2478 Sceptro
1353 2410 1632 2477 depopulans
1665 2445 1679 2459 .
1727 2410 1802 2459 Est
1851 2409 1898 2460 ὅ(
1947 2411 2019 2458 hic
2067 2414 2276 2478 planctus

239 2478 296 2530 eo
327 2479 510 2550 dignior
540 2514 557 2538 ,
586 2497 692 2529 cum
727 2479 817 2548 ipsa
852 2479 1043 2532 felicitas
1076 2517 1092 2540 ,
1132 2481 1221 2548 quii
1251 2493 1413 2529 natura
1447 2480 1503 2527 ad
1536 2480 1666 2546 hujus
1699 2481 1848 2548 Regni
1881 2477 2065 2528 delicias
2099 2479 2176 2530 sua
2201 2482 2280 2531 do-

236 2568 292 2600 na
322 2549 517 2619 prodigo
551 2546 726 2600 effluxu
770 2551 990 2621 congeffit
1018 2588 1035 2610 ,
1080 2552 1239 2600 reddat
1282 2550 1401 2598 illius
1443 2546 1771 2598 desolationem
1808 2553 2027 2611 majorem
2059 2585 2072 2598 .
2107 2552 2278 2612 Hiber·

236 2622 312 2670 nia
333 2655 349 2678 ,
376 2618 432 2669 ab
455 2619 637 2672 Hibero
663 2656 679 2678 ,
709 2621 873 2671 celebri
897 2621 1127 2690 Hispaniae
1155 2619 1307 2669 fluvio
1342 2654 1357 2676 ,
1391 2617 1498 2668 teste
1536 2617 1808 2669 Cambdenfi
1836 2653 1852 2677 ,
1881 2634 2049 2667 nomen
2085 2617 2274 2680 sortita,

238 2688 408 2740 format
445 2689 494 2741 Gt
535 2691 738 2757 explicat
780 2690 986 2742 Insulam
1028 2692 1235 2740 omnium
1266 2688 1615 2748 Occiduarum,
1643 2688 1742 2758 post
1774 2689 2022 2758 Angliam,
2057 2686 2275 2756 ampliffiss

239 2777 367 2809 mam
405 2795 420 2817 ,
467 2761 511 2808 in
548 2778 637 2826 qua
669 2759 729 2809 ob
774 2763 889 2810 aeris
922 2763 1114 2831 gratiam
1145 2795 1161 2819 ,
1210 2776 1290 2808 nec
1324 2761 1475 2808 cancri
1519 2761 1645 2811 calor
1688 2761 1924 2828 compellit
1969 2758 2024 2808 ad
2055 2758 2272 2819 umbras,

236 2828 320 2878 nec
347 2830 599 2896 capricorni
629 2830 757 2898 rigor
788 2832 914 2898 cogit
943 2830 1000 2881 ad
1030 2828 1156 2880 focos
1183 2861 1197 2886 ,
1226 2848 1307 2879 nec
1335 2829 1497 2879 nebula
1529 2829 1673 2879 inficit
1692 2865 1707 2887 ,
1743 2847 1826 2878 nec
1852 2827 2031 2896 spiritus
2065 2828 2271 2898 pestilens

240 2896 414 2957 afficit,
448 2915 530 2947 nec
555 2917 664 2947 aura
694 2902 948 2968 corrumpit
982 2938 996 2959 ,
1027 2919 1108 2950 nec
1143 2915 1261 2951 terra
1294 2901 1460 2951 animal
1484 2914 1753 2950 venenatum
1788 2900 1905 2968 parit
1939 2915 2017 2948 aut
2046 2901 2126 2947 alit
2155 2935 2172 2958 ,
2217 2893 2271 2950 ac

240 2968 421 3018 aliunde
451 2967 696 3018 advestum
723 2972 931 3037 perimit.
964 2971 1146 3035 Insulam
1175 2973 1287 3020 hanc
1311 2986 1446 3021 vocat
1465 2971 1623 3020 Surius
1640 3007 1655 3029 ‚
1682 2974 1790 3019 omni
1818 2985 2022 3017 terrarum
2044 2968 2167 3037 gleba
2194 2968 2271 3034 [ιε’-

226 3040 465 3088 -ι-ιυιιίίονηη
502 3059 517 3098 3
559 3054 764 3108 gemmas
803 3044 922 3091 enim
963 3043 1012 3095 <St
1040 3045 1309 3112 margaritas
1348 3043 1562 3108 excoquit
1590 3077 1606 3099 ,
1643 3040 1826 3090 mineris
1869 3038 1976 3088 ferri
2005 3040 2266 3106 ,pl-umbi,

238 3107 289 3160 ἃ
319 3110 493 3179 argenti
530 3109 761 3168 abundat,
795 3110 843 3163 ὅ(
865 3115 1033 3180 pluries
1059 3113 1222 3162 divites
1253 3116 1350 3163 auri
1381 3130 1518 3162 venas
1545 3115 1689 3179 aperit
1720 3130 1730 3158 :
1766 3106 2007 3175 Pabulosam
2037 3111 2162 3159 illam
2184 3117 2267 3160 So-

240 3181 376 3229 limus
406 3178 551 3238 dicit,
573 3198 679 3229 cum
704 3198 864 3247 pecora
883 3181 946 3241 ,fi
974 3185 996 3233 a
1030 3181 1202 3250 pascuis
1234 3186 1278 3232 vi
1312 3200 1403 3232 non
1427 3196 1698 3239 arceantur,
1727 3178 1844 3227 edax
1874 3178 2068 3229 excessus
2095 3183 2267 3249 peticus

242 3250 291 3299 lo
317 3248 523 3299 interitus
560 3265 755 3317 exponat
785 3287 803 3311 ,
848 3253 962 3302 adeo
988 3255 1124 3303 etiam
1172 3268 1271 3302 tum
1315 3256 1622 3302 cicuratorum
1652 3286 1667 3308 ,
1720 3264 1818 3299 tum
1847 3247 2141 3316 sylvestrium
2177 3255 2265 3301 ani·-

237 3321 431 3369 malium
467 3337 572 3369 caro
608 3319 749 3387 sapiat
782 3358 798 3380 ,
838 3338 887 3372 ut
911 3323 1090 3392 gustum
1116 3325 1300 3372 alterius
1330 3359 1345 3381 ‚
1375 3319 1679 3387 cujuscunque
1715 3334 1843 3369 terrae
1876 3318 2052 3389 superet
2079 3339 2092 3367 z
2129 3322 2264 3369 Amae-

239 3388 440 3453 niffi'mam
467 3390 595 3439 illam
626 3388 1069 3442 fatus'Cambdenfis
1103 3394 1286 3453 laudat3
1317 3394 1455 3441 colles
1484 3392 1602 3439 enim
1635 3394 1679 3439 in
1710 3392 1856 3439 altum
1887 3392 2045 3440 leniter
2078 3390 2261 3460 surgen-

243 3473 308 3509 tes
336 3493 352 3515 ,
378 3472 508 3526 grata
536 3461 729 3510 vallium
769 3463 963 3513 declivia
992 3500 1007 3521 ,
1046 3465 1288 3526 interjeflae
1321 3464 1498 3513 vocales
1529 3458 1674 3527 sylvae
1704 3495 1719 3517 ,
1745 3458 1984 3528 chrystalla
2031 3458 2228 3510 fontium
2246 3499 2261 3518 ,

244 3530 452 3578 rivorum
482 3545 693 3578 murmur
721 3565 737 3587 ,
774 3531 954 3583 ubertas
977 3533 1206 3582 frustuum
1235 3569 1249 3591 ,
1279 3530 1521 3600 portusque
1552 3567 1567 3589 ,
1596 3548 1708 3596 quos
1731 3532 1942 3580 Oceanus
1978 3533 2261 3581 Britannicus

243 3599 375 3648 alluit
396 3632 413 3655 ‚
439 3598 620 3647 nautico
645 3605 926 3653 commercio
968 3606 1103 3652 utiles
1132 3640 1147 3662 ,
1177 3605 1362 3669 aliaeque
1404 3599 1628 3649 foecundae
1661 3615 1829 3650 naturae
1862 3600 2033 3649 divitiae
2060 3601 2261 3664 pandunt

241 3670 474 3739 regionem
498 3702 513 3724 ,
546 3666 748 3734 perfefiae
789 3671 949 3721 laetitiae
981 3672 1129 3721 sedem
1160 3707 1171 3719 .
1215 3674 1409 3721 Felicem
1435 3672 1553 3719 hunc
1587 3667 1777 3720 fortunae
1804 3686 1957 3719 terreae
1986 3667 2132 3718 lusum
2162 3671 2260 3720 infi-

242 3743 390 3809 gniter
426 3738 671 3804 locupletat
704 3741 858 3788 nativa
901 3745 1163 3791 lncolarum
1209 3742 1416 3790 docilitas
1444 3775 1458 3797 ‚
1498 3738 1585 3805 qud
1617 3739 1758 3790 studia
1791 3740 2014 3788 litteraria:
2062 3743 2170 3790 artis
2201 3742 2260 3792 ad

241 3827 343 3862 eam
380 3808 539 3876 gloriae
568 3804 737 3857 famam
770 3814 1076 3879 propagavit,
1120 3825 1171 3861 ut
1205 3813 1449 3861 Guillanus
1487 3809 1760 3862 Hiberniam
1806 3808 2145 3875 Doc‘lffmorum
2187 3813 2262 3861 Vi-

2072 3894 2207 3924 ,Urbim
