2638 4088
1078 186 1678 277 Cataloniae.
2160 224 2325 309 309

345 339 425 387 Fr.
452 331 684 384 Antonius
708 331 765 383 ab
793 329 939 385 Ordis
971 345 987 391 ·,
1037 335 1116 402 qui
1141 353 1260 385 anno
1294 345 1439 395 1726.
1467 337 1639 384 virtute
1666 330 1815 384 medici
1838 330 2086 383 consessum
2125 339 2384 391 Definitorii

344 407 583 457 Generalis
613 407 884 475 occupavit:
921 402 1038 454 sileri
1068 422 1159 454 non
1190 407 1326 455 debet
1343 405 1613 455 sacrificium
1632 441 1649 464 ,
1684 405 1808 472 quod
1820 406 2013 454 charitas
2027 404 2085 453 ab
2098 421 2213 454 anno
2235 419 2384 472 1650,

342 474 485 544 usque
509 475 568 526 ad
595 493 765 526 annum
797 485 946 540 1653.
974 475 1191 526 inclufiv&
1232 477 1279 525 in
1305 479 1631 545 quinquaginta
1660 476 1839 526 duobus
1869 474 2102 525 Fratribus
2127 509 2144 533 ,
2179 476 2226 524 in
2254 477 2384 529 servi·

342 546 410 596 tio
437 545 570 613 pestis
600 547 889 597 immolavit:
926 542 1046 594 fileri
1070 563 1163 595 non
1192 546 1328 596 debet
1358 549 1648 613 Martyrium
1675 565 1720 611 3.
1743 549 1942 597 aliorum
1976 549 2190 596 Fratrum
2216 579 2233 604 ,
2275 563 2385 612 quos

341 618 390 667 in
420 615 1030 680 Miffionibustmericanis
1050 651 1067 674 ,
1106 618 1153 666 in
1184 616 1339 666 Insula
1371 620 1612 669 Trinitatis
1648 638 1688 668 x.
1707 618 1881 670 octob.
1916 626 2066 678 1699.
2096 614 2225 667 furor
2251 616 2387 666 Indo-

342 705 450 739 rum
479 686 671 738 fustibus
707 686 758 739 &
797 689 936 737 armis
967 722 984 746 ‚
1021 689 1066 736 in
1091 685 1251 737 odium
1283 686 1387 737 fidei
1417 690 1667 738 trucidavit
1692 724 1708 746 ,
1741 687 1790 739 <Sc
1818 706 2015 757 quorum
2044 705 2237 758 corpora
2267 687 2388 736 hian-

338 758 463 808 tibus
492 759 639 808 adhue
666 759 956 809 cicatricibus
983 756 1185 829 signata,
1211 756 1269 808 ad
1287 760 1541 809 Civitatem
1568 756 1812 826 S.J0sephi
1852 761 1908 811 de
1939 761 2135 830 Orunga
2149 796 2168 821 ,
2184 774 2389 828 magna..

337 827 545 880 fidelium
577 832 868 879 veneratione
900 827 1086 879 fuerunt
1111 830 1352 879 translata.
2248 825 2252 830 ’

346 906 349 909 ’
480 898 621 950 Dedit
650 898 700 951 δε
727 900 820 948 haec
848 901 1090 949 Provincia
1119 899 1285 949 celebri
1317 901 1580 950 Caramueli
1606 897 1889 968 Magistrum
1928 904 2003 951 Fr.
2027 899 2275 970 Iosephum
2296 900 2389 951 Mi·

338 967 629 1021 norissensem
656 1003 672 1025 ,
700 968 814 1017 dum
845 970 892 1016 in
924 967 1210 1019 Monasterio
1238 969 1431 1020 Ordinis
1468 975 1514 1020 S.
1547 970 1779 1020 Benedisti
1808 971 1858 1020 de
1888 971 2024 1041 Bages
2060 976 2166 1023 RR.
2194 976 2282 1023 PP.
2303 974 2389 1021 Be-

334 1040 574 1091 nedifiinis
604 1035 884 1088 Reformatis
915 1036 1060 1088 sacras
1101 1041 1280 1096 litteras
1308 1042 1514 1110 praelegit
1542 1076 1557 1099 ,
1602 1041 1706 1090 hinc
1737 1040 1785 1093 ὅ(
1815 1043 1860 1092 in
1896 1043 2102 1092 Archivo
2135 1057 2288 1092 notata
2325 1059 2390 1090 re-

333 1112 578 1179 periuntur
601 1110 694 1159 haec
725 1108 865 1160 verba
891 1128 906 1160 ε
946 1107 1112 1178 Magna
1142 1109 1210 1158 eft
1234 1109 1472 1178 Minoriffle
1497 1113 1637 1181 gloria
1666 1112 1816 1181 dedg'ffie
1845 1112 2122 1184 §Magistrum
2154 1111 2391 1182 Illustrff-

333 1200 399 1231 mo
428 1181 667 1231 Caramueli
697 1184 742 1230 in
768 1179 961 1249 ‘Josepbo
991 1215 1008 1239 ,
1041 1181 1137 1230 dum
1167 1197 1257 1230 erat
1287 1180 1441 1231 Lec‘lor
1456 1217 1470 1230 .

469 1254 672 1320 Magnos
703 1249 969 1320 Hispaniae,
1004 1249 1215 1302 Ecclefiae
1236 1288 1253 1312 ‚
1280 1250 1332 1305 ὅ(
1365 1252 1558 1303 OrdInis
1588 1253 1732 1306 Viros
1763 1258 1838 1304 Fr.
1871 1253 2159 1323 Alphonsum
2181 1257 2388 1321 Lupum,

333 1319 385 1372 δε
412 1321 644 1371 Didacum
676 1322 701 1370 a
719 1323 934 1393 Qiroga
965 1337 1088 1373 totos
1111 1322 1298 1390 quidem
1331 1321 1434 1374 suos
1465 1341 1554 1373 non
1585 1325 1822 1394 praetendit
1841 1360 1856 1382 ‚
1885 1329 1941 1374 de
1968 1318 2206 1390 utriusque
2233 1338 2388 1372 tamen

330 1393 482 1461 gloria
505 1390 645 1461 digne
673 1395 949 1461 participat:
973 1393 1031 1444 de
1057 1395 1208 1464 gloria
1240 1396 1415 1464 primi,
1448 1413 1554 1445 cum
1587 1398 1631 1446 in
1662 1401 1917 1447 Conventu
1953 1395 2130 1445 Montis
2158 1393 2388 1443 Calvariae

329 1475 457 1511 extra
477 1464 706 1513 >Civitatis
736 1463 1076 1514 Barcinonensis
1103 1466 1262 1516 maenia
1286 1465 1370 1515 fito
1397 1483 1515 1515 anno
1555 1484 1702 1531 1593.
1730 1468 1769 1516 ei
1801 1469 1954 1516 locum
1991 1481 2075 1534 pro
2105 1465 2258 1531 requie
2288 1480 2390 1513 cor-

328 1532 455 1600 poris
495 1532 713 1593 dedcrit3
748 1533 807 1584 de
835 1536 987 1604 gloria
1019 1532 1202 1585 secundi
1229 1537 1341 1587 vero
1372 1573 1388 1594 2
1418 1554 1524 1586 cum
1558 1539 1690 1588 illum
1721 1537 1778 1588 ad
1808 1539 1955 1587 vitam
1986 1535 2273 1602 Capucinam
2307 1551 2388 1602 per

328 1603 538 1654 habitum
570 1621 689 1652 anno
721 1622 873 1668 1599.
915 1606 941 1655 a*
975 1608 1051 1656 Fr.
1082 1606 1313 1656 Michaiile
1340 1606 1630 1659 Gerundenfi
1660 1610 1706 1659 in
1741 1613 1994 1660 Conventu
2025 1607 2387 1676 Figueriarurru

328 1675 553 1725 collatum
588 1678 877 1744 regenuerit.
2339 1724 2342 1727 Α

471 1747 707 1814 Singulari
734 1745 931 1812 denique
960 1745 1137 1796 Divinae
1172 1747 1475 1798 Providentiae
1500 1748 1689 1803 consilio
1721 1747 1801 1799 sibi
1846 1746 1944 1818 post
1974 1743 2266 1797 diversorum
2297 1747 2386 1794 Res

327 1812 599 1883 ligiosorum
617 1849 633 1872 ,
662 1814 915 1882 presertim
952 1818 1056 1883 RR.
1075 1820 1162 1866 PP.
1195 1816 1556 1868 Observantium
1587 1822 1836 1868 incolatum
1868 1815 2079 1885 obtigiffe
2109 1816 2258 1865 credit
2284 1813 2384 1882 pos·

325 1883 563 1936 seffionetn
593 1882 669 1934 seu
699 1887 852 1953 potius
881 1886 1209 1935 habitationem
1251 1885 1434 1940 Domus
1478 1890 1840 1947 Conventualis,
1870 1904 1953 1955 pro
1984 1904 2073 1954 qua
2099 1887 2146 1935 in
2181 1887 2388 1936 Civitate

327 1951 516 2004 Vicensi
543 1953 844 2005 construenda
862 1958 1078 2013 ,vivente
1107 1956 1263 2018 adhuc,
1291 1964 1339 2008 S.
1368 1962 1500 2009 Patre
1530 1957 1766 2010 Francisco
1791 1996 1807 2018 ,
1832 1975 1968 2026 quem
2005 1960 2092 2007 iter
2130 1955 2263 2006 suum
2301 1972 2385 2024 per

328 2027 500 2075 Vicum
532 2022 734 2082 duxisse,
765 2024 971 2074 constans
1013 2024 1151 2074 refert
1193 2029 1382 2078 traditio
1413 2064 1428 2086 ,
1463 2031 1696 2098 Philippus
1726 2030 1751 2080 ὲ
1781 2031 1967 2092 Majolis
1999 2046 2106 2078 cum
2137 2031 2384 2096 Conjugea

329 2093 409 2143 sua
443 2093 639 2143 fundum
665 2106 795 2142 terrae
827 2093 1048 2150 donavit,
1077 2094 1377 2142 instrumento
1400 2098 1591 2162 desuper
1614 2098 1850 2157 confefio,
1878 2097 1926 2150 &
1953 2117 2073 2148 anno
2095 2106 2245 2148 1610.
2271 2113 2386 2147 tem·

321 2179 432 2232 pore
450 2197 466 2218 ,
495 2180 587 2230 quo
618 2159 958 2217 Sanstiffimum
989 2161 1280 2213 Eucharistiae
1305 2167 1652 2216 Sacramentum
1682 2167 1742 2215 ad
1767 2167 1994 2234 praedistae
2011 2166 2190 2215 Domus
2218 2167 2381 2217 nostrat

323 2230 575 2285 Ecclesiam
605 2232 996 2302 proceffionaliter
1026 2230 1117 2281 fuit
1141 2231 1348 2282 delatum
1368 2269 1383 2291 ,
1414 2233 1676 2285 authentice
1699 2250 1879 2303 reperto
1898 2271 1914 2294 ,
1946 2237 2116 2285 tenoris
2132 2234 2384 2304 sequentis:

467 2302 640 2352 CunHis
664 2303 732 2370 sit
771 2302 1036 2369 manifestum
1067 2335 1083 2358 ,
1117 2302 1228 2367 quod
1258 2302 1345 2369 Ego
1373 2304 1599 2368 Philippus
1629 2307 1680 2354 de
1705 2305 1896 2370 quolis
1938 2307 1994 2354 &¹
2027 2305 2155 2358 Uxor
2182 2324 2272 2357 mea
2302 2307 2387 2358 Be-

325 2377 517 2442 rengaeria
543 2388 621 2438 pro
640 2373 785 2438 filute
813 2378 868 2422 &5
897 2370 1073 2420 remedio
1103 2374 1337 2419 animarum
1366 2372 1590 2437 nostrarum
1621 2407 1638 2430 ,
1675 2388 1974 2438 parentumque
2010 2377 2236 2438 nestrorum
2255 2377 2384 2428 dona-

324 2463 413 2495 mus
440 2450 496 2494 &
529 2441 740 2519 afferimus
761 2476 777 2501 ,
813 2443 870 2494 ύ·
894 2444 939 2491 in
957 2441 1152 2508 prasenti
1177 2442 1385 2490 tradimus
1410 2444 1594 2491 Domino
1608 2478 1624 2500 ,
1654 2444 1711 2492 (¹5
1741 2443 1898 2492 Ordini
1937 2440 2032 2489 FF.
2065 2441 2287 2492 Minorum
2318 2452 2384 2511 ip-

310 2515 407 2582 sum
441 2513 624 2562 nostram
644 2515 803 2580 petiam
832 2527 953 2562 terrae
968 2549 984 2573 ,
1021 2528 1142 2580 quam
1168 2510 1361 2561 habemus
1388 2515 1433 2559 in
1467 2512 1673 2562 Parochia
1703 2511 1748 2562 S.
1780 2512 1898 2562 Petri
1938 2509 2062 2569 Vici,
2086 2512 2170 2578 stab
2199 2513 2383 2583 Ecclefiae

322 2584 482 2634 SanHae
516 2584 692 2634 Eulaliae
727 2583 777 2632 de
814 2582 917 2633 Vico
946 2618 961 2642 ,
1011 2601 1100 2631 cum
1146 2581 1387 2650 ingreffibus
1432 2583 1487 2631 (θ’
1515 2581 1734 2653 egreffibus
1767 2589 1821 2633 &5
1857 2579 2223 2651 ffontationibus
2244 2585 2340 2651 ficis
2363 2606 2379 2636 ε

321 2656 382 2706 Et
410 2654 613 2724 affrontat
641 2654 694 2704 ab
720 2655 896 2704 Oriente
918 2656 963 2703 in
989 2654 1139 2702 honore
1165 2650 1347 2703 Maria·
1377 2649 1525 2720 Ifirnae
1540 2690 1556 2713 ,
1594 2657 1620 2705 ὰ
1645 2654 1817 2704 meridie
1846 2656 1891 2701 in
1917 2652 2066 2700 honore
2101 2652 2261 2702 Vitalis
2280 2657 2378 2705 ‘Au-

323 2729 441 2775 rardi
461 2763 477 2786 ‚
514 2726 566 2775 ab
593 2726 756 2774 occiduo
780 2728 825 2774 in
851 2726 940 2774 alia
964 2723 1105 2772 noflra
1129 2725 1247 2788 petia
1260 2757 1276 2780 ,
1313 2742 1434 2791 quam
1467 2723 1529 2772 ibi
1561 2723 1757 2774 habemus
1771 2760 1787 2783 ,
1818 2726 1844 2776 ἃ
1875 2723 2016 2773 Circio
2043 2725 2088 2770 in
2111 2723 2374 2778 Carreriez...

329 2798 446 2848 Tali
470 2797 593 2862 paHo
611 2797 686 2844 hoc
704 2795 852 2844 donum
867 2792 1054 2863 ficimus
1079 2792 1204 2860 ipsius
1230 2794 1386 2843 ordini
1402 2829 1417 2852 ,
1432 2794 1594 2863 q‘usque
1607 2794 1805 2844 Patribus
1826 2831 1842 2854 ,
1866 2809 1913 2842 ut
1936 2793 2110 2842 Fratres
2134 2794 2261 2861 ipfi'us
2288 2797 2373 2844 Or-

323 2868 435 2917 dinis
449 2866 602 2933 poffint
629 2864 758 2914 liberi
775 2864 925 2933 ficere
948 2863 1077 2933 ipsbm
1109 2862 1329 2932 Ecclcfiam
1355 2871 1408 2914 δέ
1435 2866 1591 2915 Demos
1621 2873 1675 2915 ἐφ’
1698 2868 1862 2916 hortum
1892 2866 1946 2914 (Y
1978 2866 2180 2932 quicquid
2198 2865 2371 2916 velint:

320 2938 383 2987 Et
406 2936 496 3004 ipsis
523 2935 701 3003 Ecclefia
724 2935 791 3004 sit
823 2934 986 3002 simper
1012 2933 1197 2983 obediens
1232 2938 1278 2984 in
1304 2934 1488 2984 omnibus
1506 2972 1522 2996 ‚
1557 2937 1613 2989 (β’
1640 2936 1800 2989 devota
1826 2935 2019 3004 Episcopo
2045 2935 2237 3004 Vioerfi,
2259 2936 2373 3005 sutf-

324 3027 401 3080 que
435 3005 737 3074 Succeffim'bus
778 3005 989 3072 Epist-opis
1022 3040 1038 3064 ,
1073 3006 1130 3054 ὑ·
1159 3004 1241 3072 fieb
1273 3006 1529 3056 ordinatione
1558 3013 1612 3056 δέ
1644 3011 1842 3077 regimine
1872 3011 1917 3056 in
1945 3004 2130 3055 omnibus
2146 3041 2162 3056 .

461 3077 606 3145 Quod
626 3078 680 3145 est
694 3075 866 3144 stilum
888 3075 1030 3126 idibus
1060 3075 1302 3127 Decembris
1327 3095 1432 3127 anno
1453 3077 1631 3128 Domini
1673 3094 1820 3140 1225.

456 3197 697 3264 Philippus
726 3196 777 3246 de
804 3193 994 3262 Majolis
1024 3196 1080 3245 ²⁴9·
1103 3194 1357 3266 Berengaria
1387 3195 1519 3251 Uxor
1547 3202 1638 3263 ejus
1665 3231 1683 3257 ,
1716 3198 1791 3266 qui
1814 3190 2014 3264 prediHa
2052 3196 2190 3246 omnict
2222 3193 2365 3244 lauda·

319 3284 408 3317 mus
419 3301 437 3326 ,
470 3269 751 3327 concedimus,
786 3268 843 3317 <7
869 3268 1153 3335 corfirmamus
1170 3303 1184 3317 .

597 3436 849 3485 Commeat
880 3431 1123 3484 Provincia
1150 3431 1210 3483 ad

743 3551 784 3601 C
783 3569 987 3604 ott-ventus
1004 3551 1206 3602 Fratrum
1344 3568 1464 3600 xxv.

745 3668 988 3736 Miffi'ones
1009 3674 1056 3720 in
1077 3670 1276 3720 America
1345 3685 1427 3722 vn.

738 3786 1003 3855 Monqstert'a
1026 3788 1287 3840 Monialium
1338 3806 1401 3841 ιν.
2159 3859 2196 3900 C
2276 3853 2288 3897 Ι

2199 3868 2271 3912 ape
2291 3878 2308 3888 -
