2612 4100
401 169 497 255 52
1060 133 1645 220 Provincia

301 288 389 326 hwd
404 298 522 333 parum
536 283 771 322 relatum-ant
782 307 793 324 ‚
804 278 944 317 feliciter
958 276 1104 316 inducia,
1117 273 1239 320 ubique
1254 276 1547 329 commendatum.
1564 275 1685 328 Mansit
1703 272 2062 319 Principill'av-Antonia
2077 281 2107 319 ln
2124 280 2346 323 Monasteriot'

300 334 378 384 quin
392 345 512 372 munus
526 333 751 379 coadjutricis
761 357 772 372 ,
783 327 1032 367 Coinmunitate
1047 336 1127 358 200.
1145 322 1341 359 Monialium
1358 324 1390 358 in
1403 333 1516 369 partes
1528 323 1619 359 scissa
1633 350 1643 365 ‚
1671 323 1846 359 assumeret
1859 338 1869 366 ;
1885 324 1961 362 hinc
1979 340 2123 367 vocatus
2133 332 2299 377 ,Iosephus
2310 331 2351 366 ab

302 384 589 424 Abbatiiraderin
601 395 674 420 cum
694 379 839 417 Antonia
850 377 1017 423 agendum
1029 373 1093 407 effe
1107 372 1203 407 duxit
1220 395 1232 412 ‚
1247 372 1282 408 &
1299 372 1501 425 per—litteras
1514 399 1523 413 ,
1540 373 1710 409 Abbatissa
1730 374 1765 410 &
1785 375 1930 410 Antonia
1959 375 2087 419 inseiis,
2114 380 2210 425 Papae
2226 403 2238 420 ,
2265 379 2351 426 Regi

302 435 338 471 δε
355 432 566 471 l’arlamento
587 431 715 475 scriptas
733 426 866 465 effecit,
887 433 921 458 ut
940 424 1009 459 haec
1027 431 1148 458 munus
1162 420 1390 464 CoadJutricis
1405 421 1537 458 indilate
1558 422 1715 457 assumere
1729 446 1742 463 ,
1774 424 1809 460 ὅ(
1825 422 1980 458 Habitum
1996 423 2184 463 Monasserii
2211 428 2354 464 induere

303 490 507 530 cogeretur·
533 480 691 525 Cumque
724 479 759 512 &
791 474 903 509 omnia
929 470 1087 507 Antoniae
1123 470 1319 516 gravamina
1345 471 1363 505 a
1387 471 1532 506 confinis
1551 494 1563 511 ‚
1599 471 1719 517 quibus
1755 471 1829 508 duo
1852 471 2016 514 Religioli
2055 476 2239 516 continuo,
2265 475 2355 512 illius

305 530 464 569 Tolosam
477 529 658 575 regressum
677 522 892 561 necessarium
907 519 1107 560 suadebant,
1120 520 1156 555 δι
1168 517 1297 555 facilem
1308 517 1540 559 adulabantur,
1552 519 1710 555 scaturire
1723 520 1860 556 fundate
1881 521 2001 561 noss‘et,
2016 533 2076 566 per
2093 522 2216 558 litteras
2233 526 2355 570 regias,

330 590 389 615 uas
405 579 444 614 de
458 579 573 613 cachee
591 572 781 619 appellant,
796 580 917 605 eorum
932 568 1117 613 regress‘um
1133 566 1288 603 Tolosam
1303 567 1403 602 evicit
1418 591 1428 607 ,
1444 579 1510 604 non
1527 576 1677 608 attento,
1694 569 1791 616 quod
1813 580 1897 605 unus
1912 580 2031 605 eorum
2053 570 2211 609 Antoniae
2234 573 2254 607 a
2272 583 2358 608 con-

304 591 498 663 gestionibus
510 626 586 661 esset
602 644 611 655 .
624 621 726 657 omni
746 621 813 659 jam
828 617 925 653 obice
941 628 1032 653 anno
1050 621 1152 664 ¹⁶07·
1165 615 1298 652 semoto
1312 640 1322 654 ‚
1337 614 1532 652 reformatio
1548 615 1742 652 Monasterii
1762 617 1910 662 incepta,
1934 619 1969 654 &
2000 618 2042 654 ita
2069 618 2211 657 feliciter
2223 621 2306 657 intra
2320 629 2355 665 3.

307 675 441 711 dierum
468 673 605 719 spatium
629 668 777 715 perfida
797 666 842 701 est
858 690 868 705 ‚
900 673 936 702 ut
948 665 1066 702 abusus
1087 664 1265 708 Regularis
1289 663 1520 701 Observantiae
1550 664 1665 702 sublati
1692 688 1705 706 ‚
1740 667 1775 702 δι
1806 666 1959 714 antiquus
1987 665 2130 704 Ordinis
2164 669 2270 706 decor
2299 668 2356 704 fu·

309 724 375 759 erit
408 721 590 757 restitutus:
618 729 681 752 nec
709 714 775 751 ulla
800 714 1008 759 reperiretur
1033 713 1234 750 Monialium
1259 736 1270 753 ,
1297 724 1370 758 quae
1399 712 1652 756 coadjutricem
1678 726 1746 750 non
1773 716 1968 759 agnosceret
1992 740 2004 751 .
2028 715 2232 752 Redivivum
2262 716 2356 762 spiri-

309 773 363 807 tus
386 771 504 807 florem
520 767 605 801 inter
617 774 732 800 muros
745 762 1040 800 Fontebraldenses
1052 762 1171 798 arctari
1191 762 1260 798 haec
1279 760 1384 795 noluit
1395 785 1406 800 ‚
1422 761 1477 799 sed
1491 773 1554 804 per
1564 762 1750 810 encyclicas
1770 763 1895 799 litteras
1910 764 2066 801 omnibus
2080 763 2220 800 Ordinis
2232 765 2280 801 sui
2292 765 2356 800 Su-

310 815 488 865 perioriffis
501 813 646 849 eundem
661 812 692 848 in
706 811 770 849 suis
783 810 993 847 Monasteriis
1007 810 1163 847 renovari
1178 808 1393 855 praescripfit=
1414 803 1521 846 Gallia
1535 820 1655 852 autern,
1670 811 1749 849 dum
1769 812 1834 848 hoc
1846 822 1933 857 opus
1947 813 2141 857 personuit,
2165 812 2249 850 illud
2272 822 2354 857 pro-

308 867 438 912 digium
451 860 586 907 Josephi
601 860 773 901 laudavit,
789 871 980 907 nomenque
995 858 1240 896 Reformatoris
1252 857 1283 892 ei
1300 857 1452 903 apposuit
1464 883 1475 900 ‚
1489 859 1593 895 hocce
1613 860 1718 895 adhuc
1741 868 1894 906 tempore
1917 861 1960 897 ibi
1976 864 2199 898 venerandum
2210 884 2222 896 .
2242 859 2352 896 vertit

308 915 361 951 hle
379 910 590 957 postmodum
603 908 714 946 zelum
736 909 800 947 suae
814 908 943 944 virtutis
956 910 997 945 ad
1011 908 1193 943 Civitatem
1208 905 1452 942 Samuriensem
1465 932 1476 948 ,
1489 908 1524 944 in
1537 918 1604 953 qua
1623 908 1776 954 iniquitas
1788 909 1940 945 clamavit
1955 910 1996 946 ad
2011 910 2152 950 coelum‚
2170 911 2207 947 &
2222 907 2356 953 scapda'-

308 959 339 998 la
352 971 427 996 cum
441 957 594 995 libertate
609 957 809 1003 viguerunt,
822 956 923 992 Primi
928 958 1002 1001 pilis
1022 956 1177 993 Civitatis
1191 955 1276 990 secta
1289 953 1504 1000 Hugenotica
1517 956 1726 1001 depravatis.
1750 955 1909 994 Cloacam
1926 958 2008 995 hanc
2032 958 2198 996 malorum
2212 967 2247 994 ut
2271 967 2355 1003 pur-

308 1007 404 1054 garet
416 1032 427 1047 ‚
441 1007 572 1043 instituit
589 1007 780 1044 Missionem
794 1016 840 1042 eo
854 1004 979 1043 effectu
996 1029 1007 1046 ,
1022 1013 1059 1040 ut
1069 1005 1219 1050 depress'a
1234 1014 1316 1057 vera
1329 1002 1473 1057 Religio
1490 1004 1689 1049 primaevum
1712 1006 1952 1052 adipisceretur
1967 1006 2145 1052 vigorem,
2161 1008 2203 1043 ad
2217 1006 2356 1043 finum.-

307 1055 459 1094 Eceienae
470 1056 507 1097 ,a
521 1068 586 1102 qua
598 1056 822 1096 deflexerant,
836 1052 971 1099 plurimi
991 1053 1140 1092 redirent
1157 1076 1168 1094 ,
1193 1054 1226 1088 δι
1237 1050 1371 1088 delicias
1385 1052 1542 1090 Civitatis
1566 1052 1747 1091 decoraret
1759 1055 1853 1091 ordo
1873 1055 2039 1091 charitatis
2053 1079 2065 1096 ,
2079 1055 2171 1091 fotus
2190 1054 2280 1092 libro
2290 1054 2353 1090 de·

309 1104 460 1141 votionis
475 1104 591 1141 abillo
605 1105 697 1151 typis
717 1103 818 1140 dato.
1249 1124 1253 1125 ν

382 1151 447 1188 Vix
461 1160 572 1190 autern
587 1153 776 1190 Cainovum
792 1150 904 1193 rediit,
914 1152 954 1187 ad
969 1151 1112 1187 Fontem
1126 1149 1301 1188 Ebraldum
1316 1161 1404 1186 nova
1415 1149 1556 1188 honoris
1569 1152 1661 1188 scena
1676 1163 1756 1188 eum
1773 1152 1910 1189 vocavit
1924 1175 1936 1187 .
1961 1148 2103 1187 Nullum
2114 1151 2359 1189 Jurisdiaionis

312 1200 602 1238 Fontebraldeniis
618 1199 859 1238 Monasterium
874 1199 1018 1237 miserias
1031 1198 1136 1235 civilis
1150 1198 1227 1235 belli
1244 1201 1276 1236 in
1292 1208 1385 1236 tanto
1396 1199 1551 1244 pondere
1564 1200 1712 1241 sensit,ac
1727 1199 1916 1247 illud‚quod
1931 1200 2124 1235 I'Encloiere
2140 1209 2273 1236 vocant=
2284 1199 2359 1235 fue-

310 1262 350 1289 re
361 1249 617 1286 enimMoniales
628 1249 979 1287 coaetaeSanduarium
995 1247 1360 1294 linquere,confulione
1373 1259 1486 1286 rerum
1499 1249 1648 1285 omnium
1665 1247 1903 1296 squallidum&
1913 1249 1931 1284 a
1947 1247 2143 1284 Parentibus
2155 1248 2283 1296 asylum
2291 1247 2361 1284 vin-

310 1297 455 1344 ginitatis
484 1298 520 1334 &
536 1298 613 1335 vitae
625 1306 740 1344 petere
756 1311 765 1332 ε
793 1298 924 1335 rediere
936 1296 1072 1344 quidem
1088 1307 1168 1342 pace
1189 1297 1348 1335 conclusa
1361 1297 1400 1332 ad
1415 1307 1557 1339 muron
1581 1304 1640 1338 at,
1662 1308 1737 1333 cum
1750 1296 1784 1332 in
1796 1296 1945 1342 plurimis
1957 1307 2071 1333 earum
2090 1297 2224 1333 libertas
2241 1295 2362 1332 mundi

309 1346 461 1393 spiritum
475 1346 639 1394 religiosa:
653 1347 729 1383 vitae
743 1346 827 1382 haud
844 1358 882 1392 pa
889 1357 961 1382 rum
976 1345 1138 1382 minuiiset
1153 1370 1163 1387 ,
1177 1347 1216 1382 ad
1231 1347 1319 1382 hunc
1333 1345 1577 1386 restaurandum
1593 1347 1790 1391 potentiore
1801 1345 1914 1381 medio
1927 1355 2014 1388 opus
2025 1345 2118 1382 fuisse
2130 1345 2226 1383 facile
2235 1344 2358 1388 conjici

311 1394 437 1440 potess-
464 1394 619 1431 Tentavit
633 1395 729 1441 plura
744 1394 904 1432 Abbatiffa
916 1394 1083 1431 Eleonora
1100 1418 1112 1435 ,
1127 1394 1294 1440 optimum
1309 1393 1440 1431 invenit
1451 1395 1481 1430 in
1495 1394 1644 1439 Josepho
1657 1419 1668 1436 ,
1696 1405 1762 1440 pro
1773 1405 1844 1442 quo
1855 1395 1890 1430 δι
1906 1393 1970 1438 ipsa
1986 1393 2124 1430 noviter
2137 1397 2182 1432 eo
2196 1395 2281 1431 mitra
2296 1393 2360 1430 En·

310 1441 536 1479 cloiterrensis
552 1441 932 1490 SuperioriffaDomina
946 1443 987 1478 de
1003 1441 1306 1486 Harleux,rogavit
1323 1466 1334 1477 .
1358 1442 1500 1480 Gavisus
1515 1443 1560 1479 est
1579 1434 1729 1484 ille,dum
1746 1443 1779 1480 in
1793 1439 1932 1479 confuso
1952 1441 2019 1478 hoc
2036 1441 2230 1480 Monasterii
2255 1443 2363 1485 statu,

309 1491 500 1532 iamdudum
513 1492 532 1528 a
546 1492 577 1527 se
591 1501 762 1537 conceptae
775 1491 1064 1539 Coi-gregationis
1077 1490 1226 1529 Calvarii
1243 1491 1328 1529 basin
1346 1490 1446 1527 latere
1463 1492 1609 1530 advertit
1621 1505 1632 1526 ε
1659 1489 1791 1528 volavit
1813 1501 1903 1527 anno
1917 1491 2020 1533 1609.
2040 1491 2080 1526 ad
2106 1490 2360 1528 reformationis

309 1550 400 1584 opus
410 1563 421 1581 ‚
445 1541 538 1586 quod
556 1540 700 1578 durioris
716 1540 847 1587 pietatis
868 1539 1034 1577 exercitio
1047 1539 1180 1579 fortiter
1193 1541 1314 1586 incepit
1330 1542 1365 1577 8(
1376 1539 1558 1588 gloriosius
1568 1539 1708 1586 perfecit
1723 1540 1825 1577 -Non
1842 1538 2004 1574 horruere
2018 1538 2167 1585 rigorem
2177 1539 2362 1582 Monialen,

310 1587 391 1623 dum
405 1589 487 1624 novi
500 1588 614 1635 templi
628 1589 799 1626 columnas
820 1590 851 1624 se
876 1589 1047 1628 destinatas
1058 1588 1121 1624 else
1135 1589 1372 1634 praesciverunt
1384 1612 1395 1623 .
1422 1589 1556 1635 Stupuit
1566 1588 1669 1625 citum
1681 1589 1793 1634 operis
1806 1586 1964 1624 effectum
1980 1587 2123 1624 Domina
2131 1590 2263 1626 Joanna
2275 1587 2362 1638 Gui-

309 1635 410 1672 ehard
427 1638 468 1672 de
480 1637 644 1674 Bourbon
659 1662 668 1679 ,
691 1638 852 1676 Abbatiss'a
867 1637 1055 1674 Monasserii
1071 1637 1125 1672 SS.
1139 1637 1308 1675 Trinitatis
1327 1637 1612 1678 Piaaviimonnlfi
1627 1637 1736 1682 paucis
1747 1636 1841 1674 horis
1853 1637 1871 1672 a
1888 1634 2093 1673 Monasterio
2103 1635 2360 1672 Encioiterrenii

310 1684 454 1721 distantis
469 1710 479 1726 ,
504 1697 540 1721 ac
554 1710 565 1726 ,
590 1687 671 1723 ficut
685 1687 783 1724 &illa
798 1698 914 1723 aurum
927 1685 1105 1732 Religiosae
1118 1686 1372 1723 consuetudinis
1385 1685 1590 1722 obfuscatum
1601 1684 1792 1727 deflevit,ita
1809 1687 1845 1722 δι
1858 1684 1987 1729 Iosephi
2007 1684 2121 1721 labore
2139 1685 2205 1721 hoc
2217 1681 2359 1731 purgari

311 1733 449 1775 rogavit
465 1757 475 1768 .
501 1734 565 1769 Ivit
582 1738 618 1772 &
632 1735 709 1772 illuc
723 1760 734 1777 ,
760 1737 796 1773 δι
815 1742 895 1771 vota
911 1734 1083 1772 Abbatissae
1097 1733 1277 1781 complevit
1292 1759 1302 1775 ‚
1328 1735 1411 1771 dum
1424 1735 1544 1771 indicta
1557 1734 1802 1770 decendiorum
1814 1733 2055 1769 exercitiorum
2073 1733 2362 1774 devotionum·-

311 1779 353 1814 da
369 1780 566 1819 Monialium
584 1783 625 1818 ita
640 1785 832 1821 mutavit,ut
845 1782 1077 1817 reformationi
1093 1782 1125 1815 se
1137 1783 1265 1818 dociles
1279 1783 1478 1818 subiicerent
1488 1805 1498 1816 .
1527 1782 1582 1816 De
1596 1781 1678 1816 actis
1691 1781 1885 1817 Monasterii
1906 1780 2180 1816 Encloiterrenfis
2196 1781 2362 1816 rationem

310 1827 508 1863 redditurus
525 1852 534 1867 .
551 1830 732 1866 Antoniam
745 1830 996 1869 Coadiutricem
1010 1828 1169 1862 convenit
1181 1852 1191 1867 ‚
1206 1839 1295 1863 anno
1309 1833 1413 1862 1610.
1427 1828 1572 1862 Pariiios
1585 1828 1626 1862 ad
1641 1826 1836 1870 Capitulum
1850 1827 1883 1862 se
1896 1826 2039 1861 contulit
2051 1851 2061 1867 ‚
2084 1827 2249 1872 finitoque
2262 1830 2361 1869 jam...

310 1873 556 1914 Guardianatns
569 1876 684 1912 officio
691 1901 704 1923 ,
732 1875 910 1911 solertiore
927 1874 1040 1910 studio
1052 1874 1234 1910 animarum
1248 1874 1339 1910 saluti
1354 1875 1547 1910 incumbere
1557 1873 1700 1918 incepit:
1725 1874 1870 1920 dumque
1883 1872 2057 1909 stationem
2070 1874 2154 1910 suam
2166 1875 2211 1911 ibi
2225 1875 2363 1921 longio·
2426 1899 2430 1903 -

313 1935 385 1960 rem
399 1921 474 1960 fore
487 1924 688 1965 autumavit,
714 1925 752 1960 ad
766 1922 979 1960 Provinciam
997 1922 1228 1958 Turonensem
1242 1923 1354 1958 redire
1366 1923 1481 1958 debuit
1501 1946 1512 1961 2
1540 1922 1558 1959 it
1572 1933 1605 1967 3·
1619 1921 1821 1967 Principiffis
1833 1932 1895 1966 per
1903 1921 2122 1959 Cardinalem
2133 1922 2363 1967 Jojosaeums,

313 1972 455 2010 Ordinis
473 1973 709 2007 Protectorem
723 1976 866 2015 petitus.
894 1970 995 2004 Haesit
1008 1993 1019 2007 ‚
1044 1971 1124 2002 dum
1141 1970 1182 2003 ibi
1202 1971 1359 2004 Antoniae
1367 1968 1566 2011 principun:
1578 1969 1690 2003 assutae
1698 1969 1829 2010 pietatis
1841 1969 1912 2004 aaa
1932 1970 2083 2012 percepit
2099 1981 2112 2010 3
2136 1971 2206 2006 haee
2219 1983 2340 2008 emm-¹
2350 1995 2364 2014 ,

314 2031 387 2055 eum
407 2028 526 2052 munus
541 2017 772 2056 Coadiutricis
785 2015 913 2050 nonnisi
930 2013 1110 2049 formidine
1123 2013 1271 2049 censurae
1285 2014 1490 2057 aceeptaffet,
1504 2012 1636 2048 secretis
1648 2013 1767 2049 litteris
1779 2015 1952 2051 Summum
1965 2015 2165 2051 Pontificem
2180 2019 2223 2053 de
2235 2017 2282 2052 sui
2298 2018 2363 2054 sta·

317 2067 370 2102 tus
383 2063 588 2100 desolatione
605 2063 771 2104 instruxit,
783 2065 818 2098 &
832 2063 870 2097 ad
886 2060 1066 2096 Tolosanas
1079 2062 1316 2099 Fevillantines
1327 2061 1447 2096 remitti
1464 2062 1601 2105 rogavit
1613 2083 1624 2094 .
1649 2060 1794 2098 Examen
1809 2063 1977 2099 rationum
1991 2063 2114 2099 remisit
2126 2065 2214 2110 Papa
2234 2065 2360 2102 altefati

316 2111 504 2150 Cardinalis
516 2111 646 2152 judicio
662 2134 675 2152 ‚
700 2114 736 2148 &
753 2110 933 2147 Antoniam
950 2109 1106 2145 Tolosam
1122 2109 1292 2146 remittere
1304 2111 1380 2150 eius
1394 2109 1537 2146 arbitrio
1550 2109 1688 2157 reliquit
1701 2133 1712 2144 .
1738 2110 1899 2147 Rationes
1926 2113 2003 2147 dum
2024 2111 2270 2160 Subdelegatus
2283 2114 2359 2152 Do-

318 2163 395 2199 ctor
410 2160 575 2196 Sorbonae
587 2160 682 2202 iustas
697 2159 842 2201 invenit,
872 2158 1015 2194 reditum
1028 2157 1058 2193 ei
1074 2157 1190 2205 negari
1205 2169 1270 2193 non
1286 2160 1378 2204 posse
1390 2159 1516 2194 decidit
1529 2181 1540 2193 .
1566 2158 1655 2194 Laeta
1673 2159 1716 2194 de
1739 2159 1805 2195 hoc
1817 2160 1940 2196 nuntio
1952 2160 2099 2198 Antonia
2125 2163 2255 2200 vocavit
2266 2163 2362 2199 Jose-

320 2211 421 2256 phurn
434 2210 475 2244 de
489 2206 630 2244 hocnec
642 2207 861 2245 somniantem
874 2231 885 2248 ‚
913 2209 950 2244 &
962 2206 1045 2242 dum
1058 2207 1090 2242 se
1105 2207 1179 2242 voti
1193 2207 1240 2242 sui
1254 2215 1446 2251 compotem
1470 2206 1586 2242 naam
1599 2207 1664 2242 effe
1678 2207 1812 2248 retulit,
1837 2208 1893 2244 ille
1908 2219 1967 2252 par
1980 2208 2051 2254 pari
2068 2210 2126 2246 fibi
2139 2215 2280 2249 relatum
2294 2212 2361 2247 effe

316 2259 404 2295 inter
418 2257 451 2293 se
463 2255 640 2300 cogitavit,
654 2258 687 2293 &
704 2257 864 2302 gaudium
879 2257 909 2291 in
925 2256 1007 2292 ficto
1017 2255 1246 2299 gratulationis
1258 2256 1372 2293 officio
1384 2257 1540 2301 expreffit
1555 2269 1566 2297 ς
1587 2255 1674 2292 Vere
1687 2253 1774 2292 enim
1787 2257 1928 2293 Fontem
1938 2256 2117 2294 Ebraldum
2131 2261 2279 2296 Antonia
2290 2260 2361 2305 pri-

318 2306 390 2344 vari
406 2303 509 2341 doluit
521 2330 531 2344 .
556 2305 708 2340 &adhuc
722 2305 789 2341 sola
807 2306 976 2341 Abbatiffae
992 2313 1127 2345 morte,
1150 2316 1247 2351 quam
1268 2306 1410 2343 vicinam
1428 2305 1599 2351 supposuit
1614 2328 1625 2346 ,
1652 2306 1872 2348 mutationem
1891 2306 2017 2342 consilii
2039 2307 2072 2343 in
2089 2309 2238 2345 Antonia
2258 2310 2294 2345 δι
2310 2307 2364 2344 vio·

318 2355 423 2390 duum
438 2354 585 2390 officium
597 2354 768 2389 Abbatiss'ae
791 2354 830 2389 ab
846 2364 884 2388 ea
896 2353 1130 2396 acceptandum
1142 2353 1207 2388 eise
1220 2353 1362 2399 speravit
1379 2377 1391 2389 .
1417 2355 1574 2395 Successit
1601 2364 1692 2391 mors
1713 2353 1827 2395 illius,
1851 2356 1886 2391 δι
1909 2355 1994 2390 stetit
2015 2355 2085 2392 haec
2106 2357 2140 2392 in
2165 2358 2275 2393 verbo
2299 2357 2363 2392 suo

319 2401 499 2438 immobilis
515 2425 525 2435 .
553 2401 640 2437 Hinc
652 2404 693 2436 de
705 2401 775 2437 alea
788 2402 907 2437 futurae
917 2400 1091 2436 electionis
1101 2401 1407 2448 agitatusJosephus
1421 2404 1646 2444 Armandum,
1671 2403 1867 2449 Episcopum
1880 2412 1960 2439 tunc
1971 2404 2232 2446 Luconiensem‚'
2251 2407 2364 2450 &po-

321 2451 386 2487 stea
400 2452 433 2486 S.
446 2451 488 2486 R.
501 2450 535 2485 Ε.
546 2449 762 2486 Cardinalein
775 2451 818 2485 de
834 2447 1009 2485 Richelieu
1024 2450 1054 2484 in
1069 2450 1226 2486 Prioratu
1244 2448 1300 2486 des
1311 2452 1429 2497 Raches
1442 2454 1459 2488 a
1469 2452 1576 2487 Fonte
1590 2451 1734 2488 Ebraldo
1746 2463 1864 2498 parum
1876 2452 1988 2489 diffito
2009 2453 2189 2499 degentem
2209 2454 2361 2496 acceffit,

319 2507 508 2543 captatur-us
523 2523 533 2538 ,
559 2510 635 2544 quae
650 2496 791 2554 melioxa
803 2498 906 2534 essent
920 2521 932 2538 ,
957 2495 1121 2544 reguland
1165 2498 1341 2535 electionis
1358 2499 1490 2537 consilia
1504 2523 1515 2535 .
1540 2500 1613 2537 leto
1629 2501 1717 2537 inter
1730 2502 1814 2536 duos
1826 2501 1923 2536 hosce
1935 2500 2039 2536 Viros
2053 2501 2202 2539 amicitia:
2217 2501 2366 2544 foedere,

321 2548 415 2594 quod
431 2546 530 2582 fasces
542 2545 677 2591 imperii
689 2545 806 2583 Gallici
820 2546 879 2582 diu
896 2547 1020 2583 rotavit
1033 2571 1045 2588 ,
1070 2545 1125 2583 eol
1141 2555 1265 2595 atoque
1282 2548 1370 2585 inter
1385 2548 1417 2583 se
1436 2549 1478 2584 de
1492 2559 1529 2584 re
1550 2549 1668 2585 Fontis
1687 2547 1815 2585 Ebraldi
1839 2548 1982 2585 confilio
2026 2558 2170 2586 mortem
2180 2550 2361 2587 Eieonorae

318 2595 502 2632 Borboniae
514 2620 524 2636 ‚
549 2595 677 2632 ficut&
696 2595 981 2633 renuntiationem
993 2595 1187 2640 Principissae
1202 2597 1359 2634 Antoniae
1380 2597 1570 2643 personales
1584 2598 1724 2643 Reginae
1738 2598 1885 2635 Francia:
1901 2597 2096 2634 nuntiarunt
2114 2622 2126 2639 ‚
2150 2610 2224 2645 quae
2237 2599 2273 2634 &
2287 2596 2363 2633 lite-

323 2644 368 2680 ris
381 2644 481 2685 huius
496 2647 561 2687 jam
576 2643 961 2689 praeventa‚Monialibus
977 2643 1114 2680 liberam
1128 2644 1330 2681 electionem
1343 2671 1353 2687 ‚
1382 2657 1427 2682 ex
1438 2645 1542 2694 gratia
1554 2648 1690 2694 quidem
1699 2645 1831 2730 speciali
1853 2670 1864 2688 ,
1888 2646 2084 2683 conditione
2106 2655 2216 2684 tamen
2232 2671 2243 2688 ‚
2258 2656 2296 2683 ut
2307 2643 2362 2683 illa

320 2692 452 2729 nonnisi
465 2692 632 2738 Episcopo
650 2694 823 2729 Armando
839 2716 849 2734 ‚
872 2694 906 2730 ἃ
919 2692 1064 2738 Josepho
1091 2694 1308 2739 praesentibus
1326 2695 1552 2732 institueretur
1567 2720 1578 2737 ,
1602 2696 1780 2734 conceffit-
1834 2695 1979 2733 udovica
2001 2695 2043 2728 de
2056 2695 2233 2736 Lavedan,
2258 2703 2360 2742 quam

318 2743 335 2778 J
340 2741 482 2786 osephus
498 2741 672 2777 meliorem
688 2744 723 2779 δι
740 2749 883 2777 noverat
898 2764 909 2781 ,
933 2742 968 2777 &
994 2743 1288 2779 commendaverat
1301 2768 1312 2785 ‚
1337 2742 1494 2789 glorioso
1517 2752 1607 2780 voto
1620 2744 1783 2780 Abbatiss‘a
1801 2742 2004 2789 proclamata
2018 2743 2104 2786 fuit;
2127 2755 2226 2791 quam
2240 2744 2276 2780 δι
2290 2743 2362 2778 Re-

320 2790 398 2836 gina
410 2789 621 2826 confirmavit
637 2814 648 2831 ,
669 2791 744 2827 data
760 2789 964 2835 Principissae
977 2791 1132 2828 Antoniae
1147 2790 1244 2836 piena
1261 2792 1403 2838 optione
1416 2817 1425 2833 ‚
1456 2791 1510 2828 vel
1541 2802 1663 2828 munus
1688 2790 1917 2828 Coadiutricis
1952 2791 2103 2827 servandi
2119 2815 2130 2833 ,
2150 2790 2204 2826 vel
2218 2793 2258 2827 ad
2272 2789 2363 2828 aliud

321 2838 462 2875 Ordinis
477 2836 715 2874 Monasterium
728 2850 792 2883 pro
805 2837 899 2874 libitu
913 2840 1085 2875 secedendi
1098 2864 1108 2874 .
1129 2840 1260 2886 Regina
1268 2840 1405 2886 quidem
1419 2865 1429 2881 ,
1457 2849 1492 2875 ut
1505 2841 1563 2877 fibi
1580 2840 1746 2877 Dilectam
1760 2841 1898 2876 haberet
1926 2837 2090 2881 vicinam,
2119 2838 2363 2876 Monasterium

321 2887 354 2922 S.
376 2887 583 2932 Magdalenae
596 2887 637 2923 ab
653 2887 839 2924 Aureliano
851 2899 970 2933 parum
988 2887 1104 2923 distans
1117 2890 1146 2924 ei
1165 2889 1335 2936 proposuit
1347 2914 1358 2930 ‚
1382 2888 1532 2926 Antonia
1556 2898 1662 2925 tamen
1676 2887 1819 2925 contilio
1834 2890 1870 2925 &
1886 2895 1977 2924 voto
1991 2888 2127 2933 Joseplii
2141 2911 2154 2929 ,
2177 2890 2214 2924 δι
2227 2887 2362 2924 Monia-

327 2935 409 2970 lium
430 2936 590 2971 accessura
602 2960 611 2976 ‚
642 2932 723 2972 illud
741 2937 779 2971 de
792 2936 1015 2976 l’Encloitm
1036 2937 1092 2975 ubi
1108 2938 1239 2983 spiritus
1254 2936 1455 2983 paupertatis
1469 2937 1515 2971 ob
1528 2935 1700 2980 angustum
1713 2937 1846 2972 censum
1866 2936 1964 2982 usque
1978 2935 2019 2972 ad
2039 2936 2220 2973 horrorem
2237 2935 2360 2979 viguit,

322 2981 454 3023 selegit;
475 2984 513 3017 ad
529 2985 635 3028 quod,
652 2987 686 3022 δι
701 2985 838 3020 ῡυεῑΐεῆ
855 2987 898 3019 de
910 2983 995 3020 Retz
1007 2983 1167 3031 Cognata
1179 3011 1190 3027 ‚
1215 2986 1379 3031 Episcopo
1391 2984 1590 3023 Luconienfi
1602 3008 1614 3025 ‚
1635 2984 1826 3030 &Josepho
1835 2983 2067 3021 comitantibus
2079 3009 2089 3024 ,
2109 2983 2171 3020 fuit
2186 2984 2357 3029 perducta.

325 3029 421 3067 Illico
437 3030 467 3064 in
484 3032 559 3069 eius
574 3033 707 3075 appulsu
730 3032 928 3078 patefactum
944 3033 991 3070 est
1011 3034 1204 3080 mysterium
1222 3034 1362 3070 Ordinis
1376 3031 1525 3070 Calvarii
1541 3034 1696 3080 erigendi
1712 3057 1725 3074 ,
1749 3031 1903 3080 illudque
1925 3043 1985 3078 per
2002 3031 2206 3068 Monasteria
2218 3033 2360 3070 Ordinis

327 3079 508 3123 vulgatum
524 3091 569 3114 eo
583 3080 705 3115 effectu
724 3106 736 3122 ‚
761 3091 795 3117 ut
811 3082 925 3127 plures
936 3080 1105 3119 Moniales
1114 3084 1155 3120 ad
1165 3094 1263 3119 novae
1275 3083 1525 3120 reformationis
1538 3081 1710 3118 transitum
1723 3080 1757 3116 se
1773 3081 1982 3117 resolverent
1993 3102 2008 3114 .
2029 3082 2132 3116 Anno
2150 3084 2214 3116 161
2225 3093 2253 3118 i.
2267 3081 2309 3117 ad
2321 3079 2362 3116 fi-

330 3139 405 3164 nem
423 3125 610 3162 declinante
625 3152 634 3167 ‚
655 3128 816 3174 ,Iosephus
832 3131 882 3166 Tu
890 3142 1005 3167 ronam
1020 3131 1050 3166 se
1063 3129 1202 3168 contulit
1217 3155 1229 3173 ,
1243 3133 1280 3167 &
1292 3132 1372 3167 dum
1394 3131 1436 3168 ibi
1463 3129 1611 3177 sublege
1629 3129 1820 3175 Superioris
1832 3129 1948 3165 vivere
1960 3128 2110 3173 optavit,
2124 3129 2158 3164 se
2171 3129 2212 3164 ad
2226 3129 2358 3165 Defini-

331 3184 478 3211 toratum
493 3198 504 3213 ⁵
525 3176 559 3211 &
575 3175 748 3213 successive
761 3180 798 3212 ad
814 3179 1010 3215 Vicariaturn
1026 3205 1038 3222 ‚
1051 3181 1086 3217 &
1100 3179 1321 3216 Ministerium
1333 3180 1524 3216 Provincia
1542 3203 1554 3220 ‚
1573 3178 1703 3221 nonnisi
1717 3174 1838 3225 13.vel
1856 3188 1911 3223 ¹4·
1925 3176 2117 3222 Religionis
2130 3187 2236 3213 annos
2249 3177 2359 3218 adhuc

327 3233 507 3261 numerans
519 3248 529 3264 ‚
542 3233 737 3266 promotum
751 3226 945 3270 conspexit.
976 3229 1103 3267 Rarum
1125 3229 1205 3266 ficut
1214 3227 1279 3264 fuit
1292 3227 1469 3266 electionis
1484 3225 1673 3272 exemplum
1685 3251 1695 3267 ‚
1718 3224 1759 3263 ita
1787 3224 1937 3272 regimen
1961 3223 2025 3260 fuit
2040 3233 2210 3270 conceptae
2224 3237 2268 3261 ex
2281 3228 2355 3268 ejus

328 3273 454 3308 virtute
477 3270 541 3316 spei
558 3273 733 3308 conforme
746 3298 757 3307 .
782 3274 935 3311 Samurio
947 3275 1139 3315 Cainovum
1153 3289 1244 3314 anno
1257 3281 1361 3320 1615.
1378 3287 1522 3324 pergens
1535 3301 1546 3318 ‚
1568 3276 1601 3312 in
1613 3273 1750 3311 AEdibus
1766 3273 1904 3310 Domini
1917 3272 2099 3310 Blanehard
2113 3274 2278 3310 Canonici
2293 3275 2356 3310 ho-

329 3320 507 3365 spitabatur
517 3345 525 3357 ,
548 3321 582 3356 &
596 3345 606 3361 ,
624 3323 703 3356 dum
717 3334 794 3358 eum
809 3322 1029 3362 dormientem
1044 3328 1252 3364 crediderant
1266 3351 1277 3368 ,
1303 3328 1343 3362 ad
1357 3325 1448 3362 fore·
1460 3324 1609 3362 Ecclefiae
1623 3324 1655 3359 S.
1671 3323 1803 3359 Martini
1816 3323 1856 3358 de
1871 3322 1971 3358 cande·
1981 3321 2259 3358 oravit..Mirum
2272 3324 2355 3370 quid

332 3370 376 3405 ibi
390 3368 568 3410 contigisse
577 3379 695 3405 omnes
710 3370 891 3407 intulerunt
908 3384 950 3406 ex
967 3375 1080 3411 scheda
1095 3377 1131 3414 &
1142 3385 1233 3417 nota,
1241 3374 1312 3420 post
1324 3385 1468 3412 mortem
1482 3375 1555 3415 eius
1568 3380 1702 3418 reperta
1712 3396 1722 3412 ‚
1746 3371 1778 3408 in
1793 3382 1857 3417 qua
1872 3379 1979 3407 tamen
1993 3370 2187 3417 mysterium
2199 3381 2355 3416 penetra·

331 3420 360 3456 ri
373 3418 528 3465 nequibat
542 3441 552 3457 ,
578 3429 650 3452 cum
665 3420 794 3454 nonnifi
806 3423 932 3463 maiore
950 3421 1057 3461 littera
1068 3426 1257 3471 expressum
1271 3423 1402 3471 legatur
1414 3424 1460 3466 id,
1474 3423 1561 3472 quod
1572 3422 1711 3469 contigit
1724 3420 1982 3467 adsi-pulchrum
1998 3420 2175 3455 S.Marti’ni
2186 3421 2226 3455 de
2238 3423 2351 3460 cande.

333 3468 436 3503 Cura:
449 3467 601 3501 Fratrum
617 3468 653 3503 δι
669 3467 858 3504 Provinciae
875 3470 953 3506 dum
964 3475 1091 3510 assiduo
1102 3474 1177 3511 zelo
1188 3473 1342 3514 intendit,
1358 3472 1518 3511 laboravit
1532 3469 1623 3509 liniul
1634 3481 1711 3505 cum
1723 3469 1871 3505 Antonia
1884 3478 1947 3513 pro
1957 3467 2229 3504 Fontebraldenfi
2245 3469 2356 3508 refor-

336 3517 482 3551 matione
497 3539 508 3555 ‚
525 3527 565 3551 ne
576 3524 678 3563 coepta
695 3519 850 3564 temporis
865 3519 1108 3566 languescerent
1113 3522 1223 3571 spatio
1235 3535 1245 3557 z
1257 3523 1292 3559 ἃ
1306 3530 1342 3558 ut
1352 3524 1473 3560 citiore
1491 3522 1676 3566 assurgeret
1690 3517 1810 3555 effedu
1826 3527 2051 3564 opus‚novam
2066 3518 2084 3551 a
2095 3515 2203 3553 Paulo
2220 3518 2356 3555 ’if-obti-

337 3567 408 3600 nuit
423 3562 548 3602 Bullam
565 3588 577 3605 ,
602 3576 664 3610 qua
679 3566 823 3602 Antonia
848 3578 886 3601 ea
901 3568 1007 3605 forma
1020 3596 1030 3611 ,
1056 3584 1123 3619 qua
1137 3572 1172 3608 id
1185 3579 1338 3617 tempore
1352 3571 1530 3608 Eleonorae
1547 3569 1668 3605 factum
1683 3567 1747 3604 fuit
1758 3591 1770 3610 ,
1781 3566 1985 3604 Coadiutrix
2000 3565 2183 3603 Ludovicae
2193 3566 2237 3602 de
2249 3566 2356 3603 Lave-

336 3611 403 3667 dau⁴
414 3613 474 3665 fuit
491 3614 662 3650 constituta
675 3640 686 3655 ,
706 3613 865 3661 fimulque
879 3627 954 3651 cum
967 3619 1128 3657 Abbatiffa
1142 3620 1379 3667 Superioriss‘as
1395 3632 1462 3667 pro
1483 3618 1619 3656 arbitrio
1633 3616 1806 3662 eligendi,
1828 3617 1863 3652 δι
1887 3614 2097 3651 seminarium
2119 3626 2184 3661 pro
2197 3613 2238 3651 iis
2248 3637 2262 3655 ,
2273 3626 2349 3661 quae

340 3662 510 3711 f¹g¹d¹⁰fl⁸
521 3664 599 3700 ‘'5‘ae
614 3663 753 3701 formam
769 3664 952 3706 ambirent,
978 3669 1131 3711 erigendi
1154 3669 1287 3706 facultas
1310 3669 1486 3708 concessa.
1511 3665 1727 3712 Oportuniua
1742 3666 1782 3701 ad
1805 3665 1894 3701 hunc
1906 3664 2077 3700 Seminarii
2098 3663 2198 3701 finem
2223 3663 2350 3699 censuit

332 3707 493 3752 Jolephus
507 3709 745 3750 Monasterium
762 3713 1003 3758 Encloitrense;
1032 3718 1156 3765 vixque
1167 3719 1258 3757 illius
1266 3718 1327 3755 fuit
1338 3728 1418 3758 nota
1431 3715 1609 3765 institutio,
1636 3712 1727 3753 illico
1741 3714 1914 3759 Novitiis,
1932 3714 1969 3751 &
1985 3712 2188 3751 Monialibus
2205 3711 2248 3746 ab
2261 3711 2353 3749 omni

2214 3768 2307 3804 parte
