2638 4088
1042 192 1640 282 Cataloniae.

314 336 478 379 elevare
500 336 549 379 ad
576 337 745 381 eandem
771 340 1079 397 proportionem
1102 346 1141 386 δι
1155 345 1292 387 altitu-

316 392 454 438 dinem
475 423 491 447 ,
510 409 554 437 ac
569 395 593 439 fi
609 411 690 441 non
707 396 838 442 fuiffet
855 401 1124 444 constructum
1137 432 1150 444 .

430 457 610 498 oetam.
641 458 768 517 Qod
783 473 832 501 ex
845 469 960 514 parte
984 461 1081 503 disti
1103 465 1299 504 Conven-

315 512 380 558 tfis
405 515 799 570 PP.Capucinorum
822 531 901 558 non
929 530 1104 573 ponetur
1131 548 1144 570 ,
1178 529 1296 573 prout

311 586 388 630 pro
401 586 453 616 eo
466 586 559 616 cum
585 574 767 629 praefenti
791 575 1038 630 promittunt
1053 578 1146 619 dieti
1162 579 1295 620 Reve-

315 631 537 675 rendiffimi
554 634 599 675 P.
618 634 881 677 Provincialis
894 663 910 685 ,
932 636 972 676 &
988 635 1296 688 Diffinitorium,

309 692 351 734 δε
366 690 612 747 supradic'tus
625 691 823 748 syndicus
850 694 1102 748 Apostolicus
1126 709 1205 737 non
1222 709 1297 752 po-

309 763 409 793 nere
420 778 435 802 ,
447 750 691 794 obstaculum
709 780 722 802 ‚
739 752 838 795 licet
857 753 1059 794 minimum
1074 782 1088 805 ,
1110 767 1184 796 nec
1202 753 1294 797 leve

308 809 641 864 impedimentum
667 823 774 853 novae
795 810 955 854 sabricae
966 812 1205 856 Refidentiae
1230 813 1293 855 di-

306 871 376 909 &ae
391 870 540 912 Sanc'tae
553 868 787 924 Speluncae,
808 883 892 925 quae
916 869 1118 926 defignata
1144 871 1224 923 est,
1253 872 1292 913 &

307 928 462 982 quanto
475 927 600 982 magis
613 923 914 982 crescet,magis
927 938 1015 970 erat
1029 929 1173 972 distans
1190 931 1211 972 ἑι
1226 929 1289 971 di·

305 987 372 1027 eto
389 989 605 1028 Conventu
619 1014 634 1035 ‚
663 987 703 1027 δι
720 998 769 1026 ex
782 996 899 1039 parte
922 985 1163 1031 Refidentiae
1176 988 1291 1030 diaae

303 1043 454 1086 sanetae
470 1043 700 1098 Speluncae,
724 1044 751 1084 fi
767 1057 836 1099 per
858 1044 1063 1097 accidens,
1076 1049 1117 1090 &
1130 1047 1292 1103 quando

301 1101 428 1145 solum
442 1130 457 1152 ,
487 1110 554 1145 aut
583 1102 814 1159 dejiciendo
826 1101 953 1146 filices
976 1103 1197 1148 inferretur
1213 1104 1289 1148 ali-

302 1159 411 1216 quod
427 1159 699 1216 praejudicium
713 1161 796 1219 ejus
814 1160 1014 1214 clausurae,
1026 1164 1067 1207 id
1082 1174 1215 1208 totum
1229 1177 1293 1206 re-

301 1217 411 1261 ficiet
426 1219 500 1262 suis
514 1222 692 1275 expenfis
726 1220 899 1276 propriis
915 1249 929 1272 ,
958 1220 1053 1266 &in
1074 1223 1287 1267 eundenL,

298 1277 506 1334 pristinum
526 1277 666 1321 statum
683 1278 825 1323 reddet
841 1309 855 1332 ‚
882 1278 980 1323 ficut
995 1284 1161 1336 pariter,
1176 1283 1199 1324 fi
1217 1283 1292 1326 ali-

301 1349 378 1392 qua
389 1364 404 1388 ,
419 1345 484 1378 aut
499 1335 636 1394 aliquae
652 1338 827 1382 fenestre
840 1339 934 1382 novi
948 1341 1101 1384 aedificii
1116 1356 1194 1384 non
1211 1342 1286 1385 ob·

301 1396 430 1439 stante
445 1393 589 1450 majori
603 1395 787 1441 distantia
802 1397 998 1441 inferrent
1011 1401 1186 1458 aliquam
1201 1402 1284 1443 fer-

299 1454 473 1498 vitutem
495 1453 616 1497 horto
627 1481 640 1502 ,
655 1466 725 1500 aut
740 1457 974 1500 Conventui
985 1487 1000 1511 ,
1016 1459 1280 1510 claudentur,

297 1511 765 1572 autclevabunturjuxta
782 1514 903 1567 illud,
918 1519 1029 1572 quod
1047 1519 1198 1562 dictum
1224 1518 1280 1561 est

298 1573 338 1615 in
352 1570 554 1627 Capitulis
571 1571 681 1614 sexto
693 1602 707 1624 ‚
719 1575 757 1615 δι
772 1572 942 1628 septimo
955 1603 968 1616 .

413 1633 558 1674 Nono.
589 1630 719 1688 Qod
736 1631 968 1676 Refidentia
993 1634 1106 1678 diaae
1134 1637 1284 1680 Sanetae

297 1686 502 1746 Speluncae
527 1688 668 1742 cedet,
686 1689 785 1734 ficut
810 1705 885 1748 pro
911 1707 957 1737 ea
979 1707 1071 1736 cum
1101 1695 1284 1749 praefenti

295 1749 424 1792 diRus
440 1748 806 1795 Reverendiffimus
830 1753 873 1794 P.
892 1752 1158 1798 Provincialis
1167 1752 1287 1796 cedit

294 1805 517 1862 supradicto
531 1809 766 1850 Conventui
781 1811 862 1852 ΡΡ.
874 1810 1186 1864 Capucinorum,
1203 1811 1286 1867 pal·

294 1877 403 1909 mum
420 1865 587 1908 circiter
601 1879 725 1908 unum
741 1894 755 1918 ,
773 1866 839 1909 vel
859 1866 1036 1923 palmum
1049 1870 1088 1911 &
1104 1869 1281 1913 medium

298 1923 405 1974 soli,
419 1925 475 1966 ita
490 1931 535 1966 ut
549 1922 694 1967 serviat
708 1938 782 1981 pro
795 1927 1067 1980 antemurali,
1090 1928 1129 1969 &
1143 1928 1281 1984 vulga-

293 1984 396 2026 riter
429 1981 635 2039 loquendo
663 1992 743 2037 per
752 1983 941 2039 starpam
979 1986 1138 2030 cuidam
1170 1987 1285 2043 petio

291 2040 486 2098 parietis,
508 2049 578 2083 aut
593 2042 697 2082 muri
719 2040 801 2096 ejus
822 2043 932 2084 horti
960 2058 1041 2086 non
1057 2044 1158 2089 bene
1179 2045 1282 2095 tuti,

291 2102 358 2156 qui
375 2107 514 2142 manet
530 2097 555 2141 ἐ
578 2099 789 2152 conspeetu
813 2099 921 2140 horti
946 2100 1126 2152 Collegii
1145 2102 1283 2143 Socie-

292 2158 387 2200 tatis
408 2156 448 2200 in
474 2151 631 2198 ascensu
658 2154 770 2197 dictae
796 2159 944 2199 Sandtae
970 2153 1176 2212 Speluncae
1190 2170 1282 2200 ver·-

291 2219 357 2261 sus
372 2215 478 2258 viam
493 2211 663 2267 Regiam
681 2216 735 2256 Ba
745 2214 913 2258 rcinonae
928 2243 943 2265 ,
965 2217 1005 2257 δι
1020 2215 1172 2269 pariter
1185 2214 1280 2261 sea

289 2273 601 2328 obligabit,ficut
616 2285 706 2312 cum
717 2271 897 2326 praesenti
911 2272 950 2313 se
963 2272 1184 2326 obligat,ad
1199 2286 1281 2313 non

293 2329 584 2386 ampliandum,
598 2328 872 2372 excavandum
885 2356 900 2379 ,
911 2342 984 2370 nec
1001 2328 1278 2372 effodiendum

287 2390 486 2434 ambitum
499 2387 716 2437 Cisternae,
730 2395 796 2428 aut
817 2385 940 2430 fontis
954 2416 969 2440 ,
998 2400 1120 2443 quem
1150 2388 1274 2428 habet

285 2450 391 2492 dieta
410 2449 550 2490 Sancta
567 2445 769 2501 Spelunca
783 2445 921 2489 subtus
946 2457 1144 2493 montem,
1162 2443 1198 2486 fu
1207 2458 1277 2500 pra

288 2522 369 2564 quo
383 2514 523 2549 manet
540 2504 698 2560 paries,
711 2514 777 2546 aut
797 2518 934 2548 murus
953 2506 1057 2548 horti
1079 2508 1157 2548 ΡΡ.
1189 2508 1272 2547 08-

289 2564 530 2623 pucinorum
548 2577 673 2619 prope
684 2564 896 2619 Capellam
920 2565 1053 2609 Sancti
1078 2561 1273 2613 Antonii3

293 2633 338 2667 ut
364 2623 609 2680 supradictus
624 2625 863 2668 Conventus
879 2624 956 2664 PP.
971 2621 1274 2678 Capucinorum

288 2697 368 2726 non
384 2682 596 2739 permittat
613 2682 787 2738 relinqui
812 2692 992 2738 apertam
1020 2691 1178 2737 portam
1202 2679 1274 2720 in.‚

281 2751 373 2786 toto
401 2741 553 2797 pariete
584 2740 639 2782 fui
657 2740 764 2782 horti
789 2738 982 2794 superiori
1011 2736 1245 2782 &inferiori
1260 2761 1274 2785 2

279 2814 357 2844 nec
371 2798 612 2855 spiraculum
632 2797 799 2855 aliquod
817 2798 881 2839 vel
898 2797 1083 2841 foramen
1098 2826 1111 2848 ‚
1130 2808 1179 2837 ex
1194 2808 1274 2850 quo

284 2857 400 2916 poffit
431 2855 626 2911 projicere
651 2869 793 2912 aquam
823 2868 961 2902 coram
996 2859 1133 2898 Domo
1161 2854 1274 2898 dieta:

286 2918 437 2959 Sanaae
453 2913 678 2969 Speluncae,
689 2915 894 2971 minusque
908 2915 1015 2960 intra
1029 2915 1143 2959 illam
1155 2942 1171 2964 ,
1202 2926 1276 2957 nec

286 2978 328 3019 in
349 2974 434 3030 ejus
450 2982 575 3016 terras
591 2975 658 3025 3&
675 2975 885 3029 permittet
899 3002 913 3025 ,
930 2973 1041 3031 quod
1075 2972 1278 3016 construa-

286 3035 412 3077 turin
431 3031 501 3075 suo
514 3033 638 3075 horto
650 3030 835 3076 inferiori
857 3033 1033 3076 exterius
1055 3033 1166 3074 dieta:
1180 3032 1277 3072 San-

288 3097 358 3135 &ae
390 3091 602 3147 Speluncae
640 3099 773 3135 tantus
809 3091 1030 3136 eondustus
1058 3090 1110 3134 ad
1150 3087 1275 3145 proji-

288 3150 452 3195 ciendas
466 3163 585 3207 aquas
604 3150 645 3192 in
668 3151 772 3193 viam
788 3160 856 3194 aut
874 3150 1035 3200 vicum,
1059 3148 1126 3206 qui
1143 3146 1270 3190 refer·

286 3218 351 3253 tur
376 3210 415 3253 in
436 3209 632 3264 Capitulo
657 3210 790 3265 primo
807 3239 822 3263 ,
843 3210 884 3255 δε,
905 3210 946 3254 in
960 3223 1042 3266 quo
1066 3207 1272 3266 reperitur

287 3268 505 3312 conductus
519 3267 710 3315 Civitatis
726 3296 740 3311 .

404 3327 577 3370 Decimo
592 3356 604 3368 .
631 3327 757 3390 Qod
772 3326 821 3369 ad
836 3325 1095 3370 auferendam
1113 3325 1272 3382 penitus

289 3384 524 3441 penitusque
544 3399 703 3430 omnem
715 3386 967 3431 occasionem
994 3384 1275 3433 exacerbatio-

288 3443 433 3490 nis,vel
447 3442 655 3488 discordiae
665 3445 771 3487 inter
785 3445 1023 3502 supradissas
1037 3443 1133 3488 duas
1148 3446 1274 3486 Com·

290 3502 502 3545 munitates
516 3530 531 3554 ,
545 3503 586 3548 δι,
599 3503 736 3545 ambas
751 3504 1004 3559 Religiones,
1018 3517 1068 3550 ex
1081 3502 1272 3549 ambabus

288 3559 469 3617 partibus
495 3561 816 3613 renuntiabitur,
841 3563 939 3606 ficut
970 3576 1061 3607 cum
1091 3560 1271 3618 praefenti

289 3619 519 3662 renuntiant
560 3620 759 3667 Instantiae,
779 3646 794 3669 ,
825 3621 865 3662 δι
891 3619 1160 3676 prosecutioni
1189 3620 1270 3662 litis

290 3677 499 3734 pendentis
515 3677 555 3719 in
569 3681 813 3721 Nuntiatura
834 3681 1023 3736 Hispaniae
1041 3678 1195 3722 Matriti
1212 3679 1268 3722 in·

289 3748 352 3780 ter
378 3736 535 3781 easdem
563 3747 700 3792 partes
726 3736 844 3794 super
857 3737 1271 3790 unitateffealitate)

287 3797 400 3841 dietae
424 3796 570 3852 Sanetae
595 3796 802 3855 Speluncae
821 3797 954 3856 Sancti
980 3797 1124 3853 Ignatii
1149 3809 1162 3838 :
1192 3810 1271 3840 non

1358 348 1512 402 aperiet
1540 346 1667 387 distus
1698 344 1935 387 Conventus
1972 344 2135 386 Patrum
2158 353 2335 404 Capaci-

1358 418 1507 448 norum
1522 432 1536 453 ,
1550 417 1628 445 nec
1646 403 1848 458 permittet
1869 401 2016 458 aperiri
2030 402 2070 444 in
2088 406 2336 458 Speluncam,

1359 477 1480 519 quam
1507 463 1627 505 habet
1650 462 1688 503 in
1708 463 1778 504 fuo
1792 464 1913 503 horto
1927 486 1942 510 ,
1966 475 2042 504 nec
2065 474 2117 502 ex
2135 463 2304 507 Ecclefia
2318 495 2334 518 ‚

1358 535 1432 562 nec
1449 521 1526 563 alia
1544 531 1660 577 parte
1678 521 2079 565 communicationem
2094 519 2265 574 aliquam
2279 522 2338 562 ul-

1357 587 1421 621 tra
1442 591 1640 636 quatuor,
1677 593 1774 634 quas
1800 579 1852 620 de
1866 579 2048 635 praesenti
2067 578 2188 620 habet
2200 576 2339 621 diem.

1356 637 1557 693 Spelunca
1571 640 1611 681 in
1636 639 1863 681 eademmet
1887 639 1952 681 sua
1981 636 2185 685 clausura,
2214 636 2256 678 id
2282 636 2339 679 est

1355 695 1434 738 illae
1449 707 1532 740 tres
1546 726 1560 748 ‚
1573 695 1658 754 quae
1672 706 1830 738 manent
1858 695 1881 738 ἓ
1906 697 2117 752 conspectu
2136 695 2268 744 horti,
2297 696 2339 737 δε

1355 753 1434 798 alia
1451 770 1501 798 ex
1526 769 1604 798 una
1631 764 1744 811 parte
1763 755 1875 796 dietae
1901 756 2086 799 clausurae
2100 769 2113 798 ε
2129 769 2207 797 non
2224 753 2339 796 dabit

1354 826 1405 853 ex
1421 813 1513 865 illa,
1538 828 1612 857 nec
1632 813 1842 856 distribuet
1862 815 2036 869 lapidem
2050 842 2064 864 ,
2095 828 2167 858 nec
2183 822 2340 856 terram

1353 872 1485 915 tradet
1498 872 1673 918 devotis,
1684 886 1756 913 nec
1770 869 2015 921 assentietur,
2031 888 2104 915 nec
2129 873 2341 928 permittet

1350 929 1437 972 fieri
1454 931 1492 974 in
1507 931 1611 974 dina
1625 930 1821 984 Spelunca
1838 930 1965 973 ullum
1980 933 2107 973 aetum
2124 934 2339 987 pontivum

1351 988 1558 1047 publicum
1575 1017 1590 1040 ‚
1604 990 1643 1036 in
1655 1003 1739 1044 quo
1756 989 1928 1043 populus
1945 990 2058 1046 possit
2076 1003 2338 1032 concurrere.

1468 1048 1695 1091 Undecimo
1711 1075 1722 1086 .
1756 1048 1880 1102 Quod
1906 1048 2106 1091 manendo
2121 1047 2340 1104 subscripta

1352 1112 1433 1153 haec
1449 1107 1670 1150 concordia
1701 1106 2076 1150 aReverendiffimo
2107 1109 2157 1149 P.
2174 1106 2340 1150 Provin-

1351 1169 1472 1219 ciali,
1487 1167 1527 1208 &
1546 1165 1793 1208 Diffinitorio
1806 1167 1883 1209 ΡΡ.
1900 1167 2202 1222 Capucinorum
2225 1165 2340 1207 dietae

1351 1225 1569 1271 Provinciae
1586 1224 1730 1268 Matris
1748 1226 1821 1267 Dei
1836 1225 2060 1268 Cataloniae
2077 1251 2092 1272 ·‚
2115 1227 2154 1267 &
2169 1227 2190 1266 a
2205 1224 2341 1279 supra-

1350 1287 1458 1329 dieto
1478 1284 1657 1340 Syndico
1684 1283 1918 1337 Apostolico
1930 1310 1944 1332 ,
1957 1293 2077 1338 atque
2092 1284 2115 1326 ὲ
2130 1283 2340 1329 Reveren-v

1347 1345 1504 1388 diffimo
1518 1347 1562 1387 Ρ.
1578 1341 1822 1384 Provinciali
1838 1340 2150 1395 SocietatisJesu
2167 1342 2339 1382 Provin-

1346 1404 1413 1447 ciae
1445 1400 1656 1458 Aragoniae
1681 1400 1829 1443 habeat
1847 1399 1960 1443 illico
1990 1400 2095 1441 fuam
2113 1399 2339 1444 virtutem,

1345 1465 1385 1506 &
1412 1461 1616 1508 effeaum,
1641 1459 1886 1515 &quaelibet
1907 1472 1996 1514 pars
2013 1457 2163 1500 debeat
2195 1454 2338 1511 exequi

1340 1522 1399 1571 id,
1412 1519 1523 1578 quod
1538 1517 1756 1574 respective
1774 1516 1824 1559 ad
1847 1531 1935 1559 eam
1952 1517 2149 1571 pertinet,
2162 1515 2257 1558 dum
2284 1512 2336 1555 de

1343 1579 1524 1638 praefenti
1541 1591 1619 1619 non
1634 1575 1838 1631 reperitur
1864 1574 2198 1631 impedimentum
2215 1603 2229 1626 ‚
2260 1586 2335 1614 nec

1344 1637 1614 1688 obstaculum,
1628 1637 1668 1678 δι
1683 1634 1797 1691 poffit
1812 1633 1887 1676 effe
1905 1635 2077 1677 multum
2102 1631 2337 1689 praejudica-

1350 1698 1441 1741 bilis
1459 1696 1602 1740 dilatio
1617 1724 1629 1736 .

1464 1753 1732 1799 Duodecimn.
1753 1751 1896 1808 Quod,
1912 1762 1955 1794 ut
1968 1751 2148 1807 alioquin
2163 1750 2337 1808 inposte-

1347 1812 1435 1856 rum
1449 1842 1464 1864 ,
1482 1819 1551 1854 aut
1565 1824 1613 1853 ex
1630 1812 1856 1852 mutatione
1872 1811 2055 1864 gubernii
2082 1811 2122 1852 in
2138 1812 2336 1852 Commu-

1346 1871 1556 1921 nitatibus,
1571 1877 1639 1910 aut
1659 1866 1903 1918 Provinciis,
1922 1867 1987 1910 vel
2002 1869 2041 1910 in
2055 1867 2144 1911 aliis
2160 1869 2336 1910 circum-

1344 1929 1497 1977 stantiis
1518 1935 1706 1971 maneant
1722 1927 1860 1971 omnia
1874 1928 2130 1983 exempta,y&
2146 1925 2274 1968 libera
2288 1929 2338 1970 ab

1343 1989 1480 2040 omni,
1507 1988 1605 2033 licet
1621 1995 1782 2034 remoto
1799 1985 2081 2042 contingenti,
2096 1985 2134 2028 se
2147 1985 2336 2040 obligent

1343 2049 1465 2091 ambo
1496 2043 1832 2091 Reverendiffimi
1867 2046 1945 2089 PP·
1976 2043 2251 2088 Provinciales
2281 2041 2335 2085 ad

1343 2104 1703 2149 transmittendam
1729 2105 1902 2148 Romam
1918 2104 1956 2145 in
1971 2117 2113 2144 manus
2133 2104 2335 2144 Procura-

1343 2169 1478 2201 torum
1511 2160 1772 2200 Generalium
1797 2159 1952 2200 suarum
1982 2162 2192 2202 ambarum
2216 2159 2335 2202 Reli·

1341 2217 1505 2276 gionum
1535 2216 1811 2259 authenticam
1837 2243 1852 2267 ,
1884 2217 1924 2257 &
1952 2214 2212 2273 legalizatam
2234 2219 2333 2258 hanc

1340 2275 1598 2319 concordiam
1619 2304 1635 2324 ,
1659 2282 1703 2314 ut
1731 2288 1817 2315 eam
1841 2273 2087 2320 subscribant
2126 2275 2248 2318 etiam
2279 2273 2339 2318 sui

1340 2330 1672 2375 Reverendiffimi
1689 2333 2036 2381 PP,Genera1es‚
2064 2346 2238 2389 eamque
2262 2347 2337 2390 ap.

1339 2389 1487 2445 probet
1514 2400 1596 2427 non
1615 2386 1742 2428 solum
1766 2388 2074 2441 congregatio,
2100 2389 2151 2430 ad
2178 2404 2332 2444 quam„

1337 2445 1555 2502 pertinebit
1570 2472 1585 2497 ,
1599 2441 1667 2486 sed
1685 2442 1808 2484 etiam
1824 2443 1979 2496 pariter
2007 2445 2205 2486 Sanctitas
2220 2450 2301 2489 Sua
2317 2477 2333 2500 ,

1337 2506 1394 2547 ita
1409 2514 1455 2547 ut
1472 2505 1548 2546 hoc
1563 2500 1690 2544 modo
1714 2502 1859 2544 habeat
1884 2502 1926 2544 in
1952 2498 2133 2544 futurum
2161 2504 2202 2544 δε
2224 2505 2327 2547 sem-

1334 2576 1407 2621 per
1456 2559 1732 2604 invincibilem
1764 2560 1805 2607 &
1832 2556 2197 2606 incontrastabilem
2223 2563 2327 2605 vali.

1335 2622 1508 2667 dita-tem
1520 2649 1533 2666 α

1459 2681 1514 2724 Et
1537 2679 1612 2725 hoc
1628 2677 1751 2721 modo
1776 2678 1817 2719 δι’.
1839 2674 1967 2719 forma
1985 2691 2057 2720 nos
2073 2676 2186 2723 dietae
2201 2679 2325 2723 ambae

1338 2747 1474 2795 partes
1495 2736 1707 2782 laudamus
1721 2739 1761 2779 δε
1774 2737 2053 2791 approbamus,
2067 2735 2326 2787 ratificamus,

1336 2801 1376 2845 δι
1394 2794 1679 2841 confirmamus
1701 2794 1959 2854 supradictam
1984 2794 2243 2840 concordiam
2257 2821 2271 2844 ,
2285 2797 2327 2838 &

1339 2855 1540 2902 omnea&
1554 2862 1685 2897 totum
1699 2853 1740 2897 id
1755 2882 1769 2905 ,
1794 2853 1904 2910 quod
1926 2853 2160 2898 continetur
2181 2853 2218 2895 in
2231 2867 2325 2909 prae.

1337 2916 1493 2971 scriptis
1519 2912 1751 2969 Capitulis,
1771 2912 2096 2969 &promittimus
2125 2925 2203 2954 una
2230 2926 2320 2967 pars

1336 2975 1456 3018 alteri
1475 2971 1714 3017 adinvicem
1729 2972 1876 3015 habere
1901 2984 1987 3012 eam
2011 2969 2233 3019 firmam,&
2247 2985 2320 3013 va·

1337 3034 1460 3080 lidam
1486 3033 1595 3073 omni
1615 3041 1797 3084 ternpore
1810 3056 1823 3078 ,
1840 3032 1878 3070 &
1892 3041 1978 3070 eam
2007 3042 2086 3075 non
2105 3042 2317 3080 revocare,

1334 3103 1498 3149 quoque
1516 3089 1641 3132 modo
1657 3115 1672 3138 ,
1694 3088 1780 3143 jure
1793 3116 1806 3139 ,
1823 3087 1980 3129 ratione
1996 3115 2010 3137 ‚
2037 3095 2108 3131 aut
2127 3085 2286 3131 caussa...
2302 3117 2317 3139 ,

1333 3165 1415 3207 quae
1432 3147 1547 3206 poffit
1563 3147 1838 3203 excogitari,&
1850 3146 1905 3188 i-ta
1921 3144 2318 3199 subscribimus,&ju..

1331 3222 1466 3255 ramus
1481 3221 1617 3250 coram
1633 3208 1720 3247 Deo
1735 3205 1884 3247 Nostro
1898 3203 1983 3246 lesu
1997 3205 2213 3254 Christ0,&
2228 3205 2315 3262 ejus

1331 3266 1470 3312 sanfftis
1497 3275 1671 3323 quatuor
1687 3262 1933 3319 Evangeliis,
1945 3263 2217 3319 corporaliter
2233 3279 2315 3306 ma-

1335 3328 1448 3373 nibus
1460 3324 1603 3367 nostris
1617 3321 1730 3365 tanis
1742 3347 1757 3370 ,
1781 3323 1821 3363 δι
1834 3320 1948 3377 supra
1974 3323 2114 3366 nostris
2141 3325 2315 3377 pedtori·

1336 3386 1410 3432 bus
1426 3398 1542 3427 more
1557 3379 1807 3427 sacerdotali
1818 3379 1967 3435 politis,
1986 3381 2024 3424 in
2037 3383 2220 3428 manibus
2238 3410 2251 3433 ,
2274 3385 2313 3425 &

1336 3456 1473 3487 coram
1493 3445 1670 3486 nonore
1683 3439 1890 3495 utriusque
1908 3438 2004 3497 juris
2019 3440 2191 3498 Iosepho
2204 3439 2312 3491 Sala,

1332 3502 1568 3549 auctoritate
1587 3499 1715 3554 Regia
1728 3526 1742 3548 ‚
1756 3500 1796 3540 δε
1809 3497 1965 3554 insignis
1988 3499 2180 3546 Civitatis
2197 3501 2312 3541 Man-

1330 3561 1420 3607 resae
1445 3559 1619 3606 Notario
1645 3556 1808 3614 publico
1824 3556 2094 3614 infrascripto,
2106 3556 2310 3614 praefenti-

1329 3622 1402 3663 bus
1417 3614 1638 3676 respective
1654 3615 1832 3662 Testibus
1847 3614 2108 3673 infrascriptis
2132 3616 2183 3660 ad
2199 3617 2307 3659 hunc

1331 3678 1514 3728 effectum.
1547 3674 1699 3722 vocatis
1713 3704 1725 3716 ·

1444 3734 1580 3778 Testes
1595 3732 1925 3789 subscriptionum
1951 3734 2148 3779 dictorum
2172 3735 2310 3776 Reve-

1332 3795 1645 3852 rendiffimorum
1659 3793 2065 3838 PP·Provincialium
2079 3819 2093 3843 2
2115 3795 2152 3835 δι
2177 3792 2308 3847 dieto-¹

2168 3865 2259 3894 rum
