2592 4094
783 1442 882 1487 ’Ὗς
919 1415 1083 1494 Uplici
1111 1425 1157 1476 in
1180 1422 1298 1475 statu
1329 1421 1603 1474 considerari
1630 1418 1774 1492 potest
1803 1418 1894 1468 haec
1911 1414 2117 1469 fidelis&
2135 1414 2279 1467 felicis
2296 1418 2413 1467 Bur'-

818 1539 858 1563 „
941 1496 1123 1563 gundiae
1157 1497 1402 1546 Provincia
1432 1516 1444 1544 :
1491 1497 1535 1545 in
1562 1497 1644 1545 illo
1673 1490 1890 1543 videlicet
1923 1487 2012 1539 suae
2043 1490 2232 1558 originis
2258 1523 2274 1546 ,
2322 1486 2412 1555 quii

822 1564 882 1605 ΦΨ
943 1582 1021 1633 per
1056 1565 1375 1617 fundationem
1419 1561 1692 1617 Conventfis
1716 1557 1956 1613 Salinenfis
1996 1575 2116 1607 anno
2163 1557 2413 1608 instauratae

764 1632 774 1688 ζ
843 1631 884 1702 3222
943 1635 1099 1687 salutis
1140 1636 1390 1688 millesimo
1430 1632 1797 1706 quingentefimo
1840 1627 2155 1697 ociuagefimo
2182 1627 2412 1686 secundo,

762 1709 779 1727 '¹
871 1708 875 1711 ’
941 1705 991 1757 ὃς
1031 1709 1216 1758 alterius
1261 1710 1391 1759 1301ae
1439 1725 1558 1757 anno
1609 1708 1758 1769 1587.
1798 1699 2046 1751 constructi
2091 1737 2107 1758 ,
2159 1700 2205 1748 in
2238 1717 2418 1748 unam..

859 1786 881 1842 ζ
939 1777 1221 1840 eandemque
1249 1794 1358 1824 cum
1386 1774 1680 1843 Lugdunenfi
1704 1773 1997 1821 Provinciam
2026 1771 2198 1818 coaluit
2230 1789 2243 1816 =
2290 1767 2339 1818 ὃ(
2365 1772 2412 1817 in

542 1881 549 1885 a
758 1880 781 1901 „2
870 1899 871 1905 ἵ
937 1842 1030 1890 alio
1054 1839 1142 1891 suae
1161 1842 1218 1891 ab
1237 1843 1321 1891 hac
1348 1841 1669 1907 separationis,
1703 1837 1830 1888 fastae
1847 1853 1966 1885 anno
1981 1835 2227 1885 millesimo
2242 1834 2420 1887 sexcen-⁴

534 1921 570 1953 a„
616 1908 781 1954 'fs-„nmis”
938 1910 1103 1962 tefimo
1131 1911 1315 1963 decimo
1344 1911 1543 1970 octavo,
1577 1912 1742 1980 vigore
1769 1911 1898 1972 cujus
1921 1901 2207 1959 ‘Conventus
2230 1907 2277 1955 in
2305 1909 2418 1957 Bur-

339 1979 525 2048 gundiae
540 1965 804 2031 ''Gomitatu
846 1980 1092 2030 existentes
1119 2016 1147 2040 ,Ἰ
1183 1984 1442 2032 Provincia:
1485 1979 1828 2047 independentis
1845 1982 1982 2039 jura,
2017 1975 2067 2026 ὅ(
2092 1978 2419 2045 praerogativas

339 2047 495 2111 adepti
525 2046 630 2094 sunt
649 2078 667 2101 ,
701 2045 998 2110 Lugdunenfi
1024 2045 1269 2091 Provincia
1299 2046 1576 2109 primaevum
1607 2045 1744 2091 suum
1786 2059 1954 2091 nomen
1984 2047 2048 2092 S.'
2070 2049 2407 2097 Bonaventurae

339 2116 566 2166 retinente
584 2148 600 2172 ,
634 2111 686 2164 <Sc
714 2131 801 2163 neo
822 2110 1119 2182 Burgundica
1145 2110 1263 2162 illud
1294 2112 1498 2162 Ditionis
1523 2146 1541 2169 ,
1578 2109 1660 2162 sub
1697 2111 1981 2179 protectione
2000 2117 2050 2163 S.
2069 2115 2268 2166 Andreae
2287 2123 2415 2184 Apoe

339 2185 448 2237 stoli
479 2182 728 2236 assumente
756 2221 771 2234 .
806 2186 867 2234 In
895 2198 1092 2250 utroque
1116 2197 1275 2233 autern
1305 2181 1423 2231 statu
1456 2186 1636 2231 Fratres
1671 2180 1917 2252 Burgundi
1954 2183 2139 2235 illibatae
2180 2189 2288 2237 vitae
2319 2187 2415 2238 suae

340 2254 539 2306 candore
570 2271 672 2305 eam
705 2253 828 2324 apud
865 2255 1113 2305 Saeculares
1139 2253 1220 2303 fibi
1254 2251 1584 2319 compararunt
1610 2252 1995 2302 existimationem
2028 2289 2044 2312 ,
2096 2270 2146 2307 ut
2179 2255 2316 2325 usque
2352 2259 2415 2309 ad

337 2325 590 2377 sanstitatis
625 2326 816 2375 titulum
849 2321 1130 2373 excresceret
1159 2358 1175 2380 ,
1220 2321 1270 2373 ὃς
1301 2322 1479 2389 quoties
1511 2322 1557 2371 hi
1592 2325 1859 2392 Capucinos
1900 2323 2117 2376 accedere
2156 2328 2379 2380 volebant
2397 2364 2417 2390 ‚

337 2397 475 2447 toties
506 2397 647 2444 Viros
679 2393 851 2443 SanHos
879 2391 922 2442 se
953 2392 1079 2443 adire
1108 2392 1374 2443 assererent.
1412 2394 1636 2444 Retinent
1659 2394 1810 2446 adhuc
1838 2391 2008 2444 famam
2028 2413 2120 2445 non
2140 2396 2412 2460 absimilem,

337 2466 454 2517 dum
484 2462 650 2515 ascefin
697 2461 1007 2515 Monasticam
1044 2481 1155 2514 cum
1189 2466 1297 2516 vitae
1335 2466 1551 2532 operariae
1593 2465 1749 2515 labore
1792 2462 2050 2515 feliciffirno
2085 2465 2259 2520 foedere
2298 2488 2406 2521 con-

332 2542 571 2607 §ungunt,
602 2534 651 2587 ὅ(
682 2535 796 2586 dum
826 2533 903 2584 illa
937 2535 1111 2602 puriori
1145 2540 1194 2591 S.
1232 2537 1424 2606 Regulae
1455 2537 1600 2587 cultui
1630 2534 1680 2588 ὅ(
1709 2534 1838 2586 sacro
1864 2536 2176 2588 meditationis
2210 2541 2310 2588 otio
2345 2543 2409 2602 inf

335 2607 496 2658 sistunt
515 2643 531 2666 ,
564 2607 651 2656 hoc
686 2626 766 2675 per
799 2604 1096 2656 confeffiones
1128 2642 1144 2665 ,
1181 2625 1293 2675 quas
1328 2609 1559 2676 excipiunt
1588 2643 1605 2666 ,
1655 2625 1735 2676 per
1775 2607 2038 2658 Conciones
2065 2644 2082 2667 ‚
2121 2627 2231 2676 quas
2258 2608 2411 2668 decla-z

337 2694 505 2736 mant,
540 2695 620 2745 per
659 2677 898 2727 Miffiones
919 2712 937 2736 ,
973 2695 1083 2745 quas
1114 2680 1252 2746 primi
1293 2678 1341 2728 in
1370 2679 1460 2728 illis
1492 2678 1695 2747 partibus
1725 2677 2052 2738 instituerunt,
2086 2681 2185 2729 aliis
2217 2697 2303 2748 pro
2350 2680 2406 2731 iis

341 2746 630 2798 instituendis
661 2746 868 2798 formam
898 2747 1293 2818 praebuerunt,&
1322 2748 1472 2800 adhuc
1497 2750 1819 2800 maximocum
1849 2746 2003 2798 frustu
2025 2784 2041 2807 ,
2061 2751 2201 2799 etiam
2234 2753 2281 2800 in
2319 2755 2407 2810 Ecq

337 2816 487 2869 clefiis
509 2818 900 2878 cathedralibus,
938 2818 987 2871 &
1007 2821 1280 2892 Collegiatis
1313 2834 1525 2889 tempore
1550 2817 1905 2890 quadragesimae
1935 2817 2256 2870 &c.exercent
2275 2856 2292 2879 ,
2331 2819 2404 2870 sa-

337 2891 426 2941 luti
457 2891 714 2941 animarum
759 2889 802 2940 se
840 2891 1142 2960 impendunt.
1182 2897 1238 2943 In
1261 2893 1345 2942 hae
1379 2893 1625 2944 Provincia
1654 2894 1807 2943 elucet
1833 2892 1914 2941 ille
1950 2890 2180 2942 virtutum
2216 2890 2402 2952 decor}

340 2977 475 3027 quern
495 2965 656 3013 Petrus
693 2963 950 3014 Damianus
963 2965 1218 3032 generatim
1236 2964 1282 3012 in
1307 2962 1570 3014 Monastico
1589 2961 1773 3015 Ordine
1786 2960 2038 3013 celebravit
2054 2982 2066 3010 z
2084 2965 2141 3011 In
2170 2963 2252 3011 hac
2272 2963 2395 3011 enim

337 3030 468 3078 vides
499 3034 708 3083 Fratrem
735 3035 842 3083 hunc
856 3035 993 3101 sacris
1014 3032 1260 3085 lec‘lt'onibus
1287 3035 1562 3085 intendentem
1579 3035 1728 3094 ‚illum
1756 3031 2053 3084 incumbentem
2084 3030 2364 3082 Orationibus
2379 3067 2399 3092 ,

337 3102 449 3152 hunc
469 3115 547 3166 pro
566 3105 660 3169 sicis
688 3105 919 3173 exceſsibus
946 3107 1247 3168 lacrymantem
1262 3141 1278 3164 ,
1316 3106 1438 3156 illum
1469 3110 1514 3156 in
1544 3106 1633 3156 Det‘
1658 3104 1852 3155 laudibus
1876 3104 2134 3153 exultantem
2151 3123 2166 3162 ;
2183 3104 2291 3153 bunc
2323 3106 2404 3154 vi-

334 3174 539 3241 gilantem
553 3206 570 3230 ,
591 3179 860 3238 jejunantem
887 3178 1010 3228 illum
1024 3213 1041 3236 ,
1076 3183 1131 3228 ξς
1155 3177 1291 3245 qfficia
1312 3180 1490 3243 pietatis
1501 3176 1595 3245 fibi
1617 3179 1803 3227 invicem
1830 3173 2027 3225 invidere
2040 3208 2054 3223 .
2072 3170 2213 3222 NoHe
2239 3172 2399 3240 confier-

334 3257 442 3312 gunt
472 3243 534 3292 ad
551 3245 821 3311 cotfitendum
847 3247 942 3296 Deo
963 3269 980 3310 ;
1015 3250 1189 3318 vespere
1211 3284 1228 3309 ,
1258 3251 1375 3298 mane
1404 3285 1422 3307 ,
1463 3247 1518 3296 (θ’
1547 3247 1721 3297 meridie
1749 3259 1923 3294 narrant
1953 3250 2009 3293 &
2044 3247 2287 3294 annuntiant
2310 3244 2400 3309 lau-⁴

344 3315 435 3365 dem
462 3319 554 3380 ejus
572 3351 588 3374 ,
625 3317 681 3365 &¹
710 3321 840 3367 omnis
870 3319 1041 3371 illorum
1058 3321 1266 3390 sedulitas
1295 3323 1340 3368 in
1370 3317 1504 3368 orbem
1528 3319 1679 3370 divini
1710 3331 1872 3366 retatur
1900 3311 2110 3382 obsequii.

480 3388 590 3454 Qa
609 3386 715 3436 vitae
730 3391 937 3450 ratione,
970 3390 1219 3461 disciplinae
1245 3389 1474 3442 altiffimae
1498 3388 1780 3459 paupertatis
1803 3384 1963 3452 Junc’ra
1990 3384 2287 3436 devotionern
2314 3403 2398 3455 po-

337 3455 437 3523 puli
480 3459 778 3526 experiuntur
826 3477 937 3532 erga
979 3463 1025 3515 se
1066 3462 1185 3514 mire
1236 3460 1507 3532 propensam
1550 3497 1566 3519 ‚
1615 3462 1678 3509 ita
1716 3473 1767 3508 ut
1805 3475 1895 3507 non
1941 3453 2092 3506 solum
2140 3458 2291 3524 plures
2329 3458 2397 3506 di-

337 3526 487 3578 stineti
519 3527 688 3598 gradi'is
721 3530 927 3584 Personae
955 3537 1002 3585 in
1035 3552 1198 3586 eorum
1243 3532 1455 3585 Ecclefiis
1492 3530 1771 3601 sepulturam
1820 3528 2012 3597 seligant
2038 3563 2054 3586 ‚
2105 3525 2183 3576 sed
2215 3529 2392 3578 etiam..

340 3600 595 3668 largiffima
626 3600 737 3670 stipe
766 3619 928 3654 eorum
957 3608 1118 3675 inopiae
1147 3603 1415 3657 succurrant
1436 3640 1452 3663 ,
1483 3602 1532 3655 ἃ
1558 3599 1800 3652 ηονίίῖῑτῑιὲ
1828 3604 1888 3649 D.
1909 3597 2174 3647 Leonardus
2203 3597 2259 3648 de
2289 3601 2390 3648 Me-

343 3668 478 3735 smey
497 3707 512 3730 ,
544 3675 778 3723 Dominus
806 3673 865 3724 de
893 3677 1097 3745 Mailley
1127 3713 1144 3736 ‚
1176 3679 1221 3727 la
1243 3676 1514 3728 Brotoniere
1536 3671 1628 3724 ἃο.
1666 3690 1751 3741 pro
1780 3667 2051 3722 Conventfis
2079 3666 2288 3719 Dolenfis
2326 3669 2385 3718 ad

334 3744 718 3808 opportuniorem
748 3745 885 3797 situm
914 3751 1349 3817 translatione,quae
1373 3743 1583 3797 indefesso
1609 3748 1686 3793 Fr.
1708 3742 1934 3793 Ludovici
1964 3739 2342 3790 ex-Provincialis
2359 3774 2377 3797 ,

334 3813 387 3868 ὅ(
413 3811 492 3863 Fr.
511 3813 741 3867 Francisci
764 3820 1102 3873 Bonaventurae
1127 3819 1474 3871 ex·Definitoris
1490 3854 1507 3879 ‚
1539 3816 1565 3865 ἃ
1592 3813 1784 3867 Vesulio
1802 3850 1818 3876 ,
1838 3817 2051 3864 Fratrum
2090 3809 2376 3861 secundam-³

2238 3892 2325 3920 Car·
