2704 4120
432 264 470 308 2
490 263 544 308 ι’
807 211 1408 351 5-„quzam‘e‘iaeim
1471 215 1907 343 Apbstolicci
1931 279 1949 297 .

372 382 474 427 chiis
487 378 580 434 ,ubi
597 391 677 421 non
707 373 832 429 'erunt
849 370 1045 435 Par‘oc‘iif,
1055 375 1136 428 vel,
1150 374 1220 417 ubi
1236 384 1378 429 erunt,

373 444 428 487 de
454 453 600 486 eorum
626 437 824 483 licentia·
912 453 917 455 ·
1308 482 1309 486 ,

435 515 476 546 2.
510 499 767 545 Absolvendi
798 499 846 541 ab
875 496 1021 541 Haerefi
1035 493 1116 546 ⁵5³⁵&
1135 491 1339 552 Apostafia
1351 494 1376 538 a

376 562 482 609 Pide
494 589 509 611 a
521 563 562 604 &
575 563 598 605 a
620 557 841 604 schismate
859 555 1146 613 quoscumque,
1159 554 1285 597 etiam
1300 555 1377 595 Ec-

380 620 621 666 clesiasticos
635 643 650 669 2
675 626 756 660 tam
772 615 1016 664 Saeculares,
1047 612 1168 668 quam
1199 611 1381 669 Regula-

379 695 448 726 res
466 711 481 734 ,
496 695 575 724 non
593 689 726 722 tamen
740 689 807 717 eos
821 702 835 725 ‚
855 673 990 729 quiex
1009 670 1109 715 locis
1125 669 1295 722 fuerim,
1310 671 1379 713 ubi

379 744 574 788 Sanctum
605 734 792 779 officium
825 739 1040 775 exercetur
1052 760 1069 783 ,
1100 732 1169 774 nisi
1203 733 1244 774 in
1278 730 1378 772 locis

380 799 631 846 Miffionum,
655 794 693 834 in
710 790 853 851 quibus
869 790 1031 849 impune
1049 787 1274 846 grassantur
1290 791 1379 831 Hae-

380 860 492 905 reses
508 886 523 907 ,
539 848 816 908 deliquerint3
840 863 916 894 uec
941 849 1037 893 illos
1052 877 1066 901 ‚
1091 850 1159 906 qui
1179 847 1385 906 judiciali-

382 931 450 965 ter
464 910 743 969 abjuraverint
756 935 771 958 ,
786 908 852 951 nisi
869 909 927 953 isti
944 909 1028 952 nati
1045 907 1119 952 fint
1137 908 1235 959 ‚ubi
1250 909 1381 962 impu-

380 980 439 1021 ·:ne
455 970 679 1031 grassantur
706 967 882 1011 Haereses
897 995 912 1018 ,
937 969 978 1010 δι
993 967 1077 1023 post
1107 966 1385 1023 judicialem..-

386 1032 678 1089 abjurationem
699 1027 794 1070 illuc
817 1027 988 1077 reverfi,
1020 1027 1058 1068 in
1075 1027 1263 1069 Haerefim
1296 1023 1384 1067 fue-

389 1095 474 1136 rint
489 1089 688 1145 relapfi,&
703 1087 832 1129 hocin
845 1083 935 1129 foro
948 1083 1204 1129 conscientiae
1215 1083 1386 1128 tannim.

450 1168 490 1209 3.
523 1146 769 1194 Absolvendi
785 1147 832 1189 ab
860 1145 1043 1189 omnibus
1072 1144 1223 1188 casibus
1257 1141 1387 1185 reser-

388 1213 490 1255 vatis
510 1235 524 1256 ‚
542 1208 663 1250 etiam
681 1205 720 1246 in
740 1205 855 1246 Bulla
872 1209 1006 1248 Coena
1026 1204 1190 1246 Domini
1220 1211 1393 1245 conten-

389 1272 441 1315 tis
456 1299 470 1321 ,
487 1268 620 1322 primo
634 1262 852 1307 conversos
867 1265 916 1307 ad
937 1263 1077 1306 Fidem
1091 1262 1392 1306 Catholicae„

388 1329 553 1375 tantum
567 1354 581 1377 ,
597 1321 759 1367 remiffis
776 1320 866 1364 aliis
891 1322 941 1365 ad
961 1322 1161 1365 Nuntium
1174 1350 1186 1363 .

448 1403 489 1444 4.
522 1382 796 1433 Absolvendi,
812 1382 852 1423 δι
870 1380 1123 1435 dispensandi
1139 1380 1178 1423 in
1194 1392 1388 1436 quacum·

390 1462 469 1505 que
487 1443 666 1490 simonia
683 1443 746 1493 ,δι
765 1442 804 1483 in
820 1440 948 1492 reali,
978 1439 1140 1484 dimiffis
1160 1437 1362 1482 beneficiis
1377 1468 1392 1492 ,

389 1511 431 1551 δι
456 1506 570 1561 super
586 1502 780 1543 fructibus
809 1499 912 1542 male
929 1499 1160 1555 perceptis,
1185 1498 1391 1557 injuncta-2

392 1567 526 1622 aliqua
551 1559 837 1615 eleemosyna,
855 1558 920 1601 vel
950 1558 1200 1615 poenitentia
1227 1557 1390 1600 salutari

393 1623 565 1669 arbitrio
591 1619 879 1677 dispensantis,
905 1618 944 1659 ὅ(
970 1618 1011 1660 in
1025 1616 1118 1662 foro
1133 1615 1392 1660 conscientiae

391 1682 553 1728 tantum
571 1710 582 1721 .

394 1739 397 1742 ⁴
457 1758 497 1795 ς.
533 1740 722 1783 Tenendi
737 1770 751 1791 ‚
765 1740 805 1781 δε
821 1737 1011 1792 legendi,
1043 1752 1127 1781 non
1151 1746 1285 1780 tamen
1302 1735 1398 1778 aliis

393 1798 649 1846 concedendi
673 1800 799 1840 libros
817 1800 1118 1840 Haereticorum
1133 1827 1148 1849 ,
1163 1796 1230 1840 vel
1248 1794 1399 1837 Infide-

391 1861 497 1907 lium
511 1885 526 1906 ‚
539 1858 591 1897 de
605 1869 748 1895 eorum
767 1856 985 1906 Religione
1007 1858 1260 1894 tractantium
1274 1853 1323 1892 ad
1337 1851 1399 1892 ef-

393 1919 550 1961 fectum
567 1926 637 1956 eos
652 1910 913 1968 impugnandi
928 1938 943 1959 ,
965 1910 1004 1951 &
1021 1909 1120 1952 alios
1138 1907 1399 1964 quomodoli-

394 1980 466 2021 bet
491 1973 720 2030 prohibitos
742 1999 759 2019 ,
796 1979 1060 2030 praeterquam
1086 1971 1224 2030 Opera
1253 1964 1396 2027 Caroli

398 2029 570 2077 Molinei
589 2054 601 2073 ,
618 2028 657 2064 δε
683 2023 845 2064 Nicolai
878 2021 1137 2062 Machiavelli
1156 2048 1172 2071 ,
1198 2033 1245 2060 ac
1274 2019 1398 2060 libros

398 2093 451 2134 de
470 2078 928 2137 AstrologiaJudiciaria
946 2077 1244 2134 principaliter,
1257 2087 1323 2118 aut
1338 2077 1397 2118 in-

399 2149 614 2194 cidenter,
647 2140 718 2184 vel
746 2137 841 2181 alias
859 2138 1001 2193 quovis
1033 2137 1156 2180 modo
1186 2137 1240 2179 de
1254 2146 1397 2179 catra-

399 2214 554 2252 &antes
568 2232 583 2254 ,
604 2203 657 2242 ita
671 2208 806 2241 tamen
822 2226 837 2251 ,
857 2206 900 2239 ut
917 2195 1012 2238 libri
1046 2211 1097 2240 ex
1123 2195 1203 2239 illis
1225 2195 1398 2239 Provin-

399 2269 473 2313 ciis
496 2278 574 2309 non
589 2259 832 2303 efferantur.

444 2327 488 2368 6.
519 2318 769 2366 Celebrandi
784 2315 936 2360 Missam
952 2330 1208 2374 quocumque
1224 2315 1401 2358 locode-

401 2385 512 2431 centi
529 2412 542 2435 ‚
554 2382 674 2425 etiam
690 2378 759 2421 sub
774 2378 869 2426 dio,
884 2379 950 2420 sub
968 2387 1173 2426 teri-amna
1189 2378 1288 2419 hora
1304 2385 1402 2416 ante

401 2449 639 2491 Auroram,
669 2440 707 2480 δι
735 2436 852 2480 aliam
869 2436 954 2492 post
979 2436 1222 2487 Meridiem,
1253 2435 1311 2476 bis
1328 2435 1400 2478 in..-

403 2507 500 2554 die,
528 2501 553 2543 fi
578 2497 784 2542 neceffitas
812 2505 958 2551 cogat,
987 2495 1011 2538 fi
1029 2507 1165 2539 tamen
1185 2497 1226 2537 in
1245 2495 1404 2551 prima„

402 2564 514 2609 Missa
532 2574 608 2602 non
629 2556 835 2613 sumpserit
850 2556 1100 2599 ablutionem
1119 2587 1130 2607 ,
1143 2557 1184 2597 δι
1201 2556 1314 2611 super
1330 2551 1408 2595 Al-

404 2624 484 2667 tari
518 2618 698 2675 portatili
714 2645 727 2668 ,
740 2616 859 2658 etiam
880 2613 1008 2658 fracto
1024 2642 1038 2664 ,
1057 2625 1125 2657 aut
1143 2613 1231 2657 laeso
1245 2640 1258 2662 a
1274 2615 1313 2655 δε
1328 2613 1406 2654 fine

405 2684 645 2727 Sanctorum
672 2675 852 2731 reliquiis
864 2704 880 2725 ,
898 2677 937 2716 δι
954 2673 1214 2730 praesentibus
1230 2672 1405 2715 Haereti·

405 2743 464 2784 cis
482 2768 496 2789 ‚
512 2736 677 2791 aliisque
691 2734 1052 2776 excommunicatis
1067 2761 1082 2783 ,
1111 2732 1134 2774 si
1161 2733 1282 2774 aliter
1296 2732 1406 2775 cele-

407 2798 516 2843 brari
535 2810 613 2838 non
628 2794 739 2850 poffit
755 2822 771 2844 ,
787 2794 826 2834 &
850 2807 927 2834 non
956 2790 1001 2834 fit
1032 2792 1259 2847 periculum
1282 2790 1404 2834 sacri-

405 2859 522 2915 legii,
539 2853 765 2897 dummodo
782 2850 1001 2894 inserviens
1021 2849 1141 2894 Miffae
1157 2865 1234 2893 non
1249 2849 1294 2893 fit
1314 2853 1408 2893 Hae-

406 2918 558 2963 rericus
587 2941 601 2963 ,
635 2912 700 2955 vel
730 2912 1106 2954 excommunicatus
1134 2938 1145 2948 .
1187 2908 1408 2965 Huiusmo-

410 2979 453 3019 di
498 2984 635 3015 autem
668 2969 864 3012 facultate
898 2970 958 3011 bis
1000 2969 1040 3010 in
1066 2969 1134 3013 die
1170 2964 1406 3012 celebrandi

412 3032 646 3078 nullatenus
671 3031 730 3070 uti
758 3031 910 3078 liceat,
938 3026 1006 3069 nisi
1034 3028 1258 3080 rariffime,
1289 3029 1329 3069 δι
1360 3037 1409 3068 ex

413 3087 648 3149 gravissimis
664 3114 679 3136 ,
705 3087 746 3126 δι
776 3085 1059 3141 urgentissimis
1083 3088 1208 3130 causis
1230 3115 1245 3138 ,
1271 3086 1313 3129 in
1329 3097 1411 3140 quo

414 3148 593 3208 graviter
625 3144 712 3201 ejus
738 3145 979 3187 conscientia
999 3157 1192 3190 oneratur
1207 3174 1222 3198 ,
1253 3144 1363 3200 quod
1382 3145 1410 3185 si

415 3209 466 3252 ad
484 3205 651 3262 pra’sens
667 3233 681 3254 ,
697 3211 766 3243 aut
794 3202 1058 3259 imposterum
1075 3205 1411 3262 quandocumque

413 3266 549 3313 aderit
577 3265 820 3321 Episcopus,
852 3272 921 3304 aut
949 3264 1133 3307 Vicarius
1166 3263 1409 3314 Generalis,

414 3337 486 3375 aut
502 3321 754 3380 capitularis
773 3349 786 3371 ,
816 3319 895 3364 five
923 3321 1109 3364 Vicarius
1131 3323 1410 3379 Apostolicus‚

414 3389 466 3432 ad
483 3384 595 3441 cujus
627 3379 870 3432 Dioecefim‚
902 3382 968 3423 seu
995 3381 1410 3427 administrationem..

414 3447 652 3505 pertineant
671 3441 762 3483 loca
781 3468 795 3491 ,
808 3441 874 3482 ubi
892 3440 1069 3483 secundo
1096 3443 1298 3486 celebrari
1312 3455 1408 3484 con-

408 3505 556 3562 figerit
574 3532 587 3554 ,
609 3498 772 3559 praefata
787 3498 957 3542 facultas
977 3500 1032 3542 bis
1063 3501 1292 3546 celebrandi
1322 3501 1410 3544 nul-

407 3574 495 3618 lius
525 3562 692 3624 prorsus
723 3559 771 3604 fit
791 3559 979 3611 roboris,
1005 3574 1052 3604 ac
1081 3560 1306 3616 momenti,
1337 3561 1407 3606 nis:

1437 372 1550 430 prius
1567 371 1756 429 praedi&o
1775 369 1975 428 Episcopo
1991 397 2005 419 2
2023 365 2091 414 'aui
2105 367 2157 418 'eo
2169 369 2359 427 absente,
2372 374 2437 432 ip*-

1439 433 1514 475 sius
1539 433 1710 476 Vicario
1724 431 1950 483 Generali,
1982 440 2051 473 aut
2079 432 2299 487 respective
2312 436 2439 491 Capi-

1437 492 1560 536 tulari
1574 520 1588 543 ,
1603 502 1673 535 aut
1690 493 1858 534 Vicario
1874 489 2112 547 Apostolico
2133 488 2252 534 fuerit
2280 494 2437 538 exhibi-

1437 562 1477 595 ta
1493 580 1506 603 ‚
1520 551 1570 593 ab
1586 565 1715 608 eoque
1735 551 1974 594 examinata:
1985 581 2001 602 ,
2032 551 2069 591 &
2084 552 2314 606 approbatae
2349 553 2437 597 fue-

1441 611 1522 653 rint
1552 610 1590 651 in
1617 610 1773 666 scriptis
1803 612 1925 653 causae
1949 624 1997 652 ea
2012 608 2152 651 utendi
2169 635 2183 658 ,
2207 625 2282 654 nec
2314 611 2439 656 aliter

1439 666 1624 712 concessa
1657 670 1947 726 intelligatur,
1973 672 2091 726 quam
2127 667 2237 725 juxta
2251 671 2444 716 modera-

1441 728 1595 771 tionem
1609 727 1757 785 abipso
1784 731 2080 785 apponendam,
2091 729 2131 769 &
2149 741 2229 769 non
2245 727 2361 782 alias,
2372 745 2447 774 cu-

1440 787 1501 844 jus
1526 787 1744 844 Episcopi,
1776 786 1839 830 seu
1869 787 2284 831 Vicariiconscientia
2301 802 2450 833 onera-⁴

1446 857 1544 899 tur,
1564 857 1608 890 ut
1635 861 1713 890 non
1736 846 1806 890 nisi
1832 861 1885 890 ex
1901 846 2185 903 urgentiffimis
2220 847 2373 900 caulis,
2403 857 2450 890 ut

1444 905 1562 961 supra
1577 905 1726 948 dietum
1743 907 1824 954 est,
1838 905 1940 949 &ad
1957 907 2089 950 breve
2119 916 2284 962 tempus
2312 921 2360 950 ea
2385 907 2447 950 uti

1445 964 1658 1021 permittat
1673 991 1684 1004 ·
1715 968 1847 1028 Qam
1862 976 2000 1009 tamen
2021 964 2260 1008 facultatem
2284 967 2445 1022 poterit

1446 1024 1669 1079 Episcopus
1682 1051 1696 1075 ,
1712 1022 1777 1067 seu
1797 1026 2005 1078 Vicarius,
2022 1025 2044 1066 si
2063 1025 2100 1066 in
2124 1023 2302 1068 Domino
2318 1025 2446 1068 visum

1450 1080 1575 1125 fuerit
1588 1112 1603 1134 ,
1620 1084 1818 1139 expedire
1841 1084 1891 1127 ad
1905 1084 2013 1127 aliud
2032 1085 2154 1126 breve
2180 1093 2338 1141 tempus
2359 1084 2453 1141 plu-

1448 1143 1556 1191 ries,
1573 1144 1613 1184 δι
1639 1143 1783 1187 eadem
1808 1143 1964 1188 servatii
1989 1141 2147 1193 formai,
2172 1155 2452 1198 prorogata-t

1450 1203 1556 1245 intra
1574 1210 1732 1258 tempus
1756 1203 1795 1246 in
1809 1204 1886 1246 hac
1907 1201 2102 1246 facultate
2123 1203 2148 1244 a
2165 1204 2308 1244 Sancta
2340 1201 2451 1245 Sede

1451 1259 1677 1305 concessum
1696 1287 1711 1313 ,
1739 1264 1871 1305 &non
1901 1262 2007 1305 ultra
2025 1291 2036 1302 .
2067 1260 2246 1315 ldipsum
2276 1267 2453 1304 autem-a

1449 1334 1610 1378 prorsus
1643 1319 1828 1364 servetur
1854 1321 1906 1363 ab
1931 1321 2006 1367 iis,
2038 1318 2184 1376 quibus
2211 1320 2291 1362 haec
2314 1319 2458 1364 eadem

1450 1380 1627 1423 facultas
1657 1379 1891 1425 celebrandi
1921 1379 1981 1422 bis
2010 1379 2049 1421 in
2072 1377 2140 1420 die
2157 1377 2270 1435 juxta
2284 1378 2459 1435 potesta-

1453 1448 1535 1483 tem
1564 1436 1732 1485 inferitis
1749 1439 2035 1497 apponendam
2050 1437 2347 1480 communicata
2363 1435 2456 1482 fue-

1450 1500 1505 1541 rit
1518 1525 1533 1548 a
1549 1498 1655 1543 adeo
1669 1530 1682 1553 ,
1698 1511 1743 1545 ut
1757 1514 1879 1543 nemo
1901 1513 1952 1543 ex
1976 1498 2081 1554 ipfis,
2096 1497 2165 1539 nisi
2183 1496 2289 1551 juxta
2313 1497 2457 1539 mode—

1454 1559 1653 1602 rationem
1677 1562 1726 1604 ab
1745 1558 1946 1615 Episcopo
1961 1587 1974 1612 ‚
1993 1556 2057 1600 vel
2085 1555 2174 1609 ejus
2193 1557 2360 1600 Vicario
2378 1560 2464 1598 Ca-

1453 1618 1648 1674 pitulari‚
1667 1619 1731 1663 vel
1748 1618 1972 1670 Gener-ali,
2001 1617 2064 1659 seu
2093 1615 2260 1659 Vicario
2287 1614 2463 1671 Aposto-

1464 1676 1548 1719 lico
1566 1705 1580 1728 ,
1611 1687 1655 1720 ut
1684 1678 1836 1721 dissum
1853 1678 1909 1721 est
1923 1703 1937 1725 a
1969 1674 2129 1732 singulis
2144 1675 2425 1730 apponendam
2443 1699 2460 1724 ‚

1462 1734 1691 1791 hujusmodi
1708 1736 1908 1780 facultate
1927 1737 1985 1778 uti
2002 1735 2135 1777 valeat
2149 1762 2163 1784 ,
2177 1733 2356 1789 injuncto
2393 1746 2466 1775 eo·-

1462 1789 1634 1837 rundem
1662 1797 1953 1851 Episcoporum
1969 1823 1982 1844 ,
2008 1795 2073 1836 seu
2090 1794 2349 1836 vicariorum
2361 1795 2466 1834 con-³

1461 1853 1663 1899 scientiae,
1678 1862 1723 1891 ut
1748 1854 1860 1893 ultra
1883 1853 2060 1904 superius
2092 1850 2199 1892 dicta
2233 1863 2314 1893 non
2337 1848 2466 1891 omni-

1460 1908 1533 1949 bus
1553 1906 1835 1949 indifferenter
1848 1936 1865 1960 ‚
1877 1908 2025 1962 quibus
2043 1906 2168 1949 fuerit
2194 1908 2470 1951 communica·

1459 1964 1586 2014 ta,sed
1599 1966 1736 2018 paucis
1750 1966 2108 2018 dumtaxat,iisque
2125 1967 2358 2008 maturioris
2377 1980 2466 2020 pru·

1459 2019 1607 2060 dentiae
1632 2045 1648 2068 2
1674 2034 1720 2060 ac
1741 2022 1822 2062 zeli
1848 2049 1862 2071 ‚
1887 2023 1925 2060 8(
1955 2021 2022 2075 qui
2044 2020 2228 2063 absolute
2259 2022 2463 2066 necessarii

1460 2076 1549 2119 sunt
1567 2106 1580 2128 ,
1597 2090 1674 2119 nee
1691 2090 1770 2132 pro
1783 2078 1969 2134 quolibet
1987 2079 2080 2120 loco
2095 2106 2109 2128 ,
2122 2080 2189 2122 sed
2201 2109 2217 2132 ,
2233 2080 2300 2122 ubi
2330 2081 2465 2139 gravis

1457 2135 1671 2180 neceffitas
1696 2136 1866 2189 tulerit,
1898 2138 1935 2179 &
1960 2137 2012 2179 ad
2045 2137 2169 2180 breve
2198 2149 2383 2195 tempus,
2417 2148 2465 2183 ut

1460 2196 1610 2239 dicium
1625 2196 1678 2238 est
1695 2225 1709 2248 ,
1732 2196 1970 2240 facultatem
1987 2197 2119 2255 quoad
2140 2198 2218 2239 hoc
2233 2201 2460 2243 comunica-

1460 2264 1543 2298 tam
1558 2282 1572 2306 ‚
1585 2254 1783 2310 approbet
1799 2286 1811 2298 .

1522 2328 1563 2367 7.
1599 2312 1863 2370 Dispensandi
1879 2317 2236 2368 ‚&commutandi
2258 2328 2353 2362 vota
2375 2318 2468 2361 fim-

1463 2375 1587 2433 plicia
1603 2374 1642 2415 in
1660 2375 1737 2416 alia
1765 2376 1829 2431 pia
1853 2391 2001 2430 opera,
2017 2377 2198 2434 exceptis
2215 2378 2322 2420 votis
2337 2378 2469 2433 Casti-¹

1465 2435 1560 2478 tatis
1577 2461 1592 2484 ,
1605 2435 1645 2475 δε
1674 2434 1903 2491 Religionis
1919 2466 1931 2477 .

1528 2495 1568 2535 8.
1601 2493 1862 2547 Dispensandi
1892 2496 1931 2537 in
1956 2493 2046 2537 foro
2071 2493 2323 2553 eonscientiae
2350 2495 2467 2551 super

1470 2552 1770 2606 irregularitate
1783 2567 1832 2596 ex
1848 2553 1999 2596 delicto
2016 2555 2185 2597 occulto
2212 2556 2472 2609 provenien-

1468 2626 1509 2656 te
1524 2643 1538 2664 ,
1551 2613 1592 2654 ἃ.
1604 2625 1686 2654 non
1713 2612 1892 2656 deducto
1907 2614 1958 2655 ad
1976 2608 2104 2655 forum
2134 2615 2434 2656 contentioium
2450 2643 2465 2666 ,

1467 2687 1549 2718 non
1566 2681 1701 2714 tamen
1715 2686 1765 2716 ex
1793 2672 2014 2715 homicidio
2039 2672 2296 2725 voluntario,
2321 2686 2389 2716 aut
2405 2672 2470 2715 bi-

1497 2745 1619 2775 amia.

1467 2748 1494 2790 g
1525 2806 1568 2850 9.
1633 2792 2001 2848 Dispensandicum
2015 2794 2220 2837 conversis
2247 2793 2297 2836 ad
2328 2792 2468 2837 fidem

1468 2849 1732 2894 Catholicam
1755 2853 1793 2894 in
1810 2864 1850 2904 3.
1865 2853 1957 2906 &4
1986 2853 2363 2909 Consanguinitatis
2378 2882 2391 2903 ,
2424 2853 2466 2894 δε

1467 2907 1686 2951 Affinitatis
1703 2911 1897 2964 fimplici,
1925 2913 2106 2953 &mixto
2131 2911 2312 2958 tantum,
2329 2909 2466 2966 quoad

1473 2966 1680 3025 praeterita
1695 2967 1952 3010 matrimonia
1967 2996 1983 3017 ‚
1999 2969 2039 3008 δι
2052 2969 2089 3009 in
2108 2967 2300 3022 praedictis
2312 2967 2466 3010 cafibus

1472 3027 1634 3084 prolem
1649 3023 1866 3082 susceptam
1881 3023 2119 3069 declarandi
2151 3025 2374 3082 legitimam
2390 3056 2404 3066 .

1536 3099 1599 3129 10.
1634 3084 2003 3140 Dispensandicum
2020 3084 2167 3128 eisdem
2197 3086 2314 3140 super
2345 3087 2467 3142 impe-

1475 3141 1660 3188 dimento
1674 3145 1844 3200 publica:
1860 3143 2076 3187 honestatis
2099 3142 2256 3199 justitias
2277 3156 2327 3185 ex
2343 3143 2463 3200 spon-5

1474 3204 1618 3248 salibus
1634 3203 1905 3259 proveniente
1923 3229 1937 3243 .

1536 3277 1600 3307 11-
1634 3261 2004 3318 Dispensandicum
2019 3261 2167 3306 eisdem
2199 3260 2314 3318 (uper
2339 3262 2467 3318 impe·

1472 3324 1654 3366 dimento
1667 3322 1878 3371 criminiS,
1903 3331 2053 3366 neutro
2074 3330 2207 3365 tamen
2232 3321 2463 3381 Conjugum

1473 3381 1731 3427 machinante
1746 3411 1757 3425 .

1528 3500 1736 3623 Rest'j'gtm
1751 3516 1837 3546 cum
1854 3502 1961 3545 Nota
1959 3500 2148 3560 fhbnexa
2161 3501 2248 3544 vide
2260 3503 2386 3546 eodem
2400 3511 2462 3546 to-

1467 3575 1528 3604 mo
1548 3575 1608 3605 iv.
1648 3576 1667 3604 o
1685 3576 1742 3614 .5.

2279 3901 2411 3945 PRO.

2700 1259 2704 1270 ..
2701 1239 2704 1247 -
2700 1215 2704 1225 Α
2699 1189 2704 1197 a
2699 1160 2704 1174 ..
2700 1118 2704 1148 .,,
2699 1029 2704 1105 .--.—.
2696 971 2704 1018 κ-
2700 937 2704 960 -,
2700 884 2704 925 —
2695 772 2704 872 ,Μ
2694 439 2704 762 *.*ffl.-‹—-*-z.v,.-n—n.⁴..
2696 411 2704 428 n
2701 359 2704 378 ..
