2612 4100
847 238 1532 328 Norm-anniae.
2042 278 2152 360 ‚93

347 382 396 427 Ν
399 396 638 429 ormannos
655 382 903 449 generatim
921 384 1089 431 virtute
1109 383 1326 431 excellere
1343 418 1357 439 ,
1396 383 1603 452 virosque
1620 381 1668 435 ὅ(
1682 386 1860 440 Marte,
1894 383 2117 435 Themide
2130 422 2146 444 ,
2172 387 2221 439 6<

207 449 392 500 Pallade
409 449 602 500 illustres
615 452 806 499 educare
823 449 934 498 dum
951 454 1138 500 tradunt
1154 451 1526 520 historiographi,
1563 454 1682 504 sorte
1703 456 1786 503 hac
1814 470 1904 503 non
1923 452 2222 506 destitutam..

207 518 294 568 effe
311 523 599 570 Provinciam
618 519 814 569 nostram
841 537 895 567 ex
909 535 1024 588 vaga
1038 520 1423 571 documentorum
1440 527 1630 575 lestione
1645 525 1843 582 deduce.
1874 527 2110 588 Martyres
2126 522 2216 572 san-

206 591 359 658 guinis
378 592 453 656 qui
473 594 598 659 cupit
614 625 630 648 ,
666 592 745 638 hos
774 591 819 637 in
853 592 940 638 ΡΡ.
959 590 1162 639 Antonio
1188 591 1564 644 Constantinienfi
1583 632 1599 653 ,
1634 595 1684 646 <Sc
1701 594 1896 644 *Alberto
1915 594 1941 642 a
1954 597 2002 656 S.
2016 595 2220 642 Salvato-

204 677 258 708 τε
285 663 499 726 reperiet,
514 677 708 728 quorum
732 675 891 707 cruore
906 694 921 715 ,
938 659 1049 707 dum
1066 657 1191 708 fatuo
1213 659 1453 710 ldolorum
1471 667 1600 713 cultu
1628 663 1838 714 fascinata
1861 679 1971 733 gens
1997 665 2041 711 in
2057 664 2220 729 Capite

204 730 388 778 Boreali
408 765 425 787 ,
459 733 601 798 vulgo
623 732 691 778 Au
706 728 793 794 Cap
816 728 866 776 de
884 727 1026 785 Noni,
1044 726 1141 777 suas
1169 746 1288 779 anno
1318 739 1381 780 16
1384 748 1467 793 47.
1498 734 1749 799 inquinavit
1766 753 1943 792 manus,
1959 734 2030 800 pia
2048 749 2219 780 memo-

208 797 277 847 ris
294 814 475 850 econtra
492 800 623 850 fitum
642 796 790 848 feralis
807 795 932 848 aelus
952 795 1246 849 sanctificavit
1262 840 1274 854 .
1311 802 1547 868 Martyres
1578 801 1779 865 desiderii
1798 807 1878 853 rite
1896 803 2061 852 dixeris
2090 837 2105 858 ,
2141 818 2217 850 eos

205 870 384 918 Fratres
420 887 575 919 omnes
590 904 605 926 ‚
646 886 758 935 quos
788 869 846 917 ad
861 866 1092 916 Miffiones
1114 886 1229 917 curae
1248 867 1334 919 suae
1340 875 1433 932 jam
1451 873 1567 919 ultra
1584 885 1765 920 centum
1784 867 1920 921 annos
1943 874 1988 920 in
2003 873 2217 921 America

205 936 468 987 commissas
505 940 735 1007 ablegavit
761 973 780 995 ,
815 938 864 988 ὃς
895 937 1041 986 adhuc
1066 938 1245 1006 ablegat
1271 959 1285 986 :
1323 944 1554 1006 Martyres
1581 941 1806 994 charitatis
1832 943 1994 1009 viginti
2027 977 2044 999 ,
2077 957 2215 990 aureo

203 1007 459 1056 charastere
475 1025 587 1056 unus
605 1024 890 1056 marmoreus
910 1008 1020 1074 lapis
1038 1002 1318 1078 Rothomagi
1338 1011 1381 1057 in
1399 1011 1682 1061 Coemeterio
1707 1014 1754 1060 S.
1773 1014 1926 1059 Mauri
1953 1025 2214 1078 nuncupato

200 1075 400 1125 recenset
414 1094 518 1125 cum
537 1077 777 1144 Epitaphio
795 1075 1031 1140 subjunsto
1051 1114 1063 1127 .
1905 1121 1926 1144 a

207 1159 209 1161 ’
337 1146 422 1195 Hic
437 1147 685 1215 requiefiwtt
703 1146 784 1214 (ψ
805 1148 976 1196 Parrum
994 1148 1287 1214 Capucinorum
1303 1185 1319 1207 ,
1350 1152 1528 1218 quidum
1535 1150 1756 1217 spirituali
1771 1149 1949 1217 obsbquio
1966 1150 2071 1214 peste
2085 1168 2216 1197 corre-

194 1228 362 1280 ptorum
379 1226 400 1276 (
415 1234 515 1266 anno
534 1226 679 1280 1650.
693 1223 713 1277 )
722 1219 772 1285 [ὲ
789 1217 1074 1279 manciparunt
1090 1255 1105 1276 ,
1135 1221 1324 1287 diesfiaos
1342 1227 1385 1269 in
1400 1223 1622 1270 charitatis
1637 1224 1833 1269 exercitio
1836 1221 2081 1286 finiverunt
2099 1254 2111 1267 .
2144 1221 2218 1268 Ci-

197 1303 312 1334 neres
326 1287 518 1355 ipfirum,
534 1287 584 1336 ab
595 1292 649 1336 iis
650 1288 816 1355 ficorum
833 1289 1028 1338 Fratrum
1043 1290 1242 1357 elongati,
1242 1291 1344 1355 fient
1353 1294 1555 1357 praeelara
1570 1306 1823 1339 monumenta
1836 1290 1919 1345 zeli
1935 1322 1951 1345 ,
1976 1293 2049 1354 qui
2073 1307 2141 1336 nec
2156 1292 2215 1336 ti-

197 1373 307 1404 more
317 1357 450 1406 morbi
465 1358 708 1426 contagicfi,
721 1378 790 1407 nec
803 1377 935 1408 amore
946 1365 1053 1410 vitae
1069 1360 1349 1426 conftrvandae
1366 1364 1556 1429 impediri
1578 1365 1716 1427 potuit
1740 1397 1751 1409 .
1781 1359 1901 1409 Illud
1919 1357 2044 1421 ipfiam
2072 1359 2217 1407 Evan-

194 1426 350 1493 gelium
364 1462 380 1485 ,
405 1429 513 1495 quod
525 1428 639 1476 bonis
655 1433 826 1478 terrenis
836 1431 938 1479 illos
940 1431 1158 1498 spoliavit
1172 1467 1188 1489 ‚
1202 1430 1298 1499 fine
1315 1431 1437 1480 dubio
1455 1452 1518 1482 eos
1535 1436 1580 1481 in
1602 1431 1705 1480 leelo
1735 1432 1901 1480 honoris
1926 1431 2030 1474 mori
2046 1427 2181 1496 ffcit
2200 1462 2214 1474 .

198 1495 390 1564 Contigit
405 1499 479 1546 hoc
494 1533 510 1556 ,
536 1499 631 1548 dum
647 1501 891 1548 charitatem
910 1537 924 1558 ,
950 1507 1268 1569 quae'vireutum-
1278 1505 1450 1552 omnium
1474 1508 1612 1569 prima
1637 1501 1702 1550 ef?
1721 1537 1736 1559 ,
1764 1513 2028 1549 exercuerunt
2044 1534 2056 1547 .
2088 1494 2214 1548 Sacrc'i

195 1565 373 1616 invidia
390 1586 522 1617 eorum
536 1570 799 1619 conditionem
814 1571 966 1637 respice
978 1607 994 1630 ,
1007 1578 1060 1620 ⁶&
1076 1572 1143 1638 ,fi
1151 1578 1337 1639 ingratus
1352 1572 1426 1640 ff
1442 1574 1548 1622 nolis
1563 1609 1578 1632 ,
1607 1571 1791 1621 manibus
1803 1571 2036 1640 generosis,
2053 1574 2124 1637 qui
2135 1584 2213 1636 pro

188 1634 356 1701 publico
362 1638 551 1703 firvitio
563 1674 578 1696 ,
603 1644 746 1691 vitam
762 1656 878 1689 tanto
894 1641 1277 1709 zelofizcrqfcarunt
1290 1678 1306 1701 ‚
1334 1663 1410 1691 non
1424 1645 1574 1712 denega
1592 1679 1612 1692 .‚
1860 1691 1862 1693 .

338 1709 478 1758 Feriit
504 1710 580 1757 vix
615 1711 760 1760 ullum
797 1713 926 1774 hujus
947 1714 1193 1762 Provincia:
1211 1715 1364 1765 locum
1377 1713 1613 1784 flagellum
1627 1712 1784 1783 pestis,
1819 1709 1941 1780 quod
1956 1708 2146 1759 charitas
2161 1711 2206 1758 in

195 1791 250 1823 eo
267 1779 528 1843 Seraphicas
544 1796 633 1827 non
651 1781 852 1828 litaverit
866 1781 1025 1829 hostias
1037 1783 1128 1831 ἃς.

338 1843 550 1894 Personat
575 1847 722 1895 adhuc
750 1863 839 1895 vox
871 1849 1292 1902 Concionatorum,
1329 1865 1440 1912 quos
1468 1848 1624 1897 habuit
1641 1848 1877 1896 Provincia
1910 1862 2012 1905 raro
2039 1846 2212 1894 talento

196 1912 411 1973 dotatos;
450 1911 536 1963 fuit
556 1916 673 1963 enim
695 1932 783 1964 vox
803 1917 845 1963 in
861 1918 1024 1964 virtute
1046 1950 1061 1972 ,
1095 1916 1356 1982 quamdum
1376 1913 1774 1985 Portu-gratienses
1800 1917 1842 1963 in
1872 1915 2138 1982 Fr.Jacobo
2154 1915 2209 1962 de

195 1985 405 2039 Bolduc‚
449 1982 823 2049 Argentomenses
843 1985 887 2028 in
911 1988 982 2030 Fr.
999 1986 1199 2030 Claudio
1217 1986 1309 2032 a-S.
1326 1988 1489 2031 Brioco
1505 1985 1594 2032 διε.
1623 1985 1888 2048 stupuerunt
1904 2019 1919 2040 ,
1957 1985 2122 2050 lapides
2153 1981 2210 2031 ad

194 2049 489 2102 construenda
513 2054 720 2096 Fratrum
739 2049 974 2094 domicilia
993 2050 1035 2093 in
1049 2062 1398 2096 monumentum
1418 2049 1562 2096 laudis
1579 2049 1770 2115 posuere
1784 2083 1796 2095 .
1836 2053 1909 2096 Ita
1939 2068 2116 2115 quoque
2137 2069 2210 2099 ex·

193 2121 351 2170 celluit
368 2120 411 2166 in
429 2121 503 2166 Fr.
520 2117 745 2166 Zacharia
768 2113 1030 2164 Lexovienfi
1047 2115 1220 2165 donum
1233 2116 1562 2182 predicationis
1581 2152 1598 2174 ,
1635 2131 1687 2166 ut
1705 2117 1875 2184 Anglia
1890 2120 2001 2167 illud
2016 2120 2040 2166 a
2052 2121 2205 2169 Gallia

190 2187 286 2240 sola
302 2187 511 2256 poffideri
527 2183 650 2253 quafi
669 2184 905 2241 invideret,
921 2185 967 2235 <Sc
987 2187 1090 2234 ideo
1112 2222 1125 2241 ,
1140 2202 1188 2235 ut
1206 2186 1398 2235 Londini
1434 2184 1550 2236 sacri
1567 2189 1722 2250 Jejunii
1753 2202 1954 2255 tempore
1986 2191 2032 2236 in
2058 2192 2206 2259 Regio

189 2260 367 2311 Palatio
388 2270 562 2326 pateret
576 2287 590 2312 ‚
631 2257 815 2324 Reginae
834 2253 918 2304 suae
937 2256 1147 2307 Henricae
1163 2254 1294 2305 suasit
1311 2292 1327 2315 ‚
1360 2257 1560 2307 obtinuit
1575 2293 1591 2315 ,
1614 2272 1660 2307 et
1673 2255 1903 2325 obstupuit
1916 2295 1928 2308 .

329 2330 378 2379 Si
393 2342 438 2378 et
451 2331 626 2376 Fratres
637 2328 682 2374 in
697 2341 985 2394 generatione
1003 2324 1462 2393 suaNobiles'quaeras
1476 2361 1492 2385 ,
1528 2328 1694 2377 horum
1717 2344 1908 2376 numero
1938 2328 2063 2396 digni
2097 2326 2206 2377 inse·

190 2411 353 2449 runtur
371 2434 386 2456 ,
424 2401 496 2446 Fr.
513 2394 770 2446 Franciscus
785 2398 810 2444 a
829 2400 967 2446 Ponte
984 2401 1029 2445 S.
1048 2397 1198 2452 Petri,
1235 2398 1310 2460 qui
1331 2398 1444 2446 ⁴dum
1474 2398 1642 2447 virtute
1671 2398 1848 2464 generis
1882 2397 2206 2447 nobilitatem

189 2468 328 2538 longe
350 2466 591 2535 superavit,
614 2468 892 2535 Rothomagi
914 2470 959 2514 in
974 2469 1195 2534 praeconio
1215 2463 1370 2512 sanstae
1387 2466 1609 2532 opinionis
1623 2462 1808 2531 quiescit
1823 2484 1839 2512 ι
1875 2469 1949 2514 Fr.
1970 2469 2200 2517 Henricus

187 2539 459 2606 &Gournay
476 2573 491 2596 ,
528 2555 583 2587 ex
615 2536 772 2587 illustri
805 2539 992 2586 Familia
1028 2536 1083 2585 de
1118 2540 1237 2583 Bezu
1252 2569 1267 2590 ,
1303 2536 1375 2582 cui
1396 2536 1569 2602 Reglna
1584 2535 1762 2601 Angliae
1784 2531 1984 2582 Altefata
2001 2551 2204 2583 nomen...

185 2607 319 2658 suum
339 2610 510 2676 imponi
533 2608 704 2657 voluit:
749 2612 820 2657 Fr.
834 2609 1035 2674 jacobus
1051 2606 1105 2653 de
1116 2603 1283 2652 Bordes
1296 2623 1311 2663 ;
1351 2606 1631 2672 Fr.J0annes
1649 2604 1794 2652 Maria
1813 2603 2202 2671 Roffiomagenfis,

184 2677 409 2728 Francisci
423 2679 479 2728 de
498 2677 707 2728 Pericard
730 2676 937 2744 Episcopi
955 2670 1239 2724 Abrincenfis-
1255 2676 1411 2740 Nepos
1426 2687 1501 2732 ‚et
1528 2675 1594 2722 N.
1610 2671 1825 2740 Episcopi
1852 2670 2078 2738 Tarsenlis
2098 2677 2200 2722 Fra-

162 2759 254 2797 ·‘ter
287 2751 575 2806 Germanus;
614 2752 688 2796 Fr.
703 2748 906 2811 Raphael
922 2745 976 2793 de
990 2746 1165 2808 Clayes
1179 2778 1194 2800 ,
1232 2743 1509 2792 Marchionis
1521 2742 1577 2791 de
1592 2745 1764 2811 Cla-yes
1781 2743 1921 2792 Filius
1947 2755 2032 2792 etc.

328 2814 491 2882 Usque
507 2816 565 2865 ad
578 2817 835 2882 opinionem
854 2812 1007 2862 sane'tae
1022 2814 1122 2860 vitae
1132 2813 1242 2860 alios
1255 2814 1397 2861 virtus
1413 2815 1626 2878 provexit
1640 2832 1655 2871 ;
1692 2826 1850 2879 praeter
1865 2830 1939 2861 eos
1955 2815 2073 2861 enim
2084 2847 2099 2870 ,
2119 2813 2195 2877 qui

184 2885 502 2940 Parifienfibus
519 2883 723 2934 Patribus
749 2897 852 2932 ante
876 2881 1142 2932 divisionem
1172 2879 1548 2939 commiscentur,
1587 2884 1780 2930 Annales
1807 2880 1944 2930 nostri
1958 2882 2199 2947 plurium-³

186 2961 567 3007 Normannorum
587 2958 799 3003 Fratrum
817 2954 959 3004 vitam
975 2952 1230 3001 mirabilem
1259 2949 1433 3000 extense
1449 2947 1738 3007 describunt.
1774 2952 2064 3016 ‘pluriumque
2087 2951 2200 2998 alio-

182 3046 292 3078 rum
316 3025 448 3076 restat
465 3014 754 3074 describenda
773 3060 788 3081 ,
823 3013 935 3090 quos
952 3025 1065 3072 inter
1079 3038 1392 3070 commemoro
1422 3025 1496 3069 Fr.
1508 3018 1782 3085 Dionysium
1800 3017 2055 3068 Viriensem
2076 3054 2092 3076 ,
2122 3037 2196 3067 cu-

179 3103 254 3162 jus
274 3095 508 3165 sepulchro
524 3096 550 3143 a
567 3109 684 3144 terra
708 3095 889 3143 elevato
920 3094 1063 3142 Cives
1080 3088 1446 3141 Bellimontenses
1463 3125 1479 3148 ,
1514 3091 1589 3155 qui
1614 3088 1687 3156 pia
1710 3087 1924 3139 violentia
1951 3090 2195 3157 Capucinis

183 3166 397 3234 Cadaver
415 3170 507 3231 ejus
523 3165 806 3234 diripuerunt
821 3199 838 3224 ,
870 3160 1051 3230 sequens
1065 3160 1309 3231 apposuere
1328 3159 1616 3229 Epitaphium
1633 3193 1646 3207 .

1961 3845 1998 3898 J.
2013 3843 2068 3883 M.
2089 3841 2132 3881 ε.
