2638 4088
1052 189 1630 311 Ar-aganiae.

282 342 434 394 Situm
451 343 629 394 Domus
649 343 806 395 Terrae
821 347 980 413 Fragae
1000 341 1161 400 deseri,
1175 363 1278 393 ven·

348 413 426 474 di,
447 413 494 467 ὃ(
524 418 724 483 pretium
757 415 865 464 inde
881 414 1116 466 redatstum
1141 411 1277 463 fabri-

347 502 407 535 ca:
438 504 566 536 novae
600 482 778 536 Domt'is
795 484 961 537 locide
991 486 1279 537 Darocaim-

345 556 484 623 pendi
501 556 710 629 indulget
725 592 746 606 .,

276 697 888 754 INNO‘CENTIUS
941 697 1032 747 ΡΑ
1057 696 1155 745 ΡΑ
1207 699 1274 751 Χ.

365 814 522 858 Diche
535 816 615 860 Fit}
629 815 826 872 ,filatem
838 842 852 864 ,
868 814 916 863 ἐς·
931 813 1189 873 Apostolicam

612 875 922 918 Bencdmimem
940 903 952 914 .

397 988 503 1040 Um',
520 988 618 1034 ficut
637 991 765 1035 Nobis
782 1003 918 1046 nuper
940 989 1087 1045 exponi
1110 988 1238 1032 fecisti
1259 1017 1274 1040 ,

414 1047 561 1090 Dileeti
576 1049 669 1091 Filii
684 1051 845 1092 Fratres
873 1048 1038 1091 Ordinis
1065 1049 1273 1092 Minorum

271 1106 401 1148 Sane-ti
432 1106 631 1150 Francisci
676 1110 983 1164 Capucinorum
1015 1115 1271 1162 nuncupato-

270 1178 363 1206 rum
383 1165 607 1210 Provinciae
624 1167 838 1224 Aragoniae
863 1180 989 1209 unum
1007 1168 1273 1208 Conventum

271 1218 488 1266 formalem
503 1224 680 1268 habeant
699 1227 739 1269 in
753 1225 883 1269 Terra
902 1226 1039 1282 Fragae
1054 1225 1170 1269 situm
1185 1224 1273 1280 jux-

271 1292 312 1323 ta
327 1310 341 1333 ,
353 1284 393 1325 δι
407 1296 534 1338 prope
550 1284 775 1328 Cataioniae
805 1284 1083 1342 principatum
1105 1311 1120 1334 ,
1144 1286 1273 1329 Terta

271 1341 374 1382 vero
390 1340 648 1397 hujusmodi,
669 1341 857 1388 tranfitt‘is
871 1343 1066 1388 ordinarii
1081 1342 1275 1394 militum,

259 1398 530 1442 ¹&bellorum
544 1426 558 1448 2
576 1415 660 1458 quae
674 1402 713 1445 in
736 1402 817 1445 illis
836 1404 1018 1457 partibus
1040 1402 1197 1457 vigent,
1210 1415 1277 1445 oc.

269 1458 439 1510 castone,
453 1459 475 1502 ὲ
491 1460 783 1505 conterraneis
794 1489 808 1512 ,
822 1463 863 1503 δι
878 1461 1175 1504 habitatoribus
1193 1474 1278 1504 om·

268 1515 371 1559 nino
387 1518 548 1561 deferta
565 1518 696 1562 fuerit
709 1549 723 1572 ,
740 1521 811 1572 ita,
825 1530 868 1562 ut
884 1520 983 1563 inibi
998 1523 1164 1564 Fratres
1179 1534 1278 1576 prae·

269 1571 343 1617 fati
362 1575 531 1632 amplius
549 1578 747 1628 babitare,
759 1580 1277 1638 manuteneriq3nequeant

267 1633 415 1691 absque
431 1635 546 1676 totali
566 1635 736 1692 Regulae
754 1635 1094 1687 inobservatione,
1107 1650 1276 1695 propte-

267 1707 336 1734 rea
353 1695 613 1736 Conventum
629 1694 882 1750 hujusmodi,
913 1697 1026 1754 cujus
1050 1697 1276 1740 dominium

265 1752 318 1794 ad
337 1750 483 1795 Sedem
497 1752 780 1809 Apostolicam
807 1752 970 1808 speoat,
985 1755 1277 1810 derelinquere

268 1819 493 1866 coganturg,
509 1812 636 1854 Nobis
651 1811 807 1853 idcirco
824 1812 1032 1854 humiliter
1056 1812 1275 1867 supplicari

266 1868 397 1911 fecisti
410 1894 425 1917 ,
439 1870 541 1911 utin
557 1868 753 1924 praemiffis
770 1871 1022 1926 opportune,
1035 1874 1142 1922 &„ut
1157 1871 1277 1922 infra,

264 1926 491 1983 providere
519 1927 571 1971 de
600 1927 855 1984 benignitate
867 1931 1103 1987 Apostolica
1130 1930 1272 1986 digna—

268 2001 409 2031 remur
424 2015 436 2028 .

386 2048 475 2088 Nos
490 2045 615 2100 igitur
630 2048 692 2088 Te
706 2074 720 2096 ‚
736 2048 977 2102 eosdemque
996 2052 1157 2091 Fratres
1190 2046 1274 2099 spe·

270 2104 443 2146 cialibus
459 2100 663 2146 favoribus
675 2132 688 2152 ,
702 2107 740 2146 &
755 2107 899 2159 gratiis
920 2106 1104 2158 prosequi
1134 2106 1275 2145 volen-

267 2173 362 2210 tes,
393 2163 433 2202 δι
458 2161 479 2202 a
508 2161 712 2216 quibusvis
741 2162 1172 2205 excommunicationis
1195 2163 1274 2202 See.

271 2221 476 2263 absolutos
491 2214 579 2262 sore
599 2220 809 2264 censentes
826 2250 841 2273 ,
865 2220 1094 2277 hujusmodi
1122 2219 1276 2273 suppli-

207 2292 209 2294 ·
270 2279 497 2322 nationibus
511 2279 694 2320 inclinati
714 2306 728 2328 ,
743 2280 864 2328 Tibi,
883 2279 1087 2319 mediante
1108 2276 1276 2329 persona

268 2335 438 2390 syndici
472 2333 719 2378 Conventus
756 2335 1026 2390 hujusmodi,
1054 2331 1273 2375 eumdem,

265 2398 532 2438 conventum
546 2421 562 2444 ,
580 2392 765 2447 illiusque
789 2394 968 2443 hortum,
989 2394 1029 2433 δι
1044 2391 1172 2438 situm,
1188 2389 1277 2444 qui-

273 2452 410 2501 busvis
429 2450 607 2507 personis
631 2451 845 2494 meliorem
872 2452 1148 2494 conditionem
1177 2448 1276 2490 offe-

271 2511 462 2555 rentibus
485 2538 498 2561 ,
524 2511 657 2563 &pro
670 2512 808 2566 pretio
822 2510 922 2563 justo
947 2511 984 2552 &
1007 2507 1274 2555 rationabili,

271 2571 522 2616 auetoritate
539 2569 671 2611 nostra
688 2568 922 2624 Apostolica
943 2567 1178 2615 vendendi,
1210 2565 1274 2606 seu

270 2629 428 2680 vendi,
457 2627 716 2683 pretiumque
746 2627 841 2669 inde
869 2627 1134 2683 redigendum
1162 2626 1200 2665 in
1217 2622 1274 2665 fa‘

275 2689 427 2733 bricam
446 2716 462 2737 ‚
475 2688 515 2728 δι
528 2686 867 2731 constructionem
898 2689 1014 2730 unius
1032 2682 1278 2728 Conventus

272 2749 371 2791 novi
393 2746 490 2789 dicti
505 2744 671 2788 Ordinis
683 2773 696 2795 ‚
710 2746 776 2801 qui
790 2746 839 2785 ab
857 2744 944 2799 ipfis
957 2744 1167 2787 Fratribus
1184 2755 1280 2799 pro-

271 2805 437 2863 pediem
464 2803 503 2846 in
531 2804 626 2846 loco
652 2804 704 2844 de
733 2806 891 2844 Dat-oca
927 2801 1100 2843 excitari
1129 2800 1279 2852 debet,

273 2861 543 2907 convertendi
557 2888 572 2911 ‚
588 2860 657 2903 seu
672 2860 862 2905 converti
885 2859 1083 2908 faciendi,
1097 2858 1276 2914 plenam,

273 2925 315 2965 δι
332 2920 509 2974 amplam
523 2917 764 2962 facultatem
780 2948 795 2971 ,
809 2919 913 2960 dieta
929 2919 1172 2961 auctoritate
1184 2947 1198 2969 ‚
1211 2929 1275 2959 te-

275 2993 377 3024 nore
395 2976 646 3034 praesentium
661 2977 938 3027 concedimus,
950 2980 989 3020 &
1004 2978 1275 3033 impartimur.

278 3043 376 3082 Non
404 3036 653 3080 obstantibus
687 3035 861 3079 fe1.rec.
877 3038 990 3079 Pauli
1005 3039 1060 3078 11.
1076 3062 1091 3084 ,
1120 3036 1275 3078 &alio-

276 3112 366 3142 rum
385 3097 666 3139 Romanorum
684 3094 929 3140 Pontificum
946 3093 1277 3150 praedecessorum

279 3156 507 3198 nostrorum
522 3155 575 3198 de
593 3154 711 3196 rebus
727 3153 915 3197 Ecclefiae
930 3169 1008 3196 non
1033 3154 1277 3204 alienandis,

277 3214 444 3270 aliisque
463 3213 833 3256 Constitutionibus
847 3243 864 3264 ,
879 3214 920 3254 δι
944 3213 1278 3255 Ordinationibus

278 3272 524 3327 Apostolicis
552 3299 567 3322 ,
592 3271 824 3329 caeterisque
854 3273 1076 3314 contrariis
1116 3271 1278 3328 quibus-

278 3344 451 3386 cumque
465 3361 477 3372 .
498 3329 698 3375 Volumus
717 3343 852 3375 autem
868 3362 883 3383 ,
911 3332 1019 3386 quod
1035 3333 1213 3388 pecuniae
1231 3345 1281 3373 ex

281 3388 520 3435 venditione
554 3389 776 3447 hujusmodi
812 3392 1133 3447 provenientes,
1159 3390 1281 3433 unico

274 3455 504 3504 contextu,
530 3447 570 3490 in
595 3465 684 3492 rem
710 3449 826 3508 supra
849 3449 1064 3507 expressam
1091 3452 1273 3491 converti

280 3506 488 3555 debeant,
523 3507 590 3549 vel
617 3504 758 3551 saltem
785 3510 955 3565 pretium
977 3508 1180 3565 praefiztum
1209 3522 1278 3561 pe·

226 3572 229 3577 ’
279 3578 351 3609 nes
368 3567 552 3607 Montem
568 3566 765 3620 Pietatis,
796 3568 860 3610 vel
874 3568 1077 3623 personam
1097 3565 1176 3609 fide
1195 3592 1209 3613 ,
1241 3568 1276 3607 &

280 3623 747 3669 facultatibusidoneam
774 3623 1026 3681 deponatur,
1047 3625 1140 3667 inde
1161 3638 1274 3666 nom,

284 3680 559 3725 amovendum
585 3684 653 3727 nili
681 3685 732 3727 ad
760 3686 942 3727 effectum
967 3684 1067 3727 illud
1085 3709 1099 3732 ,
1117 3693 1160 3724 ut
1182 3698 1279 3740 prae-

282 3742 415 3786 fertur
429 3769 444 3792 ‚
461 3743 751 3789 convertendi.

397 3803 550 3904 lJ-atunss
575 3803 717 3846 Romae
740 3802 843 3859 apud
870 3803 1051 3846 Sanetam
1068 3801 1273 3845 Mariam-

434 3870 503 3902 om.
542 3889 555 3901 .

2102 232 2272 316 347

1339 341 1539 398 Majorem
1565 342 1633 383 sub
1659 338 1821 382 Annulo
1843 339 2134 393 Piscatorisdie
2149 366 2240 391 χω,
2258 356 2330 407 1⁴²⁴

1337 401 1392 441 nii
1409 413 1598 446 mncxm.
1613 398 1876 443 Pontificatt'is
1889 401 2013 442 nostri
2029 416 2133 445 anuo
2154 420 2302 459 primo,
2325 399 2327 402 Α

1399 518 1702 571 Autograpbum
1716 518 1760 560 in
1791 519 1962 565 Archiam
1986 522 2131 560 Secrct.
2154 522 2332 566 Brevium

1453 576 1760 691 Qifgosssljcarum
1773 579 1927 636 Regelio
1943 578 2116 640 mens&
2128 586 2223 621 anm
2229 590 2335 633 prax-

1478 648 1491 674 1
1536 662 1545 674 .
1585 650 1604 676 o
1620 666 1632 675 .
1647 651 1680 678 ι.

1335 775 1687 792 -ῄῃ
1722 788 1725 792 ,

1866 777 2336 793 -ιμ--

1334 875 1547 926 Hortum
1565 874 1778 920 Fratrum
1797 873 2061 942 Aragoniae‚
2075 889 2200 921 novo
2228 872 2339 922 Oli-

1405 943 1502 994 veti
1527 942 1650 1007 petio
1670 944 1878 1009 ampliari
1896 980 1911 1001 ,
1940 942 1988 994 ὅ(
2007 947 2091 992 hoc
2110 944 2336 1011 &Magno

1400 1010 1631 1080 Magistro
1657 1011 1914 1082 Hospitalis
1952 1018 1998 1063 S.
2014 1016 2209 1082 Joannis
2227 1016 2339 1063 Hie-

1404 1079 1729 1148 rosolymitani
1765 1119 1781 1142 ,
1812 1102 1895 1150 pro
1922 1086 2014 1136 alio
2041 1101 2172 1134 terrae
2207 1086 2335 1150 petio

1404 1170 1530 1222 perm
1538 1154 1659 1205 utari
1667 1155 1880 1209 concedit
1892 1191 1904 1205 .

1367 1281 1521 1328 Dilefi'o
1540 1284 1668 1334 Filia,
1685 1285 1833 1339 Magno
1865 1282 2058 1338 Magistro
2087 1281 2300 1340 Hospitalis

1530 1344 1571 1383 S.
1584 1343 1755 1393 &oannis
1775 1341 2121 1398 Hierosolymitam'
2135 1370 2147 1382 .

1340 1461 1965 1516 INNOCENTIUS
2003 1461 2212 1510 PAPA
2265 1459 2333 1508 X.

1430 1579 1585 1627 Dilcft’c
1600 1579 1906 1655 F1222splurean,
1921 1578 1970 1631 θ’
1987 1576 2244 1635 Apostolicam

1671 1638 1979 1682 Benedfflaeoncm
1990 1666 2001 1678 .

1486 1759 1598 1810 Uper
1613 1771 1688 1814 pro
1703 1767 1820 1813 parte
1848 1756 2092 1799 dileetorum
2108 1751 2335 1798 Filiorum-³*

1502 1817 1687 1858 Fratrum
1702 1814 1871 1860 Ordinis
1889 1816 2090 1856 Minorum
2115 1816 2153 1853 S.
2171 1809 2335 1853 Franci·-

1338 1873 1391 1913 sci
1419 1874 2073 1929 Capucinorumnuncupatorum,
2097 1868 2249 1912 Domus
2280 1868 2334 1909 il-

1338 1931 1419 1973 lius
1436 1934 1651 1988 Regularis
1667 1931 1844 1986 ejusdem
1864 1934 1996 1976 Sancti
2020 1929 2219 1974 Francisci
2245 1930 2336 1970 Cae-

1337 1991 1601 2047 saraugustan.
1623 1992 1850 2036 Provinciae
1872 1991 2081 2051 Aragoniae
2108 1989 2236 2031 Nobis
2263 2000 2336 2027 ex-

1336 2049 1506 2104 politum
1534 2048 1613 2092 fuit
1638 2076 1653 2098 ,
1677 2051 1786 2105 quod
1818 2079 1833 2101 ,
1859 2064 1952 2095 cum
1983 2062 2127 2094 eorum
2159 2049 2300 2089 hortus
2318 2072 2333 2095 ,

1337 2108 1455 2147 olera
1471 2136 1485 2156 ,
1497 2110 1537 2148 &
1552 2108 1692 2148 herbas
1704 2105 1756 2149 'ad
1770 2107 2032 2151 neceffarium
2061 2121 2206 2151 eorum
2222 2102 2335 2148 usum

1340 2164 1504 2204 minime
1533 2164 1761 2217 suppeditet
1777 2191 1791 2213 ,
1809 2167 1977 2206 hortum
2001 2168 2071 2219 ipsi
2094 2162 2335 2220 praefatum..

1338 2222 1512 2277 quodam
1529 2220 1685 2262 Oliveti
1706 2221 1843 2277 petio,
1863 2223 1970 2278 quod
1986 2221 2076 2279 jure
2093 2222 2235 2262 directi
2253 2222 2339 2259 Do-

1340 2279 1450 2319 minii
1480 2278 1530 2319 ad
1558 2279 1844 2321 castellaniam
1862 2282 2059 2336 Empostae
2094 2280 2202 2323 istius
2231 2278 2338 2324 Hos«.

1339 2335 1470 2389 pitalis
1498 2335 1629 2377 saneti
1648 2336 1818 2387 Ioannis
1847 2338 2210 2391 Hierosolymitani
2243 2340 2334 2390 spe-

1336 2396 1415 2433 &at
1433 2420 1446 2442 ,
1476 2389 1669 2443 ampliare
1686 2390 1943 2442 defiderant,
1967 2395 2007 2433 δι
2027 2393 2077 2434 ad
2105 2395 2213 2433 hunc
2238 2393 2332 2435 effe-

1334 2453 1440 2491 etum
1454 2452 1632 2504 quaedam
1648 2449 1710 2502 pia
1741 2450 1905 2503 persona
1919 2450 2231 2505 permutationis
2259 2455 2333 2491 nod

1334 2510 1446 2550 mine
1462 2506 1499 2548 se
1517 2506 1551 2547 se
1566 2505 1695 2548 eidem
1712 2507 1962 2550 Castellaniae
1984 2508 2092 2550 aliud
2125 2518 2333 2550 terrenum

1315 2595 1318 2598 -
1337 2568 1432 2609 alibi
1451 2565 1583 2615 fitum,
1597 2564 1776 2617 ejusdem
1791 2566 2030 2622 quantitatis
2043 2591 2057 2613 ,
2076 2566 2116 2606 ὅ(
2131 2580 2209 2608 non
2225 2564 2331 2608 infe-

1340 2627 1457 2668 rioris
1485 2623 1676 2665 bonitatis
1701 2624 1939 2678 primodieto
1978 2634 2095 2667 terrae
2125 2624 2236 2678 petio
2258 2625 2332 2667 hu-

1338 2683 1508 2742 jusmodi
1526 2685 1713 2725 daturam
1743 2683 1923 2728 obtulit.
1948 2685 2091 2739 Quare
2111 2682 2237 2723 Nobis
2258 2683 2332 2723 hus

1337 2744 1492 2786 militer
1506 2741 1722 2796 supplicari
1736 2738 1923 2788 fecerunt
1939 2741 2033 2784 dieti
2052 2743 2329 2797 Exponentes,

1338 2813 1381 2844 ut
1400 2802 1466 2844 sibi
1485 2803 1521 2842 in
1538 2798 1732 2854 praemiffis
1745 2801 1973 2856 opportune
1990 2800 2210 2856 providere
2235 2797 2328 2842 dea

1336 2861 1583 2916 benignitate
1601 2857 1827 2912 Apostolica
1843 2860 2124 2913 dignaremur.

1456 2922 1539 2962 Nos
1557 2919 1681 2972 igitur
1696 2917 1855 2961 eosdem
1869 2920 2126 2973 Exponentes
2150 2914 2328 2971 speciali-

1337 2980 1411 3021 bus
1429 2977 1631 3021 favoribus
1645 3006 1660 3028 ,
1686 2977 1725 3018 δι
1744 2978 1885 3032 gratiis
1912 2978 2093 3032 prosequi
2118 2975 2326 3022 volentes,

1337 3040 1376 3079 &
1392 3052 1530 3079 eorum
1554 3035 1769 3096 lingulares
1794 3037 1979 3089 personas
1997 3037 2018 3076 a
2032 3035 2232 3090 quibusvis
2254 3045 2327 3074 ex-

1338 3096 1716 3138 communicationis
1733 3095 1807 3135 &c·
1831 3095 1973 3137 harum
2001 3094 2101 3136 serie
2120 3091 2327 3134 absolven-

1340 3166 1401 3198 tes
1416 3185 1429 3206 ,
1458 3157 1498 3196 δι
1521 3153 1719 3195 absolutas
1734 3150 1821 3193 fore
1833 3153 2042 3195 censentes
2057 3181 2073 3204 ,
2097 3147 2324 3205 hujusmodi

1340 3212 1696 3268 supplicationibus
1714 3210 1922 3262 inclinati,
1944 3211 2036 3257 Tibi
2061 3225 2136 3266 per
2157 3207 2325 3265 praesen·

1339 3285 1397 3315 tes
1415 3270 1703 3314 committimus
1721 3269 1785 3321 ,&
1799 3270 2033 3313 mandamus
2049 3298 2063 3320 ,
2090 3280 2132 3312 ut
2152 3268 2325 3312 constito

1345 3333 1436 3374 Tibi
1453 3330 1504 3371 de
1524 3327 2022 3383 praemiffisfflrimodiftum
2037 3337 2154 3370 terrae
2169 3326 2324 3382 petium

1341 3390 1401 3437 ad
1421 3388 1599 3431 favorem
1627 3386 1859 3430 eorumdem
1885 3390 2071 3431 Fratrum
2100 3401 2172 3441 pro
2189 3387 2325 3429 secun·-

1343 3449 1504 3494 dodtzsto
1517 3475 1531 3499 ,
1545 3448 1584 3487 &
1598 3459 1669 3502 per
1688 3445 1870 3492 eamdem
1884 3447 1988 3502 piam
2008 3446 2214 3502 personam
2241 3440 2325 3482 affi-

1342 3507 1503 3563 gnando
1528 3516 1640 3547 terrae
1669 3504 1777 3558 petio
1802 3503 2018 3556 hujusmodi
2036 3531 2050 3553 ,
2080 3503 2185 3558 quod
2218 3499 2324 3554 ejus-

1338 3568 1431 3608 dem
1452 3565 1620 3605 fitannui
1637 3559 1808 3611 fruetus,
1834 3560 1899 3605 seu
1927 3560 2218 3619 responfionis,
2245 3571 2323 3601 nec

1340 3635 1417 3665 non
1436 3623 1486 3664 ad
1510 3628 1688 3664 eamdem
1703 3622 1984 3665 Castellaniam
2000 3651 2015 3671 ‚
2028 3630 2072 3662 ut
2093 3616 2323 3674 praefertur,

1340 3684 1426 3738 jure
1439 3682 1580 3722 dired'ti
1594 3679 1760 3721 dominii
1780 3679 1927 3735 spee'tet
1947 3709 1960 3729 ,
1985 3681 2221 3721 auctoritate
2248 3689 2323 3717 no-

1338 3735 1415 3782 stra
1431 3738 1656 3790 prstolica
1675 3749 1877 3793 permutes
1891 3767 1904 3788 ,
1931 3738 1998 3779 seu
2021 3733 2236 3792 permutari
2252 3747 2323 3776 cu·

1339 3813 1400 3843 res
1414 3827 1427 3851 ,
1441 3797 1633 3841 &facias.
1656 3803 1752 3841 Non
1773 3796 2018 3842 obstantibus
2039 3794 2106 3838 fel.
2125 3809 2205 3837 rec.
2225 3797 2328 3836 Pau-

1724 3857 1762 3898 X
1777 3869 1802 3898 x
2149 3854 2179 3896 li
2196 3856 2276 3902 11„
