2612 4100
415 197 532 307 ,88

1109 184 1733 299 Provincia¹

470 341 669 386 Volumus
683 340 907 393 auiemgut
933 333 1156 379 earundem
1171 335 1340 391 praes'en-
1400 337 1508 380 diter
1529 336 1568 379 in
1598 332 1780 378 Domino
1813 329 2084 375 concedimus
2109 347 2123 376 ε
2158 331 2418 389 praesent-ibus

355 403 460 445 tium
478 403 709 446 litterarum
732 396 1015 451 transumptis,
1043 396 1106 436 seu
1122 395 1336 451 exemplis,
1399 395 1607 454 perpetuis
1626 391 1777 437 futuris
1803 391 2068 448 temporibus
2081 392 2275 436 ,valituris
2293 422 2306 436 .

355 462 478 505 etiam
505 461 697 517 impressis
713 487 727 511 ,
752 470 872 499 manu
903 452 1074 511 alicujus
1100 455 1257 497 Notarii
1273 467 1345 509 pu·

1520 457 1672 497 Datum
1702 454 1844 495 Romae
1884 450 1996 505 apud
2021 449 2206 492 Sanuam
2230 451 2407 495 Mariam

353 520 454 565 blici
480 519 742 573 subscriptis,
763 516 803 555 &
826 513 958 570 sigillo
985 511 1168 556 Personae
1196 513 1237 556 in
1260 514 1341 555 Ec·
1402 513 1603 568 Maiorem
1640 510 1710 554 sub
1735 509 1906 555 Annulo
1943 506 2160 551 Piscator-is
2178 553 2183 556 ,
2203 509 2270 553 die
2299 522 2347 552 xi
2360 523 2398 550 1.

357 579 574 623 clesiastica
600 576 798 632 dignitate
820 570 1042 615 constitutae
1056 572 1250 620 munitis,
1279 585 1347 615 ea·
1403 571 1940 616 Februariimnccxxxvrr.
1965 564 2234 611 Pontificatsis
2270 565 2395 611 nostri

356 639 449 682 dem
465 634 626 694 prorsus
653 633 751 676 fides
768 660 785 682 ,
811 631 962 688 ubique
978 631 1167 673 locorum
1195 629 1345 674 habea·
1402 635 1525 676 Anno
1547 630 1748 688 septimo.

356 705 449 749 tur,
464 709 549 752 quae
565 693 652 748 ipsis
674 689 933 747 praesentibus
960 689 1215 743 haberetur,
1240 689 1266 732 fi
1282 689 1348 731 fo·

359 765 452 798 rent
481 747 972 802 exhibitae‚veloste'nsae.
1017 792 1019 794 .

471 814 622 853 Datum
650 810 793 851 Romae
822 807 928 863 apud
965 811 1148 860 Sanftam
1177 809 1349 850 Mariam

356 869 546 926 Maiorem
563 865 630 908 sub
645 867 794 910 annulo
810 867 1027 910 Piscatoris
1048 868 1115 910 die
1129 878 1257 910 x111.
1275 871 1350 912 Se·
1407 883 1991 908 ———-——-—---.

356 927 552 986 ptembris
576 939 753 969 Moccxt
767 939 802 969 1·
817 925 1084 971 Pontificatfis
1108 925 1233 970 nostri
1259 929 1346 978 Αιι-Ι

357 1003 409 1031 no
421 985 669 1030 duodecimo
682 1013 695 1027 .

422 1163 671 1220 Autograph.
689 1165 732 1207 in
755 1162 927 1208 Archino
951 1167 1096 1207 secret.
1121 1162 1349 1207 Brevt'umh,

479 1222 783 1279 Aprssolicorum
813 1222 969 1282 Regesto
989 1222 1146 1280 merdis,
1177 1221 1226 1270 δ’
1255 1223 1352 1264 anni

466 1280 812 1341 pradia-fialas.
995 1295 1001 1300 ²

1003 1480 1352 1500 ———

356 1638 705 1710 Indulgentiam
734 1639 983 1707 plenariam
1010 1652 1280 1708 perpetuam
1306 1638 1351 1687 in

425 1708 628 1760 Ecclesia
643 1714 861 1759 Fratrum
885 1713 976 1760 loci
995 1713 1043 1760 S.
1058 1710 1250 1777 Agnani
1266 1725 1352 1776 pro

423 1777 497 1826 die
514 1780 984 1827 Commemorationis
993 1776 1355 1832 Defunaorum,

425 1845 475 1898 ὅ(
497 1860 594 1895 tota
630 1846 753 1894 illius
791 1845 974 1896 Ostava
1002 1843 1141 1895 semel
1173 1842 1355 1905 lucr-ifa-

425 1916 637 1967 ciendam
664 1917 950 1984 impertitur.

356 2041 815 2095 CLEMENS
878 2041 1130 2091 PAPA
1195 2040 1356 2090 XII.

389 2160 584 2217 Universt's
600 2155 924 2216 Christifidelibus
936 2157 1146 2216 praestntcs
1159 2159 1317 2201 litteras

474 2219 707 2279 inspceluris
721 2248 737 2269 ,
749 2217 929 2274 filatem
952 2247 966 2270 ‚
993 2218 1041 2265 ὅ
1069 2217 1231 2276 Aposto-

616 2278 735 2320 lta-aus
754 2278 1065 2320 Benediffioncm
1081 2303 1092 2315 .

488 2401 526 2441 D
543 2394 768 2451 augendam
789 2394 991 2438 Fidelium
1011 2393 1276 2449 Religionem
1291 2420 1305 2442 a
1318 2393 1357 2434 &

518 2457 739 2498 animarum
774 2453 948 2498 salutem
964 2453 1195 2497 coelestibus
1212 2451 1358 2496 Eccle-

357 2518 419 2558 fiae
450 2515 646 2559 thesauris
662 2513 728 2568 pia
754 2514 955 2557 charitate
970 2513 1146 2564 intenti,
1173 2512 1359 2555 omnibus

355 2576 395 2615 &
428 2574 592 2632 singulis
627 2571 839 2629 utriusque
867 2571 979 2616 sexus
1008 2571 1358 2615 Christifidelibus

361 2634 462 2677 vere
496 2633 796 2690 poenitentibus
813 2661 827 2683 ,
855 2629 1121 2682 &confeffis,
1143 2645 1190 2674 ac
1216 2630 1359 2674 sacra„

360 2693 652 2735 communione
681 2690 868 2743 refet‘tis‚
905 2691 972 2747 qui
1000 2690 1223 2734 Ecclesiam
1261 2692 1363 2733 Fra-

359 2759 469 2794 trum
490 2751 654 2795 Ordinis
672 2750 883 2793 Minorum
902 2754 945 2794 S.
961 2748 1162 2793 Francisci
1177 2747 1361 2806 Capuci-

359 2825 510 2854 norum
541 2821 883 2865 nuncupatorum,
899 2810 1196 2865 Oppidisaneii
1225 2814 1360 2865 Agna-

361 2869 421 2920 ni,
437 2868 696 2913 Bituricenfis
720 2867 978 2919 Dioecefis,a
1006 2866 1235 2924 Major-ibus
1253 2866 1358 2911 dile-

360 2930 414 2969 (ti
451 2929 560 2978 Filii,
575 2926 736 2971 Nobilis
754 2928 862 2980 Viri,
881 2928 997 2969 Pauli
1025 2927 1242 2983 Hyppoliti
1267 2926 1358 2969 de)

362 2986 631 3034 Beauvillier,
645 2988 770 3031 Ducis
785 2987 960 3042 ejusdcm
976 2987 1106 3031 saneti
1122 2985 1276 3041 Agnani
1290 3013 1304 3036 ‚
1319 2985 1357 3026 δι

360 3058 440 3101 pro
468 3044 695 3087 chariffimo
723 3048 762 3088 in
800 3046 959 3089 Christo
985 3046 1088 3088 Filio
1115 3046 1248 3087 nostro
1274 3046 1356 3086 Lu·

359 3102 544 3153 dovico,
572 3103 821 3147 Francorum
853 3108 970 3161 Rege
997 3102 1352 3154 Christianiffimo,

369 3160 672 3227 apud-Non&
699 3164 847 3205 Sedem
870 3164 1143 3220 Apostolicam
1170 3171 1354 3206 extraor-

361 3220 512 3262 dinarii
536 3221 743 3272 Oratoris,
770 3221 1001 3265 aedificatam
1028 3251 1042 3274 ,
1065 3224 1132 3266 die
1157 3227 1354 3267 Comme-

361 3278 602 3321 morationis
622 3279 937 3331 Defunfitorum,
951 3284 1092 3325 &tota
1111 3283 1221 3326 illius
1235 3284 1354 3323 Osta-

363 3353 413 3380 va
443 3337 606 3395 singulis
631 3341 740 3381 annis
764 3341 914 3383 devote
932 3341 1210 3394 visitaverint,
1224 3343 1264 3383 δι
1280 3354 1354 3397 pro

361 3397 684 3441 Christianorum
701 3400 937 3455 Principum
962 3403 1184 3445 concordia
1200 3430 1217 3453 ,
1231 3402 1355 3444 haere·

361 3459 494 3499 res'um
526 3457 798 3514 extirpatione
817 3487 830 3510 ‚
856 3474 902 3501 ac
933 3461 1081 3503 Sanfiae
1107 3462 1251 3504 Matris
1273 3462 1354 3502 Ec·

361 3517 488 3558 clesiae
516 3517 767 3560 exaltatione
795 3518 879 3573 pias
906 3518 955 3559 ad
973 3522 1104 3563 Deum
1126 3534 1268 3578 preces
1292 3516 1352 3561 ef-

363 3575 543 3618 fuderint
558 3606 572 3628 ,
599 3577 825 3619 Plenariam
842 3577 1021 3620 omnium
1050 3590 1355 3635 peccatorum..-

360 3633 524 3674 suorum
552 3634 881 3690 indulgentiam,
913 3636 950 3675 &
975 3639 1269 3688 remiffionem‚
1299 3636 1356 3680 se-

364 3691 447 3731 mel
480 3692 692 3737 dumtaxat
739 3694 927 3750 quolibet
953 3709 1079 3746 anno,
1112 3713 1185 3755 per
1214 3713 1358 3742 unum-

361 3763 565 3803 quemque
594 3753 917 3796 Christifidelcm
943 3783 956 3806 ‚
990 3755 1117 3809 spatio
1146 3758 1356 3814 praedie'to-

360 3821 448 3850 rum
462 3811 552 3853 ofto
576 3808 735 3855 dierum
750 3812 1087 3858 lucrifaciendam
1099 3846 1112 3872 ,
1124 3818 1353 3864 misericor-

1469 745 1779 804 Bullafhrmata
1800 748 1845 790 in
1861 745 1984 790 Arcb.
2003 745 2224 789 Conventds
2234 772 2249 786 .

1410 989 1576 1040 Altare
1607 987 1810 1052 Capellae
1840 985 2095 1053 Sepulturae
2131 987 2320 1034 Ducum
2351 979 2411 1031 de

1481 1052 1799 1114 Beauvillier‚
1841 1072 2093 1122 eorumque
2134 1057 2412 1122 ConJugum

1482 1126 1576 1179 ὅτε.
1607 1129 1653 1176 in
1685 1124 1887 1178 Ecclesia
1929 1129 2145 1174 Fratrum
2175 1123 2291 1173 dieti
2324 1121 2417 1172 loci

1483 1198 1734 1268 S.Agnani
1766 1194 2036 1246 conflruRae
2065 1212 2150 1262 pro
2181 1191 2417 1242 animabus

1482 1268 1733 1319 eorundem
1751 1271 1943 1317 Ducum
1961 1263 2055 1317 ἃς.
2071 1268 2118 1314 in
2132 1275 2412 1333 perpetuum

1484 1338 1752 1409 privilegiat
1766 1373 1779 1387 .

1413 1459 1883 1512 CLEMENS
1948 1457 2165 1508 PAPA
2232 1453 2408 1505 XII.

1591 1579 1661 1624 Ad
1662 1585 1892 1635 perpetuam
1905 1575 1966 1620 rei
1981 1577 2208 1620 memoriam
2221 1601 2233 1614 .

1551 1697 1708 1741 Mnium
1721 1696 1839 1739 saluti
1865 1704 2032 1752 paterna
2047 1691 2251 1737 charitate
2271 1689 2410 1732 interi-³

1573 1757 1756 1804 ti‚sacra
1781 1753 1996 1795 interdum
2024 1753 2116 1794 loca
2146 1749 2419 1805 spiritualibus

1414 1813 1777 1867 Indulgentiarum
1801 1810 2037 1851 muneribus
2066 1809 2339 1858 decoramus,
2373 1813 2422 1846 ut

1413 1872 1509 1918 inde
1526 1869 1726 1918 Fidelium
1744 1866 2038 1911 Defunaestorum
2063 1864 2203 1907 animae
2217 1894 2232 1916 ,
2250 1861 2418 1907 Domini

1427 1930 1563 1975 Nostri
1581 1926 1672 1983 Jesu
1697 1927 1875 1978 Christi,
1897 1925 2058 1981 ejusque
2083 1927 2323 1969 sannorum
2339 1919 2421 1965 suf-

1379 2007 1381 2010 <
1423 1988 1553 2041 fragia
1575 1986 1815 2025 meritorum
1847 1981 2068 2037 consequi,
2099 1985 2139 2024 &
2166 1981 2247 2024 illis
2271 1981 2420 2038 adjutae

1426 2057 1475 2086 ex
1494 2040 1722 2096 Purgatorii
1736 2041 1867 2096 poenis
1881 2040 1931 2081 ad
1950 2052 2140 2084 aeternam
2158 2037 2326 2082 salutem
2345 2052 2421 2094 per

1422 2102 1502 2146 Dei
1529 2098 1843 2143 misericordiam
1874 2099 2045 2155 perduci
2070 2099 2240 2142 valeant
2263 2127 2276 2140 .
2310 2100 2419 2141 Cum

1366 2192 1373 2201 .
1414 2160 1668 2217 itaque‚ficut
1683 2171 1756 2214 pro
1771 2167 1887 2215 parte
1903 2158 2040 2201 dilecti
2056 2157 2330 2209 Filii‚Nobilis
2345 2157 2421 2199 Vi-

1414 2222 1467 2270 ri,
1484 2217 1597 2262 Pauli
1622 2218 1840 2273 Hyppoliti
1863 2217 1915 2259 de
1939 2217 2210 2266 Beauvillier,
2224 2218 2264 2259 S.
2281 2218 2414 2272 Agna-e

1415 2280 1458 2324 ni
1479 2276 1602 2322 Ducis
1617 2302 1631 2325 ,
1648 2277 1762 2319 Paris
1790 2278 1997 2330 Franciae,
2028 2277 2068 2317 δι
2095 2290 2168 2331 pro
2185 2274 2415 2319 chariffimo

1418 2341 1458 2382 in
1492 2335 1659 2382 Christo
1684 2335 1790 2378 Filio
1828 2337 1963 2380 nostro
1992 2334 2208 2379 Ludovico
2233 2338 2417 2379 Franco-

1419 2411 1509 2442 rum
1526 2399 1644 2450 Rege
1657 2394 1990 2439 Christianisfimo
2015 2394 2122 2451 apud
2144 2397 2257 2444 Nos,
2282 2395 2323 2436 &
2340 2395 2417 2438 Se-

1419 2458 1515 2500 dem
1540 2456 1817 2511 Apostolicam
1854 2454 2043 2498 Oratoris
2082 2452 2415 2502 extraordinarii,

1421 2516 1552 2560 Nobis
1567 2514 1793 2570 expositum
1823 2511 1914 2563 fuit,
1928 2517 2172 2557 Conventus
2186 2541 2200 2563 ‚
2215 2513 2256 2553 δε
2270 2513 2420 2555 Eccle-

1419 2577 1473 2618 fia
1500 2575 1666 2618 Ordinis
1691 2576 1881 2617 Fratrum
1910 2573 2116 2615 Minorum
2147 2574 2188 2614 S.
2214 2568 2419 2613 Francisci

1427 2634 1730 2691 Capucinorum
1752 2642 2074 2688 nuncupatorum
2090 2629 2271 2685 ,Oppidi
2312 2627 2416 2685 ejus-

1422 2695 1519 2738 dem
1534 2696 1576 2737 S.
1592 2693 1764 2750 Agnani,
1787 2692 2046 2736 Bituricenfis
2064 2687 2415 2745 Dioecefis,Majo·

1422 2767 1512 2798 rum
1527 2753 1692 2795 suorum
1722 2751 1904 2807 expensis
1921 2749 2117 2792 aedificata
2131 2746 2284 2798 fuerit,
2303 2749 2344 2789 δι
2376 2746 2416 2788 in

1420 2813 1564 2856 eadem
1589 2809 1770 2854 Ecclesia
1795 2824 1872 2852 una
1904 2807 2076 2864 Capella
2102 2805 2317 2861 sepulturae
2335 2805 2419 2847 Ca-

1419 2873 1615 2915 daverum
1632 2873 1793 2917 Ducum
1807 2884 1856 2912 ex
1875 2868 2045 2912 Familia
2070 2866 2122 2910 de
2137 2864 2386 2908 Beauvillier
2402 2893 2418 2918 ,

1418 2942 1642 2985 eorumque
1668 2927 1902 2986 Conjugum
1925 2926 2127 2977 ‚destinata
2143 2924 2410 2979 reperiatur3

1420 2995 1507 3035 Nos
1522 2986 1746 3032 Ecclesiam
1770 2989 1810 3029 &
1841 2986 2055 3044 Capellam
2078 2982 2306 3040 hujusmodi
2335 2980 2412 3026 hoc

1418 3048 1582 3106 speciali
1608 3047 1720 3091 dono
1745 3045 1946 3089 illustrare
1963 3075 1979 3097 ,
2015 3059 2062 3086 ac
2090 3043 2166 3100 piis
2197 3042 2412 3084 memorati

1418 3109 1531 3153 Pauli
1562 3105 1779 3163 Hyppoliti
1801 3107 1927 3148 Ducis
1944 3106 1984 3145 ὅτ.
2004 3100 2209 3149 cratoris,
2221 3115 2344 3157 quem
2360 3101 2414 3142 ob

1415 3166 1580 3211 eximias
1598 3167 1683 3222 ejus
1701 3165 1875 3207 virtutes
1903 3162 2092 3216 singulari
2117 3173 2212 3216 erga
2242 3163 2358 3211 Nos,
2373 3160 2415 3201 δι

1416 3226 1604 3271 eamdem
1621 3225 1804 3267 SanOEiam
1831 3222 1978 3266 Sedem
2002 3219 2214 3264 devotioni
2241 3217 2412 3274 conjun—

1413 3291 1491 3331 ctas
1505 3313 1519 3337 ‚
1540 3284 1683 3341 quibus
1697 3296 1788 3326 eum
1811 3279 2102 3336 multipliciter
2117 3276 2324 3335 insignivit
2341 3277 2411 3321 Al·-

1416 3344 1596 3394 tislimus,
1614 3342 1815 3399 praecipuo
1829 3351 2003 3396 paternae
2017 3337 2249 3382 dilectionis
2265 3336 2412 3380 affeetu

1415 3402 1722 3463 prosequimur,
1751 3401 1856 3442 votis
1889 3402 1929 3442 &
1958 3397 2323 3455 supplicationibus
2352 3397 2409 3438 sa-

1417 3463 1658 3507 vorabiliter
1681 3473 1858 3502 annuere
1882 3459 2088 3515 cupientes
2119 3487 2134 3508 ,
2168 3457 2412 3500 auctoritate

1414 3524 1548 3568 Nobis
1562 3523 1585 3566 ὲ
1607 3521 1786 3564 Domino
1803 3517 1958 3561 traditxi
1972 3547 1987 3568 ,
2004 3532 2047 3561 ac
2066 3517 2118 3560 de
2139 3517 2412 3571 Omnipoten-

1421 3583 1471 3626 tis
1493 3581 1571 3625 Dei
1587 3578 1864 3624 Misericordia
1881 3604 1895 3627 a
1925 3579 1965 3619 &
1978 3580 2195 3620 Beatorum
2212 3574 2353 3625 Petri,
2370 3574 2408 3614 &

1420 3641 1537 3686 Pauli
1562 3639 1846 3697 Apostolorum
1862 3637 1947 3695 ejus
1962 3636 2205 3679 auctoritate
2237 3631 2370 3676 confisi
2390 3660 2404 3684 ,

1418 3713 1480 3751 ut,
1494 3699 1832 3757 quandocumque
1854 3698 2051 3739 Sacerdos
2078 3693 2221 3749 aliquis
2237 3690 2407 3734 Saecula-

1415 3762 1495 3812 ris,
1511 3759 1576 3803 vel
1603 3758 1777 3814 cujusvis
1803 3756 1967 3800 Ordinis
1984 3753 2198 3810 Regularis
2222 3748 2405 3796 Missam„

1414 3818 1711 3882 Defunfiorum
1725 3832 1800 3875 pro
1817 3816 1947 3862 aniina
1963 3812 2246 3872 cujuscumque
2269 3811 2410 3912 Duffis,

2284 3883 2330 3911 vc
