2592 4094
375 246 418 294 2
438 241 474 329 3
488 216 539 299 8

304 359 398 395 tuor
430 349 637 395 Discretas
652 379 667 402 ,
696 349 791 392 aliis
806 359 878 405 per
892 345 1157 387 Conventum
1180 356 1295 390 non.»

304 421 428 456 erunt
443 408 708 466 approbandae
721 435 732 449 .

420 473 557 514 Mater
570 466 728 512 Ancilla
741 459 925 509 curabit,
956 469 1001 504 ut
1028 459 1189 518 singulis
1219 474 1293 505 an·

303 532 365 578 nis
386 528 607 573 reddantur
638 522 886 577 pertinentes
913 529 1128 577 computus
1151 520 1293 566 reddi-

304 603 418 637 tuum
432 581 667 631 Conventus
679 605 695 628 2
723 580 764 623 &
785 577 1089 633 dispensationis
1105 577 1187 635 ejus
1200 577 1293 627 ,die

304 648 465 708 praefixo
485 654 624 687 coram
640 636 988 683 Reverendissimo
1003 637 1181 683 Domino
1196 637 1295 693 Epi·

305 710 444 763 scopo,
459 708 528 743 aut
542 698 631 755 ejus
646 700 870 752 Deputato,
884 698 951 741 vel
965 697 1199 755 Deputatis,
1211 699 1298 739 Ma·

307 778 372 810 tre
398 757 558 807 Ancilla
581 786 597 809 ,
629 754 824 801 Discretis
849 784 863 808 ,
892 757 932 800 &
957 768 1131 813 quatuor
1156 768 1207 798 ex
1227 754 1300 798 Se·

306 822 484 868 nioribus
499 815 550 862 ad
564 817 643 859 hoc
659 815 831 859 maxime
844 812 1001 862 idoneis
1016 844 1032 869 ,
1046 825 1090 858 ut
1113 813 1198 872 ejus
1224 814 1297 859 sta-

306 895 372 925 tus
403 874 669 933 cognoscatur
693 902 710 926 ‚
742 875 791 918 ’8ι
820 872 1002 919 confufio
1027 874 1300 921 debitorum-o

304 939 517 987 evitetur,
547 949 594 979 ac
617 932 866 979 detestabilis
894 942 1112 991 praetextus
1132 946 1304 977 coacer-

307 996 427 1040 vandi
447 1023 462 1049 ,
492 1007 613 1052 quem
630 1001 750 1038 tanto
766 1007 861 1036 cum
879 994 1048 1037 horrore
1072 990 1213 1051 fugere
1229 990 1302 1033 de-

306 1059 477 1105 bemus,
507 1061 661 1110 quanto
674 1051 873 1098 Diabolus
894 1051 976 1109 ipse
1005 1066 1101 1100 eum
1125 1047 1299 1096 tradito-

305 1115 365 1159 rie
378 1111 554 1170 ingerit,
586 1111 657 1155 sub
672 1111 827 1158 decoro
841 1121 1055 1170 praetextu,
1071 1110 1120 1156 ad
1139 1111 1300 1154 insensi-

305 1173 446 1217 biliter
479 1171 657 1218 eruenda
684 1170 948 1218 fundamenta
980 1169 1301 1216 Reformationis

309 1231 476 1280 nolim,
510 1229 626 1287 super
642 1229 812 1274 sanctam
828 1239 1107 1287 paupertatem
1132 1228 1301 1273 aedifica-

309 1303 351 1335 ta
362 1319 377 1342 ,
414 1302 618 1334 memores
632 1317 647 1341 ,
664 1288 774 1346 quod
787 1290 987 1335 habiturae
1001 1289 1116 1333 fimus
1131 1286 1302 1345 Jesunu

308 1347 513 1394 Christum
528 1349 692 1391 Patrem
705 1373 721 1398 2
754 1349 939 1392 Fratrem
957 1378 971 1400 ,
1000 1350 1040 1392 ὃς
1058 1349 1273 1393 Matrem..-
1288 1374 1302 1399 ,

309 1405 523 1466 quamdiu,
534 1415 578 1450 ut
593 1406 654 1451 illi
670 1405 959 1456 adrumentinus,
972 1407 1156 1451 fideliter
1181 1419 1303 1462 repe-

310 1472 463 1511 riemur
494 1463 628 1510 liberae
653 1465 704 1510 ab
731 1465 898 1519 affeetu,
929 1468 1077 1511 &cura
1098 1479 1293 1516 eorum„

310 1539 397 1581 quae
412 1523 641 1569 voluntarie
659 1523 894 1581 reliquimus
904 1552 918 1575 ‚
932 1535 978 1570 ut
993 1539 1043 1568 eo
1056 1523 1301 1570 frueremur:

313 1582 683 1627 Reverendiffimus
700 1584 917 1638 Dominus,
931 1585 1098 1641 cognito
1112 1584 1216 1629 statu
1231 1591 1303 1626 aut

310 1639 607 1684 necessitatibus
621 1641 859 1687 Conventus
877 1670 893 1694 ‚
921 1645 961 1687 δι
981 1643 1070 1685 casu
1084 1671 1100 1695 ,
1123 1656 1203 1699 quo
1228 1641 1305 1685 ali*

314 1696 412 1756 quid
429 1693 527 1739 essct
545 1697 745 1749 refiduum
757 1729 774 1752 ,
797 1702 965 1744 minime
982 1701 1218 1745 Conventui
1231 1714 1305 1743 ne-

309 1753 541 1805 cessarium,
565 1757 606 1799 δι
622 1758 729 1810 quod
748 1758 918 1813 proinde
930 1767 1246 1802 convetteretur
1266 1758 1307 1798 in

311 1813 547 1868 congeriem
572 1814 611 1857 δι
625 1814 874 1865 thesaurum,
890 1816 1045 1868 poterit
1062 1815 1103 1856 in
1117 1816 1207 1856 usus
1222 1813 1309 1868 pios

310 1875 364 1918 de
390 1885 441 1915 co
467 1870 935 1928 disponere‚secundum
950 1871 1062 1916 suum
1081 1870 1314 1931 beneplaci-

310 1942 425 1980 tum,
450 1931 520 1973 niti
539 1945 690 1987 urgens
718 1930 851 1990 aliqua
883 1930 1090 1979 neceffitas
1114 1937 1314 1978 occurrat

312 1992 352 2035 in
386 2003 465 2031 uno
493 1993 789 2035 Conventuum
817 1991 1075 2044 nostrorum,
1103 2005 1216 2047 quae,
1240 1989 1311 2033 ubi

319 2047 497 2105 exposita
518 2049 554 2091 ei
567 2046 689 2092 fuerit
705 2077 719 2100 ‚
734 2050 902 2092 omnino
917 2048 1163 2104 praeferenda
1179 2048 1281 2090 erit.

429 2106 598 2161 Insuper
618 2107 658 2148 in
677 2106 892 2148 Altaribus
919 2120 998 2147 non
1017 2106 1094 2149 erit
1109 2106 1148 2148 in
1163 2102 1232 2145 usu
1245 2114 1315 2143 au-

314 2180 405 2211 rum
419 2192 433 2216 ,
455 2173 670 2220 argentum
686 2190 703 2214 ,
729 2160 862 2217 byffus
874 2190 891 2215 ‚
922 2175 996 2204 nec
1012 2160 1286 2206 holosericum
1299 2186 1315 2211 2

318 2235 588 2283 praeterquam
615 2234 691 2277 pro
706 2220 879 2264 Ciborio
894 2249 909 2272 ,
940 2221 1085 2265 Calice
1103 2247 1119 2271 2
1140 2221 1178 2263 δι
1195 2220 1315 2261 Pate·

311 2299 387 2336 na,
413 2279 592 2326 Vasculo
608 2279 833 2323 sanctiOlei
846 2307 861 2331 ,
889 2280 1006 2324 Velis
1021 2275 1313 2325 Tabernaculi,

319 2345 358 2386 &
376 2340 527 2384 Calicis
543 2365 558 2387 ,
579 2337 646 2380 sed
661 2338 796 2379 omnia
818 2336 892 2379 fint
905 2337 1100 2392 simplicia
1113 2364 1125 2386 ,
1154 2333 1284 2377 nitida
1299 2360 1314 2385 2

317 2403 357 2446 &
375 2397 559 2441 honesta:
586 2394 742 2437 Casulae
757 2394 896 2439 nostrae
909 2423 924 2446 ,
939 2396 979 2439 &
991 2392 1228 2451 antipendia
1243 2390 1315 2434 Al·

312 2458 463 2503 tarium
479 2461 671 2510 poterunt
688 2450 766 2494 esse
793 2466 841 2498 ex
855 2452 1088 2507 cameloto,
1115 2454 1156 2496 &
1183 2461 1314 2494 mate-

311 2519 373 2563 ria
387 2512 585 2561 undulata
602 2538 616 2560 a
634 2510 701 2556 vel
724 2510 853 2554 serico
867 2514 1022 2558 intexta
1037 2539 1052 2563 2
1077 2523 1227 2568 mappae
1241 2508 1314 2553 Al·-

317 2578 418 2620 tatis
441 2569 656 2618 commode
684 2569 857 2614 subtiles
880 2601 898 2625 ,
927 2569 1211 2615 candidiffimae
1236 2596 1251 2620 ,
1279 2569 1323 2611 δι

319 2630 568 2689 Corporalia
589 2631 666 2674 sint
682 2630 852 2685 pulchra
868 2659 883 2683 ,
913 2633 953 2676 δι
966 2630 1125 2687 optimc
1150 2627 1318 2686 adapta·

316 2701 357 2739 ta
373 2719 388 2742 ,
414 2690 658 2737 candelabra
671 2690 747 2732 sint
761 2688 893 2745 lignea
909 2691 1012 2734 bene
1025 2689 1164 2734 dolata
1179 2715 1193 2731 .

435 2754 490 2794 Et
501 2778 516 2802 ‚
546 2758 594 2791 ut
610 2761 691 2792 non
710 2750 870 2793 tantum
883 2748 923 2792 in
939 2750 1060 2792 rebus
1073 2777 1089 2801 ,
1103 2760 1315 2805 quarum-³

317 2810 407 2855 usus
435 2808 490 2854 est
507 2836 523 2860 ,
544 2802 611 2853 sed
638 2809 759 2851 etiam
788 2808 828 2851 in
856 2809 1045 2852 omnibus
1075 2805 1250 2852 aedificiis
1281 2806 1324 2848 δι

320 2867 527 2914 structuris
560 2865 744 2913 reluceat
762 2867 921 2925 spiritus
946 2865 1232 2924 fimplicitatis,
1249 2864 1320 2906 sta-

317 2931 449 2973 tuitur
466 2958 481 2980 ,
496 2928 537 2971 δι
553 2927 788 2984 praecipitur
803 2927 1023 2972 Sororibus
1046 2924 1327 2982 praesentibus,

318 2991 361 3030 δι
384 2988 534 3031 futuris
551 3015 566 3037 ,
599 2999 648 3029 ne
666 2986 863 3043 recipiant
890 2988 1133 3030 Conventus
1148 3011 1162 3034 ,
1178 2981 1327 3026 Eccle-

322 3049 395 3089 ssas
413 3073 428 3094 ,
457 3047 496 3088 δε
508 3042 673 3089 aedificia
689 3059 763 3101 pro
789 3043 847 3090 eis
869 3046 1097 3090 constructa
1114 3071 1128 3093 ,
1145 3041 1215 3085 nis!
1250 3040 1326 3084 fint

324 3102 549 3150 conformia
566 3101 812 3159 fimplicitati
843 3105 975 3147 Sanc'ti
995 3100 1194 3149 Francisci
1211 3129 1224 3149 ,
1255 3110 1323 3142 ut-

323 3172 422 3219 pote
443 3173 538 3204 cum
556 3161 631 3204 sint
645 3163 740 3207 vere
755 3163 1005 3219 poenitentes
1021 3190 1036 3216 ,
1049 3163 1088 3207 &
1102 3158 1324 3217 peregrinae

321 3223 438 3279 super
458 3228 616 3263 terram
634 3247 647 3260 .

451 3281 506 3322 Et
523 3277 615 3334 quia
632 3279 833 3333 postremis
852 3282 958 3327 hisce
972 3281 1227 3339 temporibus
1244 3279 1329 3321 Re-

324 3338 496 3382 verendi
534 3341 673 3388 Patres
701 3342 917 3394 Capucini,
933 3343 1127 3398 Religion
1142 3368 1157 3390 ,
1184 3340 1222 3384 &
1240 3335 1333 3380 Filii

324 3398 506 3454 ejusdem
542 3397 671 3441 Patris
699 3400 827 3442 Sancti
846 3403 1076 3453 francisci,
1100 3400 1329 3454 selegerunt

324 3457 545 3516 quamdam
586 3453 755 3501 formam
781 3460 898 3505 valde
927 3461 1147 3519 simplicem
1173 3457 1222 3502 ad
1242 3457 1328 3499 sua-

327 3532 416 3562 rum
440 3515 714 3559 Ecclefiarum
728 3518 1329 3571 construetionemstatuitunut

328 3577 390 3619 illi
425 3576 536 3618 nobis
562 3589 636 3632 pro
659 3578 878 3632 exemplari
893 3579 1142 3627 subserviant
1153 3577 1202 3621 ad
1231 3589 1330 3619 con-

327 3637 577 3680 formitatem
594 3633 792 3691 sequentis
807 3642 1073 3697 prototypi,&
1087 3636 1228 3684 mediae
1242 3634 1329 3691 pal-

319 3706 392 3735 mae
411 3696 595 3748 appositae
621 3695 660 3739 in
679 3694 757 3741 fine
786 3697 927 3741 harum
953 3698 1326 3747 constitutionum,

325 3758 403 3855 utu
400 3750 621 3815 subserviat
649 3769 724 3815 pro
757 3755 943 3804 mensura
969 3769 1080 3807 certa
1101 3787 1118 3813 ,
1152 3759 1192 3803 &
1218 3758 1327 3804 ordi-

332 3823 357 3854 η
406 3822 469 3855 18·

1045 183 1620 290 Provincia

1473 343 1650 389 Cellulae
1675 356 1759 387 non
1785 345 1987 387 excedent
2010 346 2318 405 inlongitudine
2333 378 2348 404 ,

1354 402 1626 448 &latitudine
1644 416 1795 447 novem·
1822 403 2003 458 palmas,
2027 406 2066 447 in
2093 407 2348 455 altitudine,

1350 464 1728 519 decem3portarum
1737 462 1918 507 altitudo
1933 464 2014 506 erit
2029 464 2183 519 septem
2195 468 2348 521 palm...

1354 537 1444 567 tum
1459 552 1474 575 ,
1490 525 1527 565 &
1547 523 1725 565 latitudo
1739 522 1913 566 duarum
1928 535 2021 564 cum
2036 522 2205 566 dimidia
2219 537 2232 566 t
2265 525 2346 568 Ee-

1354 583 1496 627 nestrae
1506 582 1597 625 altae
1622 580 1779 626 duabus
1793 583 1830 624 ὃ(
1845 581 1982 624 media
1997 610 2012 633 ,
2028 581 2117 626 latae
2128 589 2206 626 una
2220 595 2350 628 cum..-

1353 641 1549 687 dimidia:
1572 640 1868 685 Ambulacrum
1894 642 2143 685 Dormitorii
2169 655 2253 685 non
2277 653 2350 683 ex-

1358 700 1479 744 cedet
1509 699 1708 744 tredecim
1735 700 1914 756 palmas:
1940 694 2054 743 Casu*
2071 711 2207 744 tamen
2226 726 2244 752 ,
2265 714 2353 756 quo

1357 765 1428 806 aer
1445 758 1491 801 fit
1510 758 1632 803 valde
1646 769 1869 818 corruptus
1883 788 1900 812 ‚
1915 758 2069 817 poterit
2089 758 2246 801 additio
2259 757 2351 802 fieri

1358 818 1479 875 usque
1503 818 1556 863 ad
1575 819 1886 874 quatuordecim
1913 819 2065 875 palmas
2089 849 2102 860 .
2129 816 2353 861 Claustra„

1361 888 1555 937 poterunt
1579 877 1657 922 effe
1681 880 1773 924 οξὶο
1800 878 1943 934 palmis
1965 879 2074 921 lata.
2100 877 2356 937 Quantum.-

1361 937 1410 983 ad
1437 936 1732 996 longitudinem
1757 937 2009 982 officinarum
2024 967 2038 990 ,
2059 947 2106 980 ut
2130 935 2357 993 plurimum

1359 997 1554 1041 convenit
1568 992 1787 1041 secundum
1805 995 1921 1039 fitum
1936 995 2045 1049 loci,
2071 996 2111 1038 in
2127 1009 2209 1053 quo
2230 990 2359 1037 aedifi-

1359 1054 1599 1104 cantur-,de
1628 1069 1676 1098 ea
1695 1055 1884 1108 statuere3
1897 1055 2021 1109 igitur
2041 1053 2159 1107 casu,
2182 1068 2262 1110 quo
2295 1052 2362 1094 lo-

1361 1129 1432 1158 cus
1447 1114 1505 1158 est
1530 1113 1770 1158 sufficienter
1792 1112 1950 1169 amplus
1973 1127 2051 1169 pro
2081 1113 2227 1157 nostris
2242 1114 2363 1155 Con-

1363 1173 1563 1225 ventibuS,
1575 1174 1642 1228 qui
1657 1173 1747 1216 sunt
1762 1173 1928 1229 triginta
1945 1169 2226 1229 personarum,
2242 1170 2364 1213 Cho-

1363 1246 1431 1278 rus
1451 1233 1604 1289 poterit
1627 1232 1794 1277 extendi
1816 1231 1955 1288 usque,
1970 1244 2047 1274 nec
2063 1229 2216 1283 poterit
2236 1239 2363 1270 exce-

1362 1291 1462 1336 dere
1484 1291 1654 1348 triginta
1667 1291 1766 1334 duas
1780 1291 1932 1346 palmas
1947 1318 1959 1332 .
1978 1286 2259 1332 Refectorium
2277 1298 2363 1333 non

1362 1351 1513 1408 poterit
1528 1350 1727 1395 excedere
1743 1349 2012 1406 quadraginta
2039 1347 2191 1404 palmas
2214 1374 2230 1398 ‚
2270 1343 2368 1395 Tri-

1363 1410 1536 1454 clinium
1549 1409 1765 1454 duodecim
1777 1421 1790 1453 τ
1807 1410 1946 1451 Cavea
1959 1407 2116 1464 poterit
2130 1406 2170 1448 in
2186 1403 2368 1460 longitu-

1361 1468 1459 1512 dine
1481 1469 1630 1512 habere
1642 1468 1808 1525 triginta
1840 1467 2021 1524 quinque
2046 1465 2223 1523 palmas:
2246 1460 2369 1507 Culi-

1361 1542 1412 1572 na
1429 1556 1444 1580 ,
1469 1529 1510 1572 δι
1524 1527 1827 1573 calefactorium
1843 1552 1858 1576 ,
1883 1535 2008 1571 erunt
2024 1524 2219 1582 quadrata
2234 1521 2286 1565 ad
2303 1520 2367 1566 la—

1362 1586 1584 1631 titudinem
1611 1584 1876 1634 aedificiorum
1902 1599 1915 1630 ε
1939 1583 2161 1629 communis
2187 1579 2364 1628 officina,

1365 1645 1434 1690 seu
1465 1647 1744 1702 operatorium
1771 1643 1939 1688 habebit
1955 1643 2123 1698 triginta
2150 1640 2247 1685 duas
2280 1635 2370 1694 pal·

1367 1719 1478 1755 mas,
1503 1704 1754 1748 cuiofficinae
1765 1703 1955 1759 proximae
1983 1700 2244 1745 construetur
2270 1709 2367 1753 par-

1372 1776 1447 1804 vus
1470 1762 1587 1806 locus
1601 1761 1652 1805 ad
1666 1760 1914 1806 instruendas
1938 1759 2130 1803 Novitias
2144 1760 2185 1801 in
2200 1758 2248 1800 iis
2267 1766 2375 1811 ‚quae

1373 1818 1430 1863 sui
1443 1817 1565 1861 officii
1584 1817 1702 1863 sunt.

1491 1877 1540 1919 ln
1555 1875 1718 1934 singulis
1735 1875 2022 1920 Conventibus
2048 1871 2226 1919 construi
2242 1869 2373 1915 debes

1373 1935 1435 1980 bit
1449 1932 1748 1986 lufirmarium,
1773 1949 1823 1978 ex
1851 1949 1932 1991 quo
1947 1933 2075 1978 videri
2101 1931 2255 1988 poterit
2268 1929 2377 1974 cele-

1371 1993 1524 2039 branda
1541 1993 1652 2037 Missa
1665 1995 1704 2037 in
1719 1992 1863 2048 majori
1877 1991 2159 2042 Altari,autin
2171 2002 2303 2046 parvo
2313 1987 2380 2036 sa.-

1375 2051 1486 2095 cello
1503 2052 1692 2095 Ecclefioe
1709 2076 1723 2100 ,
1739 2049 1847 2103 quod
1865 2052 1903 2092 δι
1917 2063 1967 2093 eo
1981 2049 2109 2092 modo
2121 2047 2375 2104 disponatur,

1375 2117 1422 2151 ut
1449 2106 1691 2150 Sacerdotes
1717 2105 1994 2150 commoditer
2019 2104 2166 2160 possint
2199 2103 2378 2146 admini-

1377 2165 1502 2210 strare
1533 2167 1794 2209 Sacramenta
1831 2164 2051 2209 Sororibus
2091 2161 2259 2206 infirmis
2296 2175 2371 2218 per

1376 2222 1586 2266 cancellos
1604 2251 1619 2274 ,
1648 2231 1720 2265 aut
1747 2234 1930 2272 cratem,
1956 2237 2044 2277 quae
2070 2221 2121 2264 ad
2145 2223 2250 2266 hunc
2275 2220 2375 2265 effc-

1375 2284 1484 2325 ctum
1515 2281 1572 2322 ibi
1613 2280 1886 2325 collocabitur
1916 2307 1932 2329 2
1960 2281 2054 2324 loco
2081 2293 2268 2335 congruo
2296 2305 2311 2331 ,
2337 2279 2378 2320 δι

1374 2339 1657 2390 convenienti,
1675 2348 1721 2381 ut
1749 2352 1797 2383 ea
1813 2338 1973 2382 ratione
1990 2338 2084 2382 raro
2110 2335 2377 2382 necessarium

1374 2397 1422 2442 fit
1448 2394 1844 2454 ingrediclausuram
1861 2397 2036 2441 nostram
2063 2410 2138 2452 pro
2154 2395 2382 2453 spirituali-

1375 2461 1447 2506 bus
1460 2455 1761 2501 neceffitatibus
1776 2459 1969 2500 Sororum
1988 2453 2237 2501 infirmarum
2252 2482 2266 2495 .

1496 2515 1548 2560 Et
1565 2514 1614 2560 ad
1631 2513 1918 2571 perfectiorem
1932 2515 2196 2571 simplicitatis
2221 2515 2263 2555 δι
2279 2526 2377 2571 pau-

1379 2575 1551 2637 pertatis
1575 2573 1871 2619 observantiam
1886 2574 2074 2619 statuitur
2087 2599 2102 2622 ‚
2117 2587 2167 2619 ne
2179 2571 2377 2616 dealben-

1379 2647 1450 2679 tur
1471 2632 1638 2678 officinae
1675 2633 1899 2679 nostrorum
1927 2636 2222 2678 conventuum
2243 2657 2258 2680 ‚
2303 2646 2376 2674 nec

1381 2693 1540 2741 cellulae
1567 2696 1763 2738 Sororum
1789 2704 1806 2747 ;
1832 2692 1987 2747 poterit
2019 2703 2153 2735 tamen
2181 2690 2364 2735 dealbari

1382 2756 1546 2797 Chorus
1561 2778 1576 2803 ‚
1589 2751 1853 2801 sacr-istim&
1866 2753 2054 2796 oratoria
2067 2778 2082 2802 2
2114 2751 2181 2795 seu
2200 2748 2339 2792 Eremi
2354 2776 2369 2800 ‚

1381 2814 1474 2858 loca,
1498 2810 1688 2855 ordinata
1705 2810 1753 2854 ad
1770 2809 2103 2855 recollectionem
2121 2838 2136 2860 ,
2157 2819 2227 2852 aut
2253 2821 2374 2852 exer-

1385 2872 1482 2917 citia
1497 2869 1744 2927 spiritualia:
1767 2871 1822 2912 Et
1835 2870 1914 2913 hoc
1931 2898 1946 2924 ,
1971 2870 2064 2926 quia
2097 2868 2178 2912 haec
2194 2868 2284 2911 loca
2296 2881 2381 2911 om·

1386 2931 1450 2976 nia
1479 2928 1568 2973 sunt
1602 2929 1795 2974 destinata
1817 2929 1868 2970 ad
1889 2930 2081 2984 pietatem
2099 2955 2110 2968 .
2127 2925 2382 2972 lufirmarit,

1387 2998 1583 3046 poterunt
1611 2987 1793 3033 fimiliter
1814 2988 2015 3040 dealbari,
2038 2997 2083 3030 ut
2099 2987 2149 3029 eo
2165 2988 2291 3043 magis
2306 2984 2380 3028 sint

1386 3050 1519 3100 clara,
1535 3048 1575 3091 &
1595 3047 1826 3094 recreativa
1841 3046 1892 3090 ad
1909 3045 2020 3090 usum
2051 3059 2272 3103 pauperum
2301 3046 2379 3088 So·

1384 3121 1525 3151 rorum
1543 3105 1792 3154 infirmarum
1810 3132 1821 3146 .

1501 3165 1629 3224 Super
1644 3166 1778 3209 omnia
1794 3166 2048 3220 prohibetur,
2060 3177 2109 3206 ne
2129 3161 2262 3204 tamin
2278 3162 2377 3203 Ora-

1386 3223 1531 3275 toriis,
1556 3225 1678 3280 quam
1703 3226 1742 3267 in
1775 3225 1962 3269 Ecclefiis
1980 3223 2048 3273 ,&
2072 3222 2110 3263 in
2134 3220 2221 3265 aliis
2247 3220 2376 3261 omni-

1388 3284 1460 3327 bus
1492 3283 1732 3327 habitaculis
1756 3280 1851 3324 fiant
1878 3281 2054 3325 fornices
2069 3277 2162 3331 ,sed
2181 3281 2255 3322 fint
2282 3279 2375 3321 fim-

1390 3341 1483 3401 plex
1499 3355 1599 3397 opus
1612 3341 1841 3385 intestinum
1855 3351 1931 3396 pro
1947 3338 2121 3383 Ecclesia
2141 3341 2200 3389 ,δι
2216 3338 2376 3389 Choro,

1388 3411 1457 3444 aut
1482 3402 1602 3445 litura
1625 3413 1640 3453 3
1660 3398 1848 3444 Ecclefiae
1870 3399 1944 3441 fint
1970 3412 2121 3452 parvae,
2150 3397 2346 3454 simplices
2364 3424 2380 3448 ,

1388 3460 1455 3507 sed
1471 3459 1629 3508 devotae
1646 3487 1660 3512 ,
1674 3457 1806 3503 nitidae
1820 3487 1833 3509 ,
1848 3459 1887 3501 δι
1904 3456 2075 3500 honestae
2087 3485 2099 3498 .
2128 3459 2269 3513 Sitque
2297 3456 2381 3497 uni-

1389 3535 1437 3564 ca
1451 3533 1669 3575 campana,
1699 3517 1880 3573 pondere
1893 3527 2056 3561 centum
2087 3515 2377 3572 quinquaginta

1390 3581 1614 3630 librarum,
1641 3588 1711 3622 aut
1739 3578 1936 3627 circiter,
1960 3589 2032 3621 nec
2057 3574 2132 3618 sint
2162 3576 2269 3617 ultra
2294 3583 2378 3617 tres

1387 3639 1550 3685 Calices
1574 3639 1612 3681 in
1636 3637 1797 3693 lingulis
1824 3635 2137 3681 Conventibus:
2166 3633 2281 3689 super
2307 3631 2376 3674 Al-

1387 3709 1474 3744 tare
1487 3701 1532 3743 fit
1546 3698 1866 3744 Tabernaculum
1877 3710 1951 3755 pro
1965 3694 2222 3740 sacrosancto
2238 3696 2375 3739 Sacra·

1388 3769 1525 3805 mento
1538 3787 1553 3810 ,
1569 3757 1855 3814 magnitudinis
1868 3754 2149 3799 convenientis
2163 3780 2175 3793 .

1514 3818 1711 3866 Similiter
1735 3816 1962 3862 inhibemus
1989 3816 2102 3857 usum
2140 3811 2367 3859 vitrorum,

2246 3879 2318 3909 aut
