2638 4088
361 172 544 279 364
1107 162 1640 247 Provincia

298 312 588 382 martyrium
615 322 663 360 et
685 307 936 380 gloriosam
959 317 1157 355 mortem
1189 301 1432 362 sustinuit,
1465 320 1551 351 aere
1581 303 1771 373 proprio
1803 300 2041 356 fundavit.
2081 311 2225 359 Extra
2252 306 2340 357 stu³

297 385 364 433 dii
398 385 490 433 mei
519 383 744 432 cancellos
781 375 1004 447 prolixius
1047 392 1139 425 non
1176 373 1451 447 digressurus
1481 374 1570 423 alia
1603 374 1982 425 documentaphic
2019 378 2145 426 miffa
2177 376 2297 427 facio
2321 412 2338 436 ,

300 470 346 505 et
377 470 478 505 tum
508 454 654 503 coaffl
679 453 767 500 mei
787 448 947 499 filentii
981 445 1183 498 vindices
1202 483 1219 508 ,
1262 462 1363 497 tum
1395 460 1585 496 aeternos
1615 443 1859 515 gratosque
1890 447 2046 514 Regiae
2075 449 2340 507 clementiae,

303 539 445 594 quam
476 540 586 593 erga
625 538 706 571 nos
739 518 821 569 fibi
851 519 1137 589 ingenitam,
1165 533 1210 569 et
1238 516 1416 586 sceptro
1446 514 1526 567 suo
1554 518 1705 568 veluti
1731 514 1918 567 affixam
1952 515 2339 567 SereniffimiRe-

303 613 385 667 ges
413 608 596 650 tenent,
623 595 854 641 Praecones
869 626 885 649 ,
908 589 1100 641 Ordinis
1119 588 1257 639 nostri
1284 590 1488 641 Annales
1513 589 1671 657 linquo
1688 624 1705 647 ,
1736 607 1789 638 ac
1804 587 1862 638 ad
1880 587 2170 640 Provinciam
2192 602 2344 656 regre-

303 669 438 724 dior,
473 682 570 732 quae
602 660 732 711 ficuti
764 659 924 730 spiritu
945 665 1063 712 Ven.
1088 662 1176 712 Dei
1208 662 1343 712 Servi
1373 658 1919 712 LaurentiiaBrundufio
1938 695 1954 718 ,
1982 663 2109 723 cujus
2132 673 2178 708 et
2205 674 2340 707 vene-

308 737 473 787 rabiles
511 735 681 782 cineres
696 734 812 782 intra
838 730 940 783 suos
971 734 1169 791 limites,
1192 730 1275 783 sub
1296 733 1449 783 Altari
1478 730 1627 782 adhuc
1653 730 1859 790 claudit,
1889 744 1936 780 et
1963 749 2078 798 quos
2094 725 2226 798 super
2250 729 2339 777 hoc

301 805 535 878 ponendos
574 802 754 870 sperat,
800 801 844 855 se
871 807 1194 874 progenitam,
1220 818 1266 854 et
1295 804 1468 854 virtute
1498 806 1574 852 Fr.
1596 802 1832 872 Seraphini
1859 802 1884 852 εὶ
1907 803 2078 853 Politio
2105 800 2342 850 excultam

302 888 563 931 memorat,
593 876 656 924 ita
687 887 733 924 et
758 877 936 943 prolem
963 873 1186 926 illustrem
1215 872 1514 925 indesinenter
1539 872 1731 924 educat.

444 950 492 996 A
511 942 754 995 Francisco
783 941 1042 1014 Hispalensi
1077 963 1128 995 ex
1153 944 1491 1015 praeclariffima
1520 946 1715 996 Familia
1744 945 1793 995 de
1832 942 2003 1011 Velafio
2039 957 2247 993 catenam
2277 957 2349 991 or·

303 1017 407 1068 dior
434 1053 451 1076 ,
483 1016 561 1083 qui
589 1051 606 1075 ,
636 1017 702 1065 uti
724 1021 821 1080 jam
849 1030 1109 1068 memoratu
1140 1058 1145 1069 ,
1188 1015 1252 1068 est
1282 1053 1299 1076 ,
1327 1017 1374 1068 in
1407 1019 1649 1068 Provincia
1680 1018 1906 1068 Valentiae
1951 1012 2050 1082 post
2090 1033 2115 1064 2
2127 1033 2172 1077 5.
2213 1031 2351 1063 anno·

307 1106 412 1139 rum
446 1089 562 1137 inter
597 1090 706 1137 RR.
739 1090 827 1137 PP.
860 1082 1097 1156 Redemp't
1145 1090 1212 1138 nis
1242 1089 1556 1156 Captivorum
1586 1105 1770 1146 moras,
1792 1084 1837 1135 se
1870 1090 2006 1143 Deo,
2037 1101 2083 1135 et
2107 1083 2349 1136 Francisco

305 1159 567 1209 aucioravit
594 1193 608 1216 ,
653 1157 700 1206 in
742 1158 825 1207 hac
870 1157 1078 1209 Castellae
1114 1160 1360 1211 Provincia
1411 1158 1619 1210 dodlrina
1654 1157 1944 1228 Theologica
1973 1190 1989 1214 ,
2023 1171 2068 1205 et
2106 1154 2350 1205 sermone„

304 1229 590 1299 Evangelico
617 1225 746 1278 fulsit
783 1263 800 1287 ,
849 1230 1026 1280 meritis
1057 1230 1215 1298 plenus
1243 1266 1259 1288 ‚
1306 1230 1536 1281 miraculis
1570 1245 1670 1280 tum
1706 1231 1753 1279 in
1782 1231 1877 1279 vita
1905 1263 1921 1286 ,
1963 1242 2066 1276 tum
2100 1225 2198 1294 post
2226 1241 2355 1274 mor-

306 1316 402 1350 tem
435 1301 584 1350 clarus
601 1335 616 1356 ‚
647 1300 933 1366 Antiquariae
955 1318 1072 1351 anno
1100 1309 1244 1364 1615.
1263 1302 1466 1351 animam
1486 1305 1586 1351 Deo
1604 1302 1811 1351 Creatoti
1844 1298 1926 1349 suo
1957 1297 2188 1356 reddidit,
2215 1310 2260 1345 et
2276 1313 2354 1345 cu·

309 1376 382 1436 J'us
418 1371 649 1438 magnalia
680 1384 781 1418 tum
807 1370 1034 1439 processus
1071 1372 1128 1423 de
1154 1377 1248 1436 eJus
1279 1373 1380 1422 vita
1411 1387 1457 1421 et
1485 1371 1737 1422 virtutibus
1771 1367 2005 1420 confestus
2026 1405 2040 1427 ‚
2070 1383 2171 1419 tum
2204 1371 2358 1420 Anna·

309 1443 428 1491 lium
454 1439 593 1490 nostri
625 1438 819 1491 Ordinis
851 1456 1008 1493 tomus
1045 1445 1207 1495 tertius
1235 1441 1293 1494 ad
1327 1460 1497 1495 annum
1526 1452 1674 1509 1615.
1709 1440 1846 1492 latius
1872 1438 2131 1490 recensent.
2348 1423 2432 1499 ⁸

451 1515 528 1561 Fr.
550 1513 751 1580 Joannes
781 1547 798 1570 ,
844 1515 920 1564 cui
951 1531 1089 1565 cunas
1130 1516 1301 1565 natales
1351 1528 1397 1566 et
1438 1514 1612 1565 nobiles
1646 1510 1931 1565 Villafranca
1973 1509 2102 1560 dedit
2127 1546 2142 1568 ,
2176 1526 2354 1578 quem-³

311 1580 732 1634 Excellentiffimus
771 1586 832 1632 D.
858 1587 1030 1635 Comes
1061 1585 1119 1636 de
1161 1590 1425 1636 Benevento
1448 1620 1464 1643 ,
1494 1587 1646 1655 Regni
1677 1585 1912 1635 Valentini
1942 1585 2134 1632 Pro-rex
2164 1581 2189 1630 a
2219 1579 2360 1629 secre-

309 1653 368 1701 tis
400 1665 447 1700 et
479 1649 696 1701 Consiliis
730 1649 895 1724 selegit
922 1690 939 1714 ,
971 1670 1016 1705 et
1055 1660 1102 1708 S.
1140 1659 1191 1707 P.
1225 1653 1491 1705 Franciscus
1525 1658 1582 1706 ad
1610 1653 1742 1704 suurn
1773 1654 1818 1703 in
1848 1654 2097 1704 Provincia
2132 1651 2359 1702 Valentiae

311 1721 501 1772 vocavit
529 1720 763 1772 Habitum
791 1760 808 1784 ,
841 1725 1056 1778 transiens
1088 1726 1148 1778 ad
1179 1729 1307 1776 illam
1335 1724 1546 1776 Castellae
1578 1762 1594 1785 ,
1626 1723 1821 1791 suscepit
1853 1723 2062 1784 (invitus
2093 1720 2237 1782 licet)
2274 1736 2361 1790 gu·

307 1792 518 1842 bernium
543 1790 722 1841 Domfls
745 1797 790 1843 S.
812 1798 1078 1857 Antonii‚et
1103 1797 1160 1846 ad
1188 1795 1356 1862 septem
1376 1813 1518 1844 annos
1533 1795 1916 1851 continuavit,ea
1940 1794 2049 1841 vitae
2066 1791 2362 1850 austeritate,

312 1876 359 1914 et
395 1860 580 1930 spiritfis
623 1862 838 1914 unstione
868 1863 1152 1933 resplendens
1182 1901 1198 1925 ,
1229 1879 1281 1915 ut
1309 1866 1544 1933 Philippus
1575 1881 1683 1914 eum
1714 1861 1847 1914 suum
1879 1861 2066 1931 quidem
2097 1862 2366 1912 decerneret

313 1930 651 1984 Confessarium
672 1969 688 1991 ,
710 1937 983 1985 renitentem
998 1949 1150 1986 tamen
1166 1935 1226 1986 ad
1254 1935 1303 1985 id
1326 1933 1594 2005 persuadere
1626 1952 1720 1985 non
1753 1932 1896 2005 posset
1913 1970 1926 1982 .
1961 1931 2086 1984 Mire
2119 1933 2367 2000 colloquiis

312 2008 403 2067 ejus
433 2003 722 2055 Sereniffima
756 2008 1012 2076 Margarita
1044 2007 1100 2059 ab
1134 2006 1318 2058 Austria
1348 2043 1364 2066 ,
1393 2010 1575 2077 Regina
1604 2006 1850 2057 Catholica
1874 2003 2216 2062 delestabatur,
2241 2002 2370 2053 indu·

312 2092 416 2125 cere
445 2092 550 2125 eum
570 2089 728 2126 autem
749 2095 830 2129 nec
849 2081 926 2128 illa
953 2081 1134 2146 potuit,
1155 2094 1207 2128 ut
1226 2081 1344 2129 Vela
1370 2078 1428 2128 ad
1458 2075 1785 2144 cooperiendos
1806 2077 1983 2126 Altaris
2000 2077 2163 2126 calices
2185 2070 2370 2143 propris

311 2145 504 2213 quidem
540 2163 679 2197 manu
708 2148 976 2205 elaborata,
1003 2149 1261 2214 paupertati
1292 2160 1447 2193 tamen
1486 2144 1647 2192 nostrae
1674 2147 1826 2193 minus
1868 2143 2126 2194 conformia
2155 2159 2367 2212 accepta-

312 2217 528 2272 ret,imo,
540 2215 653 2264 dum
666 2219 820 2280 potius
837 2217 1027 2280 Reginae
1040 2215 1199 2280 gratiis
1212 2213 1540 2279 privari,qu31m
1555 2212 1994 2263 contralnstitutum
2012 2215 2302 2282 praevaricari
2326 2211 2371 2263 se

314 2284 437 2333 velle
475 2282 658 2349 repetiit
688 2315 704 2338 ,
748 2283 926 2350 Regina
957 2284 1234 2330 constantem
1288 2284 1513 2329 virtutem
1554 2297 1659 2329 tum
1701 2281 1874 2348 stupuit
1906 2318 1922 2338 ‚
1968 2298 2068 2332 tum
2110 2284 2318 2334 laudavit
2353 2317 2368 2333 .

316 2353 498 2403 Vivum
565 2352 690 2399 Aula
740 2365 838 2399 tota
886 2354 1035 2417 Regia
1065 2347 1348 2398 Matritensis
1398 2367 1483 2399 ceu
1509 2349 1728 2400 Sanstum
1775 2349 1998 2420 prodigiis
2030 2387 2048 2411 ,
2087 2366 2132 2402 et
2174 2354 2367 2421 prophe·

320 2424 397 2472 tiae
424 2420 548 2470 dono
579 2417 806 2467 celebrem
842 2421 1014 2468 Virum
1047 2417 1458 2470 coluitznefunfti
1485 2418 1664 2472 inferias
1697 2419 2032 2472 Illustriffimus
2064 2426 2127 2473 D.
2155 2425 2367 2474 Nuntius

317 2509 427 2543 cum
453 2490 606 2557 ampla
636 2491 917 2558 Magnatum
943 2507 1112 2539 corona
1130 2525 1145 2548 ‚
1173 2505 1219 2539 et
1254 2490 1575 2542 innumerabili
1607 2494 1781 2560 populo
1812 2493 2096 2552 celebravit,
2126 2511 2373 2563 eumque.»

314 2563 375 2614 ad
407 2560 644 2618 tumbam,
677 2559 725 2610 in
758 2578 849 2629 qua
879 2561 994 2612 edax
1022 2561 1220 2630 putredo
1248 2561 1478 2622 cadaver,
1515 2561 1695 2631 ejusque
1724 2562 1871 2613 vestes
1904 2579 2091 2633 tangere
2122 2582 2202 2633 per
2241 2568 2369 2632 quin·

318 2634 467 2684 decim
496 2648 722 2681 annorum
755 2631 952 2700 spatium
981 2647 1241 2683 reverenter
1267 2634 1447 2684 horruit
1475 2670 1492 2692 ,
1528 2632 1720 2685 sociavit
1756 2653 1769 2683 ε
1811 2632 2080 2703 quiescentis
2109 2637 2373 2688 virtutem-2

316 2703 431 2755 vero
463 2702 623 2752 tertius
655 2705 909 2753 Annalium
937 2702 1197 2754 nostrorum
1226 2718 1382 2754 tomus
1411 2703 1627 2764 concise,
1659 2704 1969 2774 manuscripta
1998 2719 2151 2756 autem
2181 2709 2371 2757 Provin-

316 2778 394 2825 ciae
414 2809 431 2833 ,
460 2772 510 2824 ὃ(
536 2772 905 2841 supplementum
938 2775 1191 2834 Annalium
1219 2776 1245 2827 ὲ
1275 2779 1350 2826 Fr.
1370 2773 1578 2847 Josepho
1608 2774 1870 2828 Matritensi
1899 2777 2204 2847 compilatum
2235 2780 2376 2849 proli,

318 2845 421 2898 xiiis
447 2842 734 2895 describunt.

461 2922 522 2967 In
554 2915 713 2968 laudes
746 2921 823 2966 Fr.
856 2916 1021 2968 Didaci
1048 2917 1107 2969 de
1130 2920 1343 2988 Qiroga
1378 2937 1432 2969 ex
1460 2922 1594 2970 Patre
1623 2916 1824 2990 Caspare
1860 2917 1918 2970 de
1950 2922 2152 2970 Somoza
2182 2934 2229 2971 et
2261 2918 2377 2984 Qi-

318 3005 432 3059 roga
462 3024 478 3048 ,
521 2988 571 3037 de
613 2988 657 3038 la
686 2986 790 3055 Casti
814 2988 864 3038 de
894 2989 976 3039 Pol
1006 2990 1051 3036 in
1086 2994 1248 3058 Regno
1281 2991 1489 3041 Galliciae
1527 2991 1760 3051 Domino,
1785 2992 1912 3049 nati,
1946 2989 2147 3041 Ministri
2179 2992 2372 3042 Provin-

319 3062 443 3110 cialis
472 3096 488 3117 ,
530 3056 875 3124 Qualificatoris
915 3059 1068 3110 Sansti
1105 3058 1269 3111 Officii
1310 3060 1619 3129 Inquifitionis
1651 3060 1743 3113 ἃς.
1788 3079 1880 3112 non
1910 3062 2120 3123 introe03
2149 3061 2244 3133 quo
2275 3062 2378 3129 plu·

322 3151 372 3180 ra
405 3132 526 3179 enim
559 3133 761 3181 calamus
783 3132 839 3181 de
874 3132 997 3181 illius
1029 3132 1198 3200 ingenii
1225 3135 1434 3183 acumine
1465 3169 1481 3192 ,
1516 3151 1672 3184 rerum
1705 3133 1986 3203 agendarum
2015 3133 2289 3202 prudentia,
2329 3130 2380 3182 ὃ(

323 3201 476 3251 solidae
505 3202 693 3251 virtutis
723 3217 934 3253 comeatu
965 3204 1210 3272 exprimit,
1243 3218 1323 3252 aut
1356 3205 1508 3275 lingua
1535 3207 1695 3275 pangit
1720 3241 1735 3263 ,
1764 3203 1821 3255 eo
1853 3205 1986 3272 plura
2016 3204 2073 3254 de
2099 3207 2152 3254 iis
2179 3200 2374 3254 referen-

323 3271 380 3320 da
409 3271 451 3321 se
486 3270 684 3323 offerunt
718 3292 730 3323 :
774 3292 853 3324 nec
884 3276 1023 3324 etiam
1061 3276 1249 3325 introire
1280 3272 1424 3324 debeo
1461 3310 1477 3332 ,
1516 3276 1631 3325 dum
1665 3294 1716 3327 ea
1743 3273 1911 3326 summi
1955 3276 2185 3342 Principes
2211 3270 2374 3331 fastis,

327 3340 375 3391 ὅ(
394 3343 580 3407 plurimi
603 3345 837 3393 Authores
865 3344 1038 3415 scriptis
1057 3343 1373 3396 absolverunt.
1388 3345 1536 3398 Fastis
1561 3344 1792 3405 fecerunt,
1811 3361 1913 3396 tum
1935 3343 2245 3396 Ferdinandus
2273 3347 2380 3394 ΙΙΙ.

330 3417 589 3478 Imperator
609 3449 624 3470 ,
652 3413 701 3464 <Sc
728 3417 959 3485 Philippus
993 3422 1087 3469 IV.
1113 3416 1226 3467 dum
1258 3435 1364 3468 eum
1389 3416 1447 3467 ad
1475 3413 1715 3467 sacratiora
1746 3415 1930 3467 consilia
1963 3413 2188 3467 vocz'irunt
2225 3450 2241 3475 ,
2272 3430 2376 3464 tum

327 3484 480 3532 Maria
512 3483 708 3533 Austriae
739 3489 1012 3554 Imperatrix
1032 3525 1048 3547 ‚
1076 3491 1229 3540 Maria
1251 3493 1416 3547 Anna,
1437 3490 1631 3556 Philippi
1655 3487 1765 3538 disti
1796 3490 2010 3549 ConJux,
2044 3505 2127 3537 nec
2149 3502 2240 3538 non
2275 3489 2377 3536 Ma-

330 3557 397 3603 ria
429 3553 645 3603 Therefia
679 3556 807 3618 hujus
840 3562 955 3609 Filia
984 3596 999 3619 ‚
1032 3561 1294 3611 Galliarum
1328 3562 1502 3630 Regina
1532 3595 1547 3620 ,
1582 3559 1693 3610 dum
1726 3575 1834 3608 eum
1875 3555 2155 3608 conscientiae
2186 3555 2275 3607 suae
2309 3574 2379 3607 ar-

331 3624 498 3674 bitrum
532 3622 815 3696 selegerunt.
856 3631 1016 3699 [Isque
1043 3631 1102 3682 ad
1131 3633 1338 3682 muricen
1367 3630 1414 3685 ὅ(
1438 3647 1689 3702 purpuram
1712 3626 1918 3682 Ecclefiae
1946 3630 1992 3679 hi
2017 3627 2066 3681 ὅ(
2095 3629 2173 3679 alii
2204 3628 2375 3679 Princi-

331 3713 406 3760 pes
430 3698 591 3747 merita
613 3704 704 3760 ejus
731 3700 993 3754 exaltarunt
1014 3740 1027 3763 ,
1062 3702 1110 3755 <Sc
1145 3702 1201 3752 ab
1235 3702 1428 3757 Urbano
1461 3707 1606 3755 VlII.
1649 3704 1732 3753 hoc
1766 3718 1948 3771 quoque
1986 3701 2158 3751 honore
2193 3695 2372 3750 fuissent

331 3764 564 3835 insignita,
592 3771 636 3818 ni
669 3771 830 3823 Didaci
860 3775 1094 3827 humilitas
1119 3773 1282 3828 fortius
1315 3772 1576 3827 obstitisset:
1606 3776 1798 3846 Scriptis
1817 3778 1911 3839 ejus
1940 3773 2212 3823 memoriam
2244 3787 2370 3820 com-

2188 3857 2312 3892 mess-

2634 2193 2638 2234 .-..
2632 2101 2638 2184 --Μ.
2627 1687 2638 2088 -ψη-μ-»ῄμ-ῌ-ῌ-
2632 1616 2638 1681 ...ν-ὡ
2636 1597 2638 1603 .
2635 1563 2638 1577 ..
2632 1542 2638 1550 ,
2636 1501 2637 1504 Α
