2638 4088
378 220 558 306 324

314 341 383 380 c‘tae
402 339 612 394 Spelunca
640 351 690 382 cx
706 341 818 392 parte
836 362 852 385 2
868 329 946 388 qud
962 326 1126 385 respicit
1155 342 1309 384 ponen-

314 399 573 454 tem,erigat
593 397 673 439 haec
691 396 765 436 suis
794 387 972 446 expenfis
999 388 1195 445 parietem
1225 386 1310 430 for-

315 471 427 506 tem,
453 460 520 513 qui
548 456 730 497 {imiliter
762 451 839 492 erit
859 447 1107 500 divisorius,
1129 448 1312 492 &debet

315 516 507 563 inservire
526 515 616 555 loco
630 508 824 557 inferiori,
842 509 882 551 δι
896 505 1097 564 superiori
1112 509 1313 550 Commu-

314 576 435 623 nitati
468 571 660 616 destinato
686 567 737 610 ad
752 565 1005 610 neceffariam
1019 566 1227 619 latrinam,
1242 581 1311 610 ce-

314 634 450 680 dendo
470 631 520 672 ad
536 631 642 671 hunc
661 625 845 671 effectum
857 655 874 678 ,
899 626 924 669 si
940 623 1206 672 neceffarium
1224 624 1312 669 fue-

316 697 394 741 rit,
408 703 527 734 unum
556 694 624 728 aut
650 684 753 728 duos
767 684 924 742 palmos
941 686 1153 743 supradicti
1169 683 1278 728 horti
1295 712 1309 736 ,

316 756 357 796 ὃς
375 752 527 805 frangat
540 772 553 795 ,
565 747 607 787 &
620 743 777 801 scalpro
793 756 955 802 rumpat
970 746 1117 789 silicem
1133 774 1148 798 ,
1161 745 1229 803 qui
1248 745 1311 787 su-

317 825 389 869 per
409 807 588 853 eminet,
601 803 641 846 in
666 813 860 860 quantum
876 806 924 848 fit
939 803 1220 855 necessarium,
1236 805 1311 853 ita,

316 881 359 911 ut
374 865 525 908 fabrica
543 872 703 905 maneat
717 863 759 906 in
772 863 1022 921 perfeetione
1035 894 1051 917 ‚
1071 863 1139 908 sed
1155 873 1309 911 tamen,

316 927 342 969 fi
371 939 422 968 ex
452 924 529 965 hoc
546 922 779 975 proveniret
800 923 963 979 aliquod
987 922 1305 979 praejudicium

315 982 460 1042 parieti
477 979 571 1022 dieti
587 980 695 1023 horti
714 1009 727 1032 ,
741 983 808 1037 qui
823 982 986 1038 respicit
998 981 1048 1024 ad
1072 980 1309 1032 Meridiem‚

318 1043 499 1099 obligata
514 1039 594 1081 erit
610 1037 715 1082 dieta
731 1041 965 1084 Residentia
983 1040 1034 1083 ad
1049 1039 1316 1084 reficiendum

324 1114 444 1145 omne
458 1098 649 1141 damnum
664 1127 677 1151 ,
706 1100 747 1140 &
760 1098 834 1142 suis
851 1099 1030 1155 expenfis
1046 1099 1162 1143 illum
1178 1098 1316 1142 denuo

319 1157 544 1203 aedificare:
570 1157 680 1200 &ita
708 1157 914 1203 mediante
941 1158 1236 1202 constructione
1251 1156 1316 1198 di-

317 1221 370 1262 eti
401 1217 517 1259 fortis
543 1215 709 1272 parietis
736 1228 870 1261 tutum
886 1217 1108 1267 reddetur,
1137 1231 1187 1261 cx
1203 1228 1314 1259 una.»

318 1287 431 1335 parte
448 1304 462 1326 ,
486 1274 599 1331 quod
615 1274 732 1319 locus
752 1277 1052 1320 communitatis
1079 1275 1311 1332 designatus

320 1336 371 1379 ad
398 1334 657 1378 neceffariam
685 1334 902 1385 latrinam,
927 1336 1072 1379 habeat
1100 1335 1314 1378 debitam-2

318 1392 633 1452 proportionem
647 1419 662 1444 2
685 1393 724 1434 &
736 1394 1078 1449 profunditatem,
1102 1395 1157 1438 ita
1183 1403 1227 1436 ut
1248 1407 1315 1435 ne·-

319 1461 443 1510 queat
457 1449 610 1494 inferre
624 1450 815 1495 damnum
832 1483 846 1506 ,
861 1467 936 1496 nec
950 1452 1229 1510 praejudicium
1243 1482 1257 1505 ,
1274 1453 1315 1496 δι

318 1526 370 1556 ex
384 1511 519 1553 altera
545 1517 662 1566 parte
674 1536 688 1559 ,
703 1513 813 1566 quod
825 1512 974 1556 canalis
988 1539 1002 1561 ,
1016 1514 1084 1567 qui
1101 1512 1184 1568 jam
1198 1524 1314 1568 aper-

317 1582 381 1613 tus
397 1568 599 1623 reperitur
616 1568 668 1610 ad
683 1569 867 1612 effectum
894 1569 1162 1614 transferendi
1189 1582 1311 1623 aquas

317 1627 492 1671 fontium
508 1654 523 1675 ,
537 1628 577 1667 &
589 1625 791 1681 pluviales
808 1657 823 1679 ,
838 1639 995 1673 maneat
1016 1630 1182 1672 omnino
1197 1628 1314 1671 stabi·

320 1687 368 1729 lis
386 1714 399 1737 ,
413 1685 453 1725 &
468 1692 580 1750 tutus
591 1709 606 1732 ,
619 1696 743 1739 prout
759 1687 1003 1744 praevenitur
1016 1714 1030 1737 ,
1043 1689 1083 1730 δι
1095 1688 1258 1746 jubetur
1272 1687 1314 1729 in

319 1747 517 1791 sententia
542 1744 826 1790 Nuntiaturae.
1071 1784 1079 1790 .
1102 1746 1105 1750 ⁴

431 1800 625 1862 Qarto.
657 1803 782 1863 Qod
811 1803 917 1845 dieta
933 1802 1166 1846 Refidentia
1177 1802 1315 1845 eleva·

315 1863 377 1907 bit
398 1861 477 1904 suis
499 1859 682 1915 expensis
698 1889 713 1912 ‚
739 1871 858 1917 prout
876 1876 954 1918 pro
971 1861 1049 1918 ipsa
1076 1861 1204 1905 dietus
1224 1861 1314 1903 Re-

318 1918 620 1965 verendiffimus
636 1920 677 1960 Ρ.
696 1921 963 1966 Provincialis
991 1921 1207 1967 Societatis
1230 1918 1318 1963 lesu

317 1978 542 2023 Provinciae
572 1980 786 2036 Aragoniae
815 1981 1021 2036 promittit
1061 1981 1228 2024 elevare
1257 1978 1318 2021 di.

318 2043 425 2082 Ctum
450 2038 645 2093 parietem
669 2037 821 2080 sortem
849 2055 898 2082 ex
926 2050 1067 2094 parte,
1092 2054 1170 2095 qua.
1187 2034 1314 2093 respi-

322 2098 404 2142 ciet
420 2126 435 2147 ,
461 2098 502 2139 &
531 2095 609 2137 erit
628 2095 653 2137 ε’*
678 2096 890 2152 conspectu
920 2097 1102 2141 fenestrae
1118 2094 1315 2138 Ponentis

319 2158 372 2199 de
402 2153 472 2195 suo
501 2152 633 2207 primo
655 2154 820 2193 tranfitu
846 2153 898 2196 ad
931 2154 1058 2193 talem
1077 2149 1315 2205 proportio-

318 2225 413 2255 nem
438 2213 475 2250 δε
503 2207 766 2251 altitudinem
778 2236 794 2260 ,y
808 2208 864 2250 ita
881 2217 926 2250 ut
941 2223 989 2252 ex
1006 2207 1190 2264 praediffila
1206 2208 1318 2250 fene-

322 2271 401 2313 stra
431 2278 512 2308 non
532 2264 651 2320 poffit
682 2265 858 2321 conspici
887 2267 1026 2309 hortus
1050 2295 1067 2316 ,
1087 2280 1160 2308 nec
1187 2267 1317 2311 dietus

324 2331 568 2371 Conventus
585 2324 663 2365 ΡΡ..
678 2325 1007 2377 Capucinorum3
1025 2323 1187 2365 claudet
1204 2324 1319 2377 supe-

320 2386 407 2430 rius
438 2383 573 2423 locum
600 2379 832 2433 praedistum
859 2382 1159 2423 communitati
1193 2378 1315 2422 desti-

318 2452 462 2490 natum
482 2466 497 2490 ,
529 2439 567 2481 8(
584 2451 678 2481 eum
701 2451 783 2480 non
809 2438 1010 2494 relinquet
1043 2438 1316 2494 apertum,ad

322 2500 506 2547 effectum
528 2497 707 2542 evitandi
721 2511 840 2540 omne
870 2497 1129 2554 periculum,
1160 2499 1317 2542 etiam..

321 2559 517 2604 remotius
532 2554 773 2612 praejudicii,
802 2567 874 2604 aut
898 2556 1317 2613 molestiae3disponet

322 2619 433 2663 suum
449 2617 601 2658 tectum
618 2614 693 2657 tali
706 2613 834 2658 modo
846 2646 864 2668 ‚
891 2616 949 2658 ita
964 2626 1008 2659 ut
1037 2631 1109 2674 per
1125 2631 1220 2659 eum
1245 2630 1319 2660 ne·

323 2692 390 2720 mo
406 2673 519 2732 poffit
536 2673 730 2725 transire,
747 2688 820 2716 nec
832 2690 882 2718 ex
899 2675 1021 2718 horto
1048 2675 1099 2720 ad
1121 2674 1316 2719 Refiden·

323 2738 419 2780 tiam
436 2762 450 2784 ,
468 2746 541 2775 nec
557 2745 607 2775 ex
627 2732 861 2778 Refidentia
880 2734 930 2776 ad
957 2735 1124 2780 hortum
1137 2761 1150 2782 ,
1179 2736 1220 2780 &
1234 2733 1258 2776 si
1275 2735 1317 2781 in

319 2793 514 2853 praedicto
530 2791 624 2838 loco
639 2793 922 2838 communitati
940 2793 1140 2840 destinato
1167 2794 1247 2836 erit
1273 2808 1315 2834 a-

325 2850 519 2911 perienda
536 2850 698 2908 aliqua,
721 2849 788 2894 vel
802 2851 943 2908 aliquae
964 2851 1142 2899 fenestra:
1158 2862 1238 2900 tam
1263 2866 1315 2900 ex

326 2923 441 2969 parte
465 2908 704 2966 Aquilonis,
718 2911 839 2964 quam
854 2925 902 2954 ex
921 2915 1119 2960 Ponente,
1133 2911 1225 2959 illas,
1256 2924 1321 2954 re-

327 2974 487 3027 linquet
512 2969 618 3011 adeo
645 2968 777 3017 altas,
806 2977 853 3010 ut
884 2971 1169 3015 tantummodo
1198 2971 1321 3012 inser-

324 3031 438 3072 viant
462 3028 515 3072 ad
544 3029 680 3071 lucem
698 3056 712 3078 ,
727 3029 767 3068 &
789 3031 893 3072 a‘e‘ris
910 3028 1216 3072 ventilationem
1234 3057 1248 3079 ,
1280 3030 1319 3074 &

328 3102 411 3131 non
427 3086 527 3134 fint,
544 3099 677 3142 neque
699 3086 882 3141 praestent
908 3088 1114 3130 minimam
1145 3086 1317 3129 servitu-

324 3158 408 3190 tem
434 3146 558 3187 horto
571 3173 587 3195 ,
602 3159 674 3187 nec
691 3148 928 3195 Conventui
956 3148 1124 3195 Patrum
1143 3145 1320 3202 Capuci·

326 3219 498 3248 norum.

443 3262 602 3320 Qinto
619 3291 632 3302 .
666 3264 794 3322 Quod
821 3267 950 3309 dietus,
967 3266 1208 3310 Conventus
1234 3264 1316 3307 PP.

332 3325 470 3375 Capuc
481 3325 639 3363 inorum
655 3335 734 3363 non
750 3326 959 3377 permittet
975 3354 991 3375 ,
1003 3323 1113 3380 quod
1131 3325 1250 3366 arbor
1263 3320 1315 3367 de.

328 3382 511 3425 Almezo
549 3393 775 3434 nuncupata
806 3385 983 3438 plantata
1017 3385 1056 3427 in
1101 3381 1169 3425 suo
1200 3383 1323 3426 horto

329 3453 461 3497 prope
484 3451 643 3483 murum
670 3441 715 3480 iit
742 3442 1018 3499 praejudicialis
1044 3442 1202 3487 fabrica:
1222 3443 1323 3483 San-

332 3501 402 3541 &ae
415 3497 639 3557 Speluncae,
651 3501 906 3546 extendendo
916 3504 954 3545 in
971 3501 1082 3546 illam
1096 3511 1251 3556 partem
1265 3509 1328 3541 ta-

333 3558 363 3599 li
395 3557 524 3601 forma
540 3557 626 3599 suos
642 3572 798 3608 ramos,
826 3573 870 3604 ut
884 3561 1041 3606 auferat
1058 3560 1324 3616 prospectum,

337 3617 542 3673 minusque
560 3630 609 3662 ex
624 3617 702 3659 illis
719 3618 835 3673 possit
850 3619 1013 3665 formari
1036 3619 1216 3667 ascensus
1244 3619 1319 3662 itt-³

339 3671 467 3719 forma
486 3677 596 3723 scalae
609 3677 658 3719 ad
673 3678 976 3733 ingrediendum
998 3682 1040 3724 in
1060 3679 1144 3736 ejus
1171 3677 1320 3721 clausu-

338 3743 422 3771 ram
440 3762 454 3782 ,
469 3735 638 3790 ideoque
658 3738 810 3793 semper
825 3767 839 3790 ,
868 3742 906 3782 &
933 3740 1321 3796 quandocumque-³

338 3786 452 3845 super
468 3792 542 3833 hoc
557 3792 682 3842 fuerit
702 3807 975 3845 reconventus
993 3829 1009 3850 ,
1034 3799 1182 3842 debeat
1209 3797 1321 3843 ordi-

1078 183 1654 270 Provincia

1371 342 1473 375 nare
1499 327 1632 370 excidi
1659 338 1707 368 cx
1725 323 1795 368 illa
1811 331 1927 381 parte
1954 340 2107 381 ramos,
2125 331 2192 385 qui
2209 329 2352 385 praeju-

1370 389 1509 433 dicent
1524 414 1538 437 ,
1561 387 1602 429 &
1616 395 1770 429 maneat
1782 388 1922 429 Sancta
1935 386 2131 444 Spelunca
2156 388 2356 443 abique-⁴

1372 449 1450 492 hac'
1469 447 1666 491 servitute
1679 473 1693 487 .

1488 507 1642 553 sexto.
1672 504 1797 563 Quod
1820 503 2055 548 Refidentia
2084 502 2188 546 dic'ta
2215 502 2365 549 saneta

1371 567 1580 625 Speluncae
1596 565 1777 617 claudet,
1794 575 1911 620 prout
1926 576 2001 619 pro
2024 577 2071 606 ca
2089 575 2180 606 cum
2194 563 2365 619 praesens

1370 632 1402 671 ti
1418 626 1661 684 supradictus
1681 622 2045 669 Reverendiffimus
2069 625 2111 666 P.
2126 620 2368 666 Provincia,—

1371 687 1420 732 lis
1450 685 1653 743 promittit
1669 682 1878 734 claudere,
1892 694 1976 725 tres
1989 694 2131 730 arcus,
2153 690 2221 722 aut
2247 678 2366 723 fenea

1371 747 1468 790 stras
1485 743 1622 789 Lodiae
1634 772 1647 795 ‚
1665 756 1751 799 quae
1767 740 1977 798 respiciunt
2005 750 2164 798 partem
2186 738 2364 795 Aquilo-

1368 802 1579 861 nis3quod
1597 802 1773 845 elevabit
1799 801 1908 845 circa
1931 800 2028 844 duos
2055 799 2213 855 palmos
2243 795 2362 840 fenc-

1369 866 1489 909 stram
1521 862 1728 918 Laquearii
1743 890 1758 914 ,
1782 859 1890 918 quod
1914 858 2076 917 respicit
2104 866 2258 914 partem
2279 857 2361 898 Po-

1369 923 1505 968 nentis
1527 921 1600 964 tali
1633 920 1757 964 modo
1772 948 1787 973 ,
1811 920 1920 962 &ita
1938 947 1953 971 ,
1978 928 2022 960 ut
2049 930 2171 960 nemo
2187 914 2301 972 poffit
2313 927 2363 958 ex

1373 984 1444 1027 illa
1459 980 1687 1038 prospicere
1700 1006 1715 1029 ,
1731 981 1772 1022 δι
1802 978 2091 1021 tantummodo
2114 974 2302 1018 inserviat
2316 972 2368 1016 ad

1375 1044 1506 1086 lucem
1521 1069 1535 1092 ,
1552 1042 1589 1082 &
1605 1040 1707 1083 acris
1722 1037 2021 1081 exhalationem
2038 1061 2052 1084 ,
2090 1049 2172 1078 non
2191 1036 2293 1078 vero
2314 1031 2366 1074 ad

1375 1100 1483 1145 aliud
1498 1113 1514 1154 3
1530 1099 1636 1155 quod
1651 1097 1827 1141 elevabit
1841 1096 1997 1151 pariter
2019 1095 2126 1137 circa
2141 1092 2365 1135 mensuram

1380 1159 1502 1217 palmi
1526 1158 1641 1200 unius
1675 1159 1715 1199 δι
1741 1155 1860 1199 medii
1886 1183 1900 1206 ‚
1930 1163 2000 1197 aut
2027 1151 2114 1208 plus
2143 1181 2160 1203 ,
2190 1153 2218 1192 si
2243 1150 2368 1192 fuerit

1375 1215 1638 1262 necessarium
1667 1246 1683 1268 ‚
1719 1215 1770 1259 ad
1796 1212 1977 1256 effectum
2001 1209 2180 1255 evitandi
2207 1208 2374 1251 omnino

1373 1275 1545 1321 scrutari
1573 1276 1763 1326 hortum,
1796 1275 2137 1320 &Conventum‚
2160 1267 2371 1310 fenestram

1373 1334 1538 1380 secundi
1553 1331 1735 1376 tranfitfis
1746 1361 1761 1383 ,
1793 1345 1878 1387 quae
1905 1329 2069 1386 respicit
2097 1337 2254 1384 partem
2284 1328 2372 1370 Po-

1374 1394 1505 1440 nentis
1520 1421 1534 1445 ,
1567 1391 1606 1436 id
1624 1391 1680 1435 est
1710 1389 1836 1436 addet
1861 1390 2037 1446 palmum
2055 1416 2070 1440 ‚
2090 1387 2132 1430 δι
2153 1385 2333 1430 medium
2347 1411 2364 1436 ,

1374 1464 1445 1498 aut
1458 1452 1568 1508 quod
1587 1450 1632 1494 iit
1657 1447 1919 1494 necessarium
1934 1475 1949 1499 ,
1964 1446 2127 1504 parietis
2153 1460 2202 1489 ex
2216 1444 2370 1492 calcea

1372 1516 1411 1556 &
1429 1511 1531 1555 silice
1547 1511 1661 1567 supra
1676 1509 1822 1561 illum,
1847 1507 1916 1565 qui
1942 1520 2048 1552 nunc
2076 1505 2193 1563 supra
2219 1503 2373 1546 eminet

1373 1569 1602 1626 marginato
1631 1567 1759 1611 limbo
1783 1565 1965 1610 senestrae
1983 1591 1997 1613 ,
2024 1573 2067 1606 ut
2094 1577 2175 1607 non
2190 1563 2369 1606 tollatur

1374 1628 1597 1688 perfectio,
1628 1627 1668 1668 δι
1693 1625 1817 1671 decus
1843 1623 2001 1667 fabricae
2026 1636 2099 1665 nec
2130 1622 2233 1665 intra
2250 1647 2266 1671 ,
2297 1633 2373 1662 nec

1375 1700 1488 1733 extra
1503 1718 1520 1738 ,
1532 1689 1571 1731 δι
1593 1685 1703 1728 idem
1718 1691 1943 1740 exequetur
1960 1681 1998 1724 in
2013 1680 2105 1724 casu
2138 1679 2376 1730 neceffario,

1375 1747 1511 1804 quoad
1531 1745 1643 1787 illam
1656 1739 2062 1797 dietitraniitfis,quae
2083 1739 2249 1799 respicit
2280 1750 2374 1794 par-

1377 1815 1462 1848 tem
1485 1800 1698 1857 Aquilonis
1713 1798 1894 1853 ,etiamst
1913 1798 2100 1842 videatur
2116 1825 2131 1849 ,
2152 1796 2263 1853 quod
2294 1808 2377 1838 non

1379 1865 1461 1907 erit
1485 1856 1771 1908 necessarium,
1787 1855 1976 1915 quiajam
2003 1868 2052 1898 ex
2076 1854 2205 1900 latere
2220 1852 2381 1898 auferet

1376 1934 1537 1967 omnem
1563 1918 1800 1964 servitutem
1815 1945 1830 1971 ,
1843 1919 1881 1960 &
1896 1912 2148 1974 prospectum
2162 1915 2297 1971 paries
2313 1913 2381 1956 lo-

1376 1983 1414 2026 ci
1455 1978 1736 2023 communitati
1771 1975 1823 2019 ad
1861 1976 2049 2020 latrinam
2076 1971 2264 2019 destinati
2291 2000 2307 2025 ,
2335 1973 2377 2016 δι’,

1375 2041 1401 2086 ὂ
1414 2038 1632 2093 conspeetu
1643 2036 1915 2092 paries,quem
1931 2034 2057 2077 debet
2070 2032 2234 2075 elevare
2247 2031 2379 2074 dietus

1378 2101 1618 2137 Conventus
1633 2094 1672 2134 in
1687 2092 1826 2137 limine
1838 2092 1892 2134 sui
1913 2091 2021 2135 horti
2036 2117 2050 2140 ,
2080 2089 2193 2150 juxta
2207 2090 2372 2149 sequens

1378 2149 1615 2207 Capitulum
1635 2175 1650 2190 .

1492 2207 1679 2262 Septimo
1691 2235 1705 2248 .
1738 2206 1869 2263 Quod
1885 2205 2014 2259 dictus
2030 2209 2274 2250 Conventus
2289 2207 2374 2250 ΡΡ.

1376 2268 1757 2321 Capucinorum,ne
1774 2266 1819 2308 fit
1833 2262 2030 2320 subjectus
2047 2265 2287 2307 Refidentiae
2313 2264 2378 2307 di·

1378 2326 1449 2366 c‘tae
1464 2324 1609 2366 Sanctae
1627 2323 1834 2377 Speluncae
1848 2351 1863 2375 ,
1893 2336 1968 2368 nec
2000 2321 2110 2365 illam
2127 2321 2344 2382 prospiciat
2363 2346 2379 2372 ,

1377 2383 1419 2428 δι
1432 2381 1651 2432 scrutetur,
1667 2380 1842 2429 elevabit
1856 2382 1933 2425 suis
1957 2382 2151 2436 expensis,
2168 2389 2290 2437 prout
2306 2392 2382 2437 pro

1377 2455 1429 2484 eo
1442 2454 1534 2482 cum
1551 2439 1733 2496 praesenti
1750 2439 1844 2482 dieti
1863 2439 2198 2487 Reverendiffimi
2217 2443 2263 2485 P.
2279 2441 2380 2483 Pro-

1379 2499 1562 2546 vincialis
1594 2527 1609 2550 ,
1635 2500 1674 2544 ὃς
1706 2499 2000 2546 Diffinitorium
2026 2526 2042 2548 ,
2068 2499 2107 2540 δι
2133 2497 2380 2558 supradictus

1379 2559 1581 2617 syndicus
1607 2558 1864 2612 Apostolicus
1889 2559 2152 2613 promittunt,
2177 2558 2379 2602 elevare,

1377 2629 1514 2676 totum
1535 2618 1756 2672 parietem,
1773 2617 1839 2665 seu
1864 2617 2090 2661 clausuram
2105 2618 2156 2661 ab
2183 2617 2258 2660 illo
2282 2617 2378 2659 loco

1377 2675 1667 2723 communitati
1693 2676 1742 2718 ad
1761 2675 1944 2719 latrinam
1959 2673 2187 2728 destinato,
2212 2675 2281 2732 qui
2305 2673 2377 2717 de-

1380 2738 1451 2782 bet
1481 2735 1658 2781 construi
1686 2733 1808 2791 usque
1839 2734 1890 2776 ad
1913 2734 2128 2791 Capellam
2155 2736 2196 2779 S.
2213 2732 2380 2780 Antonii

1374 2798 1491 2848 oeto,
1505 2803 1577 2839 aut
1595 2807 1739 2839 novem
1753 2794 1924 2842 circiter
1941 2794 2186 2849 palmorum,
2206 2806 2298 2836 cum
2328 2805 2378 2834 eo

1380 2853 1488 2911 quod
1504 2867 1613 2896 nunc
1629 2853 1699 2904 est,
1713 2854 1751 2897 8(
1775 2867 1840 2904 c0,
1856 2851 1962 2909 quod
1979 2852 2114 2909 postca
2137 2853 2191 2895 est
2221 2850 2376 2898 adden-

1381 2915 1478 2960 dum
1493 2942 1509 2964 ,
1524 2912 1580 2959 ita
1596 2922 1641 2958 ut
1658 2926 1775 2957 nemo
1798 2911 1914 2968 poffit
1937 2926 1989 2958 ex
2009 2911 2078 2956 illa
2111 2912 2340 2968 prospicere
2355 2936 2371 2961 ,

1382 2988 1454 3019 nec
1471 2971 1640 3018 scrutari
1655 2965 1846 3017 fenestras
1870 2971 2082 3016 amborum
2101 2973 2337 3017 transituum
2357 2995 2374 3020 ,

1378 3045 1453 3077 nec
1483 3031 1741 3077 territorium
1769 3031 1880 3075 dictae
1905 3032 2056 3074 Sanetae
2072 3030 2304 3085 Speluncae:
2337 3028 2379 3070 δι

1381 3105 1460 3134 non
1493 3089 1731 3145 permittet,
1757 3089 1865 3146 quod
1891 3089 1929 3131 in
1957 3087 2070 3134 calce
2088 3087 2183 3134 dieti
2207 3087 2375 3148 parietis

1381 3147 1636 3195 construatur
1649 3149 1830 3205 podium,
1844 3146 1912 3193 seu
1927 3146 2126 3192 scamnum
2139 3145 2376 3192 lateritium,

1382 3221 1431 3250 ex
1447 3220 1527 3262 quo
1547 3207 1663 3263 poffit
1690 3208 1794 3251 nasci
1818 3206 1987 3252 servitus
2011 3206 2062 3247 ad
2087 3204 2371 3249 lustrandum-⁴

1376 3281 1422 3314 ea
1439 3293 1452 3316 ,
1467 3278 1552 3319 quae
1569 3263 1774 3312 fuerintin
1790 3263 1858 3307 suo
1875 3266 1997 3307 horto
2011 3289 2026 3313 ,
2047 3263 2088 3308 δι,
2103 3263 2142 3305 in
2159 3263 2248 3305 casu
2263 3291 2278 3315 ,
2291 3275 2372 3318 quo

1380 3324 1686 3372 construeretur
1700 3353 1714 3376 ,
1731 3322 1896 3369 debebit
1907 3322 2074 3366 elevare
2088 3321 2235 3367 dictum
2252 3321 2374 3377 paric.

1381 3394 1465 3431 tem
1488 3396 1536 3430 ex
1561 3382 1684 3438 podio
1701 3410 1715 3433 ,
1742 3379 1806 3426 seu
1832 3382 1993 3422 scamno
2021 3379 2203 3427 lateritio
2226 3379 2376 3425 sursum

1389 3441 1511 3500 usque
1532 3442 1582 3484 ad
1609 3440 1776 3483 eandem
1790 3438 2048 3482 altitudinem
2067 3443 2160 3483 ot‘to
2175 3469 2188 3493 ,
2215 3450 2284 3483 aut
2300 3455 2374 3483 no-

1388 3506 1480 3545 vem
1495 3498 1720 3559 palmorum
1741 3511 1790 3545 ex
1815 3499 1939 3554 podio
1951 3527 1966 3551 ,
1982 3499 2037 3541 ira
2051 3509 2094 3542 ut
2109 3512 2158 3541 ex
2170 3500 2281 3544 dieto
2299 3514 2376 3555 po·

1387 3562 1458 3604 dio
1489 3574 1568 3605 non
1597 3556 1713 3617 poffit
1737 3557 1930 3613 prospici,
1956 3571 2029 3601 nec
2045 3557 2229 3611 lustrari,
2261 3557 2372 3614 quod

1381 3619 1458 3675 jam
1479 3620 1631 3667 dietum
1654 3617 1737 3671 est3
1755 3627 1872 3673 prout
1890 3631 1963 3661 nec
1992 3617 2202 3674 permittet
2230 3617 2368 3660 dieue,

1380 3680 1612 3728 Refidentia
1629 3678 1667 3724 id
1691 3678 1751 3732 agi
1770 3677 1808 3718 in
1830 3677 1945 3724 calce
1968 3675 2229 3722 fenestrarum
2249 3676 2370 3728 ,dc-³

1382 3741 1523 3795 quibus
1548 3737 1623 3786 fuit
1646 3735 1775 3781 sermo
1797 3737 1835 3778 in
1851 3737 2048 3792 Capitulo
2075 3736 2363 3786 antecedenti,

1384 3800 1476 3845 &in
1492 3797 1579 3843 casu
1593 3823 1607 3848 ,
1635 3811 1715 3855 quo
1740 3794 2065 3848 construeretur,
2080 3793 2369 3894 debebitlillas

2231 3867 2253 3895 e
2273 3866 2315 3893 c-
