2612 4100
922 228 1544 348 Turonensis.

2051 254 2184 355 <77

220 378 370 418 (torum
390 373 571 418 Iocorum
598 372 899 430 assignationem
922 373 1058 428 aliquo
1081 379 1206 416 modo
1267 377 1422 416 latione
1446 371 1606 430 proprie
1632 372 1764 423 dieta,
1785 388 1874 431 quae
1898 377 2046 420 habeat
2060 383 2241 427 effectum

220 433 419 487 impedire
443 434 644 478 auderent
656 448 670 476 ε
684 430 930 474 Provinciali
943 436 1044 473 vero
1058 434 1098 472 δι
1113 430 1200 473 Dif—

219 489 450 535 finitoribus
464 491 639 548 ejusdem
667 490 1090 534 ProvinciaerTuromae
1103 518 1118 540 ‚
1148 503 1199 530 ne

217 549 259 592 in
278 551 574 607 gubernatione
601 550 885 607 praedifftorum
913 546 1094 590 locorum
1120 545 1196 591 se..-

207 609 380 665 amplius
394 610 622 665 ingererent
636 638 650 661 ‚
662 610 702 650 δι
720 608 814 653 alias
828 634 841 657 ,
853 616 974 662 prout
994 606 1031 648 in
1052 604 1201 648 eodem

141 678 145 682 ’
206 669 392 710 Decreto
422 670 583 715 uberius
613 667 762 711 dicitur
787 665 1008 709 contineri.
1027 667 1201 706 Necnon⁴

205 727 419 768 occasione
433 725 611 784 Capituli
634 724 894 769 Provincialis
915 720 1119 765 Blessenfis
1134 723 1209 764 di-'

206 787 280 831 ,stae
295 787 516 830 Provinciae
532 785 717 828 Turoniae
745 784 797 827 de
809 796 922 826 anno>
939 782 1058 829 1650.
1091 781 1198 823 cele-

208 843 342 894 brati,
369 846 433 886 cui
462 844 584 888 etiam
604 843 740 887 dilecti
769 843 861 886 Filii
884 843 1049 883 Fratres
1081 840 1194 882 dictae

206 902 436 945 Provincia:
452 903 664 954 Turoniae‚
689 903 817 945 Nobis
843 902 884 942 δι,
901 900 996 940 Sedi
1018 899 1194 954 Aposto-

205 959 294 1002 licae
306 985 320 1008 ,
335 973 487 1003 necnon
502 959 682 1003 Ministro
698 962 738 1001 δι
751 955 1034 1001 Commissario
1059 961 1194 1000 Gene-

204 1018 360 1059 ralibus
380 1016 734 1072 praedistiordinis
761 1015 1027 1067 obedientes,
1058 1015 1195 1061 sest-0,

201 1073 505 1130 opposuerunt,
537 1076 656 1118 variae
669 1074 954 1120 controversiae
974 1077 1016 1117 δι
1040 1076 1194 1118 discor·

199 1132 274 1175 diae
287 1142 435 1175 exortae
457 1132 612 1177 fuissent
631 1162 644 1176 .

319 1193 507 1247 Negotio
529 1191 752 1246 huiusmodi
778 1192 828 1234 ad
853 1192 1092 1249 Capitulum
1108 1221 1124 1243 ,
1153 1194 1200 1235 δε.

200 1247 387 1292 Diffinito
397 1251 500 1292 rium
522 1252 723 1295 Generale
746 1251 841 1294 dicti
856 1252 1020 1294 Ordinis
1036 1252 1191 1304 delato,

200 1308 227 1352 ὲ
247 1308 399 1363 Capitu
412 1308 455 1350 lo
490 1311 683 1354 Generali
697 1309 877 1366 ejusdem
890 1310 1054 1352 Ordinis
1085 1324 1188 1353 anno

201 1365 371 1423 praesato
393 1368 518 1416 1650.
535 1368 705 1412 inAlma
724 1371 832 1411 Urbe
849 1369 1082 1420 celebrato,
1096 1383 1185 1411 nec·

199 1439 279 1468 non
305 1425 467 1468 subinde
510 1428 535 1470 i
563 1426 672 1471 dieto
703 1426 953 1470 Diffinitorio
993 1427 1190 1471 Generali.

195 1492 493 1527 emanaverunt
508 1486 795 1529 Resolutiones
821 1488 861 1528 δι
883 1490 1103 1529 Decretum
1116 1501 1183 1529 re-

199 1539 370 1599 spedtive
385 1543 557 1592 tenoris,
578 1546 649 1600 qui
663 1545 858 1600 sequitur,
878 1546 1097 1588 videlicet:

311 1603 418 1644 Cum
434 1601 484 1642 ad
504 1603 744 1658 Capitulum
757 1605 961 1647 Generale
978 1631 993 1653 ,
1017 1605 1078 1647 vel
1103 1607 1187 1647 Ge-

197 1659 336 1702 nerale
353 1656 644 1704 Diffinitorium
665 1664 842 1717 spestet,
867 1677 912 1706 ea
938 1663 1189 1708 declarare)

195 1716 264 1760 vel
279 1717 452 1761 statuere
471 1746 486 1769 ,
502 1733 584 1775 quae
598 1723 648 1764 ad
667 1723 815 1764 bonum
842 1722 1067 1777 Religionis
1091 1737 1183 1776 per-

201 1776 332 1820 tinent
348 1787 589 1831 :propterea
601 1779 650 1821 ad
667 1780 911 1823 removenda
921 1795 965 1823 ea
980 1809 995 1831 ‚
1015 1795 1101 1834 quae
1115 1795 1186 1834 pa-

201 1847 290 1874 cem
303 1833 719 1887 tranquillitatemque
736 1833 890 1885 possunt
907 1837 1045 1888 aliquo
1060 1837 1184 1875 modo

199 1891 392 1942 turbare,
406 1891 445 1931 in
465 1889 630 1942 publico
645 1888 860 1932 refeetorio
888 1889 1002 1946 hujus
1032 1893 1185 1931 Roma-

199 1949 242 1991 ni
266 1947 533 1996 Conventus,
564 1946 818 2002 congregatis
836 1949 1020 1989 omnibus
1046 1951 1192 1989 Gene-

198 2003 296 2048 ralis
311 2003 490 2057 Capituli
502 2004 732 2047 vocalibus,
745 2002 766 2054 (
780 2004 849 2052 qui
863 2003 1026 2041 fuerunt
1043 2017 1183 2041 nume·

195 2074 245 2103 ro
260 2069 422 2103 centum
453 2059 618 2112 triginta
643 2056 851 2110 circiter)
874 2057 1079 2109 propositae
1092 2054 1183 2098 sue-

189 2129 292 2171 runt
306 2115 532 2173 singillatim
546 2114 677 2157 altera
691 2112 774 2171 post
786 2112 958 2155 alteram
985 2111 1188 2157 infrascri2

198 2183 278 2234 pta:
288 2173 588 2232 propositiones
603 2203 617 2215 .

310 2232 472 2277 Prima:
499 2234 562 2274 An
579 2232 598 2288 (
613 2229 813 2289 suppositi
839 2228 1000 2274 licentia
1023 2233 1181 2275 Summi

194 2291 400 2337 Pontificis
414 2292 432 2347 )
446 2290 495 2334 ad
520 2292 602 2333 haec
619 2293 736 2346 usque
749 2302 932 2344 tempora
948 2291 1180 2338 Generalis,

198 2366 292 2396 cum
307 2352 548 2394 auctoritate
568 2349 800 2393 Diffinitorii
815 2350 1036 2391 Generalis
1050 2376 1064 2398 ,
1081 2349 1182 2393 sem-

196 2424 267 2466 per
285 2409 625 2453 determinaverit
641 2409 803 2452 modum
818 2408 1103 2451 instituendi&
1121 2408 1184 2450 di-

200 2467 366 2513 videndi
383 2468 649 2521 Provincias,
671 2467 887 2524 assignandi
914 2469 953 2509 &
968 2468 1188 2511 terminan-

193 2527 232 2570 di
244 2521 416 2571 confinia
433 2529 448 2569 ἓ

306 2586 492 2629 Secunda
505 2599 518 2630 ε
531 2588 594 2630 An
611 2587 764 2645 semper
791 2585 994 2629 dierorum
1020 2588 1183 2628 patrum

190 2648 371 2688 Decreta
385 2641 532 2687 fuerint
559 2660 631 2701 per
648 2645 686 2689 se
703 2676 717 2699 ‚
749 2644 813 2688 vel
840 2660 911 2700 per
939 2645 1060 2686 alium
1083 2656 1172 2684 exe-

190 2704 341 2746 cutioni
362 2703 548 2746 mandata
562 2732 575 2754 ,
590 2705 658 2747 ubi
683 2708 706 2749 ὲ
722 2705 865 2746 saneta
879 2703 983 2745 Sede
1005 2705 1038 2743 A
1045 2699 1175 2755 posto-

165 2771 174 2778 '
187 2762 266 2804 lica
281 2761 400 2804 aliter
422 2776 499 2804 non
516 2761 641 2804 fuerit
658 2762 918 2804 ordinatum?

303 2819 445 2861 Tertia
462 2832 474 2860 :
489 2819 554 2860 An
570 2819 669 2860 sitin
684 2819 887 2873 posterum
915 2816 1061 2860 eodem
1086 2829 1172 2857 mo-

190 2877 246 2920 do
261 2874 563 2934 procedendum
582 2878 600 2918 ἓ

307 2933 413 2978 Data
438 2935 545 2991 prius
574 2933 767 2978 facultate
797 2935 1014 2991 unicuique
1044 2931 1176 2977 libere

188 2992 415 3096 istis&
432 2991 1174 3108 fissgssg‘i‘ssisse‘ssds'.figiiastiff'ssffiuffsif

189 3112 270 3165 ἂὲ,
284 3110 552 3165 Affirmative,
566 3112 724 3153 nemine
737 3111 893 3166 prorsus
906 3110 1174 3166 discrepante.

302 3172 487 3230 Qarto:
505 3171 594 3214 Fuit
608 3171 807 3226 proposita
833 3170 871 3211 in
887 3171 1030 3212 eodem
1046 3169 1171 3223 Capi-

189 3229 306 3279 tulo,
320 3239 364 3270 ut
379 3230 493 3285 supra
506 3256 520 3279 ,
541 3238 819 3284 congregato,
841 3229 922 3271 haec
938 3226 1171 3284 propositio,

189 3287 384 3332 videlicet
401 3317 414 3340 ‚
429 3289 652 3344 supposito,
672 3289 779 3343 quod
798 3290 840 3330 P.
855 3287 1067 3331 Generalis
1084 3316 1103 3337 ‚,
1127 3287 1167 3326 ὅτ.

190 3345 389 3389 Diffinitio
410 3347 626 3390 Generalis
646 3346 695 3390 ad
721 3349 801 3389 haec
818 3345 936 3403 uffiue
949 3357 1165 3400 tempora-2

192 3401 448 3448 decreverint
473 3406 888 3449 &determinaverint
913 3404 1076 3447 modum
1105 3405 1166 3445 in-

193 3460 378 3505 stituendi
389 3465 429 3505 &
441 3464 648 3508 dividendi
664 3465 913 3515 Provincias,
928 3466 966 3506 ὃς
979 3462 1166 3517 assignan-

193 3518 237 3560 di
261 3519 456 3564 confinia:
489 3526 530 3566 δε
553 3524 662 3580 quod
680 3522 905 3579 hujusmodi
920 3523 1163 3565 determina-

195 3578 322 3619 tiones
344 3577 491 3622 fuerint
515 3581 671 3637 semper
697 3582 925 3625 executioni
945 3580 1162 3630 mandatae,

191 3636 261 3679 nisi
278 3635 427 3678 aliter&
444 3640 582 3683 Sancta
598 3640 700 3684 Sede
715 3641 946 3698 Apostolica
976 3638 1166 3682 determi-

193 3703 330 3737 natum
347 3695 486 3738 fuerit:
498 3699 703 3751 Quaeritur
717 3699 1020 3754 consequenter,
1033 3708 1165 3741 utrum

193 3754 394 3797 Fratribus
410 3756 626 3811 Capucinis
640 3757 758 3800 liceat
773 3756 914 3814 (salvo
927 3771 1067 3800 eorum
1092 3757 1166 3798 sta-

190 3821 233 3855 tu
247 3813 266 3870 )
280 3813 328 3856 ab
342 3813 567 3871 hujusmodi
585 3817 768 3858 Decretis
782 3815 984 3873 appellare
996 3845 1008 3868 ,
1024 3815 1161 3872 appel·

1265 447 1344 475 non
1362 432 1799 484 modoidevolutivum,
1825 435 1892 476 sed
1906 437 1945 477 δι
1957 434 2237 493 suspenfivum,

1261 493 1466 547 praecipui:
1506 494 1807 536 interveniente,
1848 505 2050 550 praecepto
2089 498 2236 540 Sancta:

1258 551 1513 593 Obedicntiae
1529 581 1543 603 ‚
1567 552 1628 594 vel
1657 554 2073 597 excommunicatione
2094 555 2109 596 ἓ
2142 556 2239 614 Qfi

1256 607 1394 650 audita
1411 637 1424 660 ‚
1439 610 1529 664 post.
1541 611 1757 666 aliqualem
1773 613 1880 654 inter
1896 612 2067 655 Vocales
2092 610 2240 654 discus-

1253 668 1483 716 sionem2ab.
1495 668 1694 723 aliquibus
1711 672 1887 726 petitum
1898 669 1975 713 fuit
1991 682 2149 725 tempus
2162 670 2236 712 de-

1259 724 1486 772 liberandi,
1501 727 1540 767 &
1556 736 1597 765 ut
1614 741 1885 784 exponeretur
1907 729 2067 786 publice
2083 729 2121 770 in
2137 727 2236 770 scri·

1257 785 1337 841 ptis
1351 782 1458 825 dieta.
1469 783 1715 838 propositio..
1737 788 1859 847 Qod
1885 788 2108 831 concesium
2127 783 2230 829 fuit.

1254 847 1390 898 Atque
1405 841 1465 884 ita.
1476 842 1689 886 terminata
1716 843 1790 887 fuit
1817 848 1947 900 prima
1960 846 2067 890 seffio
2080 845 2147 887 die
2169 857 2236 899 14.

1245 901 1352 958 Junii
1374 899 1643 955 AnniJubilaei
1667 902 1787 949 1650.
1821 905 1896 946 Die
1911 908 2008 948 verb
2027 905 2091 947 16.
2109 916 2235 960 expo-¹

1250 962 1321 1003 sita
1350 958 1425 1000 fuit
1451 959 1489 998 δι
1515 957 1629 999 affixa
1654 960 1702 1002 ad
1730 961 1865 1003 valvas
1881 963 1956 1005 loci
1979 963 2228 1019 Capitularis

1252 1017 1435 1075 praediGta
1464 1016 1715 1072 propositio».
1742 1020 1919 1062 Subinde
1945 1022 2012 1064 die
2044 1021 2230 1076 sequenti

1253 1077 1335 1132 post
1353 1074 1531 1129 vesperas
1546 1105 1560 1126 ‚
1590 1078 1846 1132 congregatis
1860 1080 2045 1121 omnibus
2060 1079 2232 1122 Vocali-

1252 1139 1323 1180 bus
1338 1135 1374 1175 in
1389 1133 1582 1187 Capitulo
1599 1160 1612 1183 ,
1626 1134 1805 1179 concessa
1834 1137 1982 1179 iterum
1999 1137 2236 1182 facultate)

1251 1192 1468 1248 unicuique
1487 1191 1616 1235 libere
1632 1194 1850 1250 opinandi,
1875 1197 1916 1237 δι
1940 1195 2048 1238 suum
2075 1195 2233 1239 sensum

1250 1250 1479 1310 aperiendi,
1493 1252 1648 1294 vocatis
1663 1253 1847 1296 omnibus
1863 1255 2087 1298 Vocalibus
2103 1253 2238 1305 singil-

1249 1313 1576 1362 latim,consueto
1590 1310 1735 1353 ordine
1751 1312 2054 1354 Provinciarum
2070 1339 2085 1362 ‚
2097 1310 2238 1363 singuli

1249 1372 1341 1414 viva
1361 1383 1463 1412 voce
1485 1370 1782 1425 responderunt
1797 1370 2005 1425 negative3
2026 1370 2237 1417 videlicet,

1247 1444 1326 1472 non
1351 1426 1428 1471 esse
1453 1428 1587 1470 locum
1614 1429 1904 1484 appellationi:
1922 1428 2124 1477 maxime,
2148 1441 2235 1482 quae

1251 1489 1395 1530 habeat
1413 1486 1596 1529 effeetum
1610 1487 1874 1543 suspensivum
1887 1515 1902 1537 ,
1931 1489 2109 1542 exceptis
2124 1500 2174 1528 ex
2189 1485 2238 1527 il-

1250 1547 1300 1590 lis
1319 1556 1485 1589 centum
1502 1547 1690 1602 triginta,
1705 1547 1869 1589 circiter
1881 1548 1973 1587 oe'to
1994 1546 2058 1588 vel
2075 1545 2234 1587 decem:

1248 1620 1328 1648 non
1340 1605 1505 1662 quidem
1519 1604 1840 1648 dissentientibus
1863 1603 2045 1647 absolute
2061 1632 2076 1655 ,
2088 1604 2153 1646 sed
2171 1605 2235 1646 so-

1249 1665 1332 1708 ltim
1347 1678 1397 1706 ex
1411 1664 1544 1719 aliqua
1559 1664 1861 1707 circumstantia
1875 1692 1891 1705 ..
1916 1664 1965 1705 In
1985 1676 2157 1720 quorum
2183 1658 2235 1702 fi..

1253 1723 1347 1765 dem
1362 1724 1440 1765 διε.
1455 1726 1544 1765 Nos
1560 1720 1802 1779 infrascripti
1818 1722 1980 1780 propria
2006 1735 2125 1763 manu
2142 1719 2234 1763 sub·

1236 1781 1464 1834 ascripsimus
1474 1801 1491 1815 υ
1508 1782 1658 1822 Datum
1677 1784 1815 1823 Romae.
1826 1782 1894 1822 dre
1913 1795 1933 1821 2
1943 1779 2084 1834 5·Junii
2109 1779 2230 1825 1650·

1245 1839 1562 1884 F-Fortunatus,
1576 1837 1757 1876 Minister
1772 1837 2001 1876 Generalis.
2022 1834 2234 1876 F-Marcus

1246 1892 1470 1940 Antonius,
1484 1891 1730 1932 Procurator
1755 1891 1986 1934 Generalis.
2010 1890 2234 1945 122Simpli÷

1244 1950 1379 1991 cianus
1404 1949 1430 1991 a
1456 1946 1721 1998 Mediolano,
1749 1949 1956 1991 Diffinitor
1991 1949 2232 1992 Generalis,

1244 2007 1290 2042 Ε.
1305 2005 1482 2042 Carolus
1496 2005 1763 2043 Bruxeliensis
1779 2033 1793 2052 ‚
1810 2006 2014 2047 Diffinitor
2042 2010 2226 2047 Genera·-

1242 2056 1292 2096 lis
1315 2084 1327 2095 .
1354 2058 1399 2097 F.
1426 2056 1658 2099 Ludovicus
1684 2057 1705 2097 εὶ
1730 2057 2004 2110 Roffenhaim,
2021 2061 2229 2103 Diffinitor

1243 2112 1480 2156 Generalis.
1500 2114 1727 2169 F-Joannes
1743 2117 1763 2156 a
1776 2118 1919 2158 Monte
1936 2117 2121 2169 Calerio,
2138 2118 2229 2160 Dif-

1243 2171 1382 2214 finitor
1400 2173 1630 2214 Generalis·
1648 2175 1693 2215 F.
1709 2176 1989 2218 Bonaventura
2005 2176 2226 2219 'tolosanus

1245 2231 1456 2275 Diffinitor
1473 2232 1685 2274 Generalis
1698 2261 1710 2273 .

1359 2288 1468 2332 Cum
1489 2289 1509 2330 a
1523 2291 1720 2342 Capitulo
1738 2292 1931 2335 Generali
1959 2307 2087 2348 nuper
2104 2294 2228 2337 fuerit

1246 2348 1498 2391 declaratum
1514 2362 1595 2390 non
1613 2349 1740 2391 licere
1770 2351 1979 2393 Fratribus
1997 2352 2116 2394 nostri
2143 2355 2225 2394 Or·

1243 2408 1347 2448 dinis
1360 2407 1382 2462 ζ
1393 2403 1504 2448 salvo
1517 2419 1657 2448 eorum
1672 2408 1774 2449 statu
1790 2409 1809 2462 )
1831 2409 2036 2463 appellare
2051 2409 2100 2451 ad
2127 2409 2224 2451 effe-

1243 2468 1353 2506 {tum
1364 2463 1627 2519 suspensivum
1643 2464 1664 2505 :i
1681 2468 1864 2509 Decretis
1877 2466 1988 2508 fastis
2003 2481 2072 2520 per
2084 2469 2223 2510 Gene-

1243 2522 1370 2565 ralem
1384 2548 1398 2571 ,
1414 2524 1470 2564 de,
1484 2520 1673 2565 mandato.
1684 2523 1863 2577 Capituli
1887 2522 1968 2566 five
1985 2524 2219 2567 Diffinitorii

1246 2581 1459 2624 Generalis
1474 2581 1594 2636 super·
1605 2580 1731 2623 modo,
1743 2580 1961 2624 instruendi
1977 2582 2016 2621 &
2032 2581 2219 2624 dividen-

1241 2641 1283 2681 di
1298 2640 1529 2682 Provincias
1544 2666 1558 2688 ,
1571 2650 1693 2695 atque
1704 2637 1916 2696 assignandi
1941 2641 1980 2681 &
1993 2640 2215 2682 terminan-

1234 2697 1275 2739 di
1290 2697 1486 2746 confinia,
1501 2696 1712 2753 praesertim
1741 2698 2040 2741 interveniente
2069 2711 2217 2752 praece—

1236 2766 1308 2812 pto
1333 2759 1482 2800 Sanetae
1494 2757 1768 2806 Obedientiae,
1795 2756 1862 2799 vel
1895 2758 2217 2800 excommunica-

1233 2815 1368 2865 tione,
1400 2824 1613 2870 propterea
1627 2818 1767 2859 Patres
1790 2815 2050 2858 Diffinitionis
2077 2817 2214 2856 Gene-

1231 2874 1327 2917 ralis
1361 2873 1605 2916 censuerunt
1642 2873 1962 2930 prosequendam
1997 2871 2210 2913 executio—

1231 2947 1325 2977 nem
1339 2932 1505 2975 Decreti
1519 2933 1778 2974 Nannetensis
1792 2933 1867 2972 &c.
1879 2932 1918 2971 &
1933 2943 1982 2971 ex
1997 2927 2211 2970 abundan-

1233 2993 1263 3034 ti
1285 3021 1299 3042 ,
1314 2990 1524 3034 humiliter
1536 2991 1752 3045 petendam
1777 2988 1886 3031 dicia
1911 2986 2207 3029 Declarationis

1235 3045 1618 3092 confirmationem&
1644 3049 1786 3090 Sancta
1812 3045 1918 3090 Sede
1944 3043 2174 3101 Apostolica
2190 3073 2204 3095 ‚

1234 3107 1575 3164 &implorandum
1590 3119 1662 3161 pro
1674 3103 1847 3147 faciliori
1862 3103 1973 3146 illius
1999 3103 2206 3145 executio-

1235 3183 1284 3210 ne
1307 3167 1492 3209 auxilium
1507 3165 1657 3206 brachii
1683 3163 1877 3205 saecularis
1903 3164 1926 3206 a
1941 3162 2202 3204 Parlamento

1230 3226 1457 3274 parisiensi,
1471 3237 1622 3264 necnon
1642 3224 1690 3265 ab
1707 3221 1788 3278 ipso
1807 3221 1918 3277 Rege
1946 3219 2204 3264 Christianis-

1229 3286 1322 3327 simo
1339 3314 1350 3325 .
1377 3279 1597 3326 Succcsiive
1623 3278 1866 3324 mandarunt
1891 3306 1905 3328 ,
1927 3280 2040 3335 quod
2063 3278 2206 3334 expel-

1226 3346 1358 3386 lantur
1382 3344 1404 3385 a
1430 3339 1639 3383 Provincia
1671 3339 1892 3382 Turonensi
1919 3341 2079 3381 Fratres
2118 3337 2195 3379 Mi·

1225 3402 1339 3444 chael
1356 3403 1457 3448 Yvo,
1467 3401 1506 3440 &
1522 3397 1704 3453 Raphael
1717 3398 1982 3441 Nivernenstzs
1995 3425 2009 3447 ‚
2020 3395 2196 3450 AEgidius

1225 3457 1438 3506 Mosnensis
1455 3485 1469 3505 ,
1492 3459 1531 3498 δε
1546 3458 1723 3500 Hilarius
1749 3454 1999 3499 Pistavienfis
2023 3455 2100 3495 &c.
2132 3454 2194 3492 Ac

1223 3517 1442 3562 transmisso
1463 3518 1503 3557 in
1527 3514 1671 3558 dictam
1698 3516 1951 3558 Provinciam
1975 3511 2190 3554 Visitatore

1223 3576 1433 3620 necessaria
1451 3575 1686 3618 austoritate
1700 3573 1888 3621 suffulto,
1914 3585 1984 3626 per
2003 3583 2093 3611 eum
2115 3566 2191 3609 de-

1225 3638 1427 3685 claretur,
1449 3633 1516 3676 seu
1536 3633 1778 3688 significetur
1792 3659 1806 3681 ,
1833 3634 1870 3673 8c
1894 3629 2100 3670 intimetur
2112 3639 2186 3681 po-

1225 3696 1414 3738 stremum
1429 3692 1664 3748 Capitulum
1683 3695 1720 3736 in
1737 3690 1914 3735 Civitate
1929 3686 2110 3728 Blessensi
2122 3690 2191 3726 ce-'

1222 3754 1425 3797 lebratum
1440 3780 1453 3802 ,
1473 3751 1690 3794 invalidum
1706 3746 1814 3792 fuisse
1839 3748 1878 3787 &
1906 3744 2083 3796 nullum3
2099 3757 2190 3785 om-

1222 3816 1364 3868 nesque
1391 3810 1616 3854 Guardiani
1643 3810 1738 3853 olim
1766 3805 1883 3848 electi
1907 3803 1945 3845 in
1963 3802 2186 3916 Caggffljlo'
