2756 4074
513 186 569 241 z
1148 149 1804 238 Monumenta

450 309 533 357 tri,
553 305 592 346 &
618 301 736 345 Pauli
752 299 1040 359 Apostolorum
1067 297 1182 356 ejus,
1210 298 1250 340 se
1273 297 1439 345 noverit
2336 354 2338 356 Ι

452 361 700 407 incursurum
719 391 730 403 .
1498 359 1710 416 Exemplar
1736 359 2020 403 Autbenticum
2042 358 2089 401 in
2116 362 2292 405 Archino
2308 360 2495 420 generali

564 421 723 463 Datum
751 421 898 462 Romae
923 418 1029 476 apud
1058 418 1247 461 sanetum
1271 416 1442 461 Petrum
1562 421 1724 464 Ordinis
1751 416 1941 471 Armart'o
1962 421 2216 464 Documenta
2232 422 2486 468 Anthentica

448 480 566 525 Anno
609 478 912 522 lucarnationis
962 476 1183 521 Dominicae
1222 473 1439 519 millefimo
1553 476 1800 541 infasticulo
1812 479 1990 537 colligate
2009 492 2171 525 numero
2191 480 2260 535 35.

449 538 767 593 quingentesimo
799 535 1096 594 *septuagesimo
1120 542 1270 590 quarto
1296 534 1437 581 Pridie

450 600 558 641 Non.
574 595 674 655 Maji
689 624 704 649 ,
730 593 998 641 Pontificatus
1011 592 1150 640 Nostri
1162 594 1284 638 Anno
1298 594 1377 637 IV.

908 710 1039 758 Caesar
1053 710 1286 758 Glorierius
1299 741 1316 756 .

1188 834 1260 899 N
1349 833 1412 899 Ο
1502 828 1818 900 Τ’·Αζ’

558 982 644 1023 Uod
670 985 820 1022 nostram
845 984 936 1022 ultr·
950 993 1084 1021 montes
1100 982 1323 1031 propaginem
1338 982 1486 1029 Reginae
1499 982 1788 1021 Christianiffimse
1801 982 2020 1027 Catharinae,
2041 994 2080 1021 ac
2096 980 2214 1027 Regni
2237 979 2450 1022 Proceribus
2463 983 2501 1020 in

593 1034 741 1081 acceptis
751 1033 880 1073 tefam
891 1033 1078 1070 debeamus
1093 1060 1104 1077 ‚
1118 1033 1224 1070 docet
1237 1032 1387 1078 Regium
1399 1055 1413 1077 ‚
1429 1031 1526 1081 quod
1538 1032 1713 1081 subjicitur
1724 1034 2014 1077 ‚Documentum
2030 1055 2044 1076 ,
2056 1045 2130 1084 quo
2144 1033 2226 1069 Rex
2240 1032 2413 1069 Hernicus
2431 1033 2505 1078 ult

584 1084 718 1122 Summi
734 1082 917 1121 Pontificis
935 1081 1079 1119 confilio
1103 1081 1226 1119 aemuli
1240 1081 1367 1128 pietate
1378 1080 1512 1118 ncceffit
1523 1104 1536 1124 ,
1551 1082 1586 1119 8<
1601 1105 1613 1125 ‚
1624 1081 1709 1118 dum
1724 1080 1795 1117 Hic
1812 1080 2109 1126 &formationem
2125 1077 2276 1118 nostram
2298 1079 2344 1118 ad
2369 1085 2498 1119 omnes

448 1131 567 1171 mundi
583 1142 692 1180 partes
705 1132 912 1180 propagari,
933 1131 1076 1168 Litteris
1091 1129 1279 1180 praepofisis
1291 1131 1456 1168 conceffit
1469 1155 1480 1167 .
1497 1131 1560 1168 llle
1575 1141 1646 1168 eam
1660 1129 1826 1178 peculiari
1838 1129 1897 1169 sun
1908 1129 2128 1180 prote-,aione
2138 1126 2304 1170 monitam
2318 1129 2368 1168 nd
2379 1129 2496 1169 nnsis

451 1182 567 1229 Regni
581 1181 630 1218 sui
648 1182 720 1221 loca
732 1181 869 1220 extendi
883 1179 1045 1224 indulfis,
1059 1190 1097 1218 ut
1112 1179 1288 1230 sequitur:
1925 1208 1927 1210 ,
1966 1204 1969 1208 -
2155 1202 2158 1205 -
2181 1182 2196 1191 ”’
2320 1206 2323 1209 »

601 1303 806 1354 Henricus
832 1301 922 1354 Dei
949 1303 1092 1371 gratia
1123 1300 1311 1352 francie
1334 1333 1353 1358 ,
1377 1304 1432 1351 ἐς
1469 1297 1646 1350 Polont'ae
1673 1298 1776 1351 Rex
1801 1299 2006 1374 Omnibus
2025 1296 2299 1370 prestatibus
2316 1331 2334 1357 ,

1265 1369 1496 1439 &fleturis
1506 1372 1716 1439 salutem.
1947 1370 1951 1375 ’
2110 1400 2111 1403 =
2292 1382 2314 1409 ³<-

543 1502 641 1542 Inter
652 1516 692 1540 ea
706 1530 716 1543 ‚
741 1515 813 1553 qnae
826 1503 874 1542 ad
885 1501 1006 1551 Regia
1019 1500 1136 1561 nostra
1149 1499 1390 1552 majestatis,
1403 1498 1450 1536 ad
1460 1511 1563 1548 quam
1574 1525 1590 1547 ,
1614 1500 1702 1539 ‘Deo
1716 1508 1861 1546 vocante
1875 1525 1892 1546 ,
1914 1507 2027 1549 nuper
2042 1498 2227 1549 acceffmsus
2241 1521 2255 1538 ‚
2279 1506 2405 1535 munus
2419 1518 2434 1541 ‚
2456 1506 2499 1533 ae

438 1549 710 1600 fillicitudinem
724 1553 876 1603 spefiant
891 1576 904 1594 2
930 1550 1134 1601 Chrisiianae
1150 1575 1163 1596 ,
1186 1551 1231 1594 ὁ·
1256 1547 1440 1589 Catholicae
1462 1547 1659 1600 Religionis
1684 1551 1935 1588 incrementum
1962 1547 2058 1586 haud
2078 1549 2279 1596 ignoramus
2299 1545 2498 1597 potiffimum
2566 1587 2570 1589 Α

448 1611 468 1636 e
493 1613 530 1636 e:
556 1612 624 1649 qua
637 1601 734 1640 velus
745 1612 839 1639 certa
852 1629 863 1645 ‚
878 1600 997 1650 acsola
1004 1600 1134 1650 salutis
1144 1600 1205 1637 via
1219 1624 1231 1645 ,
1243 1599 1287 1636 ad
1301 1610 1420 1636 veram
1433 1597 1504 1636 Dei
1517 1600 1745 1649 cognitionem
1757 1598 1919 1637 ducimur
1934 1623 1948 1644 ,
1972 1598 2066 1635 acin
2075 1609 2116 1634 ea
2130 1596 2346 1633 continemur
2360 1621 2370 1631 .
2383 1592 2500 1651 Haufl

460 1648 524 1686 an?
536 1649 630 1687 Deus
641 1650 802 1700 Optimus
812 1650 988 1688 Maximus
1010 1649 1154 1698 benigni
1167 1648 1289 1688 Patris
1305 1646 1414 1698 instar
1429 1672 1443 1693 ,
1467 1648 1588 1699 nostris
1599 1647 1867 1698 infirmitatibus
1872 1650 1937 1696 suo
1950 1658 2102 1695 unquam
2115 1644 2248 1683 auxilio
2261 1643 2376 1692 defuit
2390 1657 2400 1685 ;
2425 1640 2499 1679 illus

439 1698 630 1749 praefirtim
641 1701 847 1748 temporibus
859 1724 872 1744 ,
899 1699 938 1736 in
952 1699 1077 1747 quibus
1097 1697 1224 1735 Santra
1239 1698 1322 1735 ‘Dei
1335 1697 1474 1746 Religio
1487 1721 1501 1741 ,
1525 1698 1696 1736 hominum
1710 1697 1773 1745 dis
1786 1698 2001 1734 arationibus
2013 1720 2026 1739 ,
2050 1708 2090 1734 ac
2109 1693 2339 1744 improborum
2362 1690 2500 1739 malitia

443 1745 607 1783 nonnihil
617 1747 803 1785 minuenda
814 1749 1003 1786 timebatur
1017 1760 1030 1789 3
1057 1746 1163 1786 Viros
1182 1750 1254 1785 tam
1280 1758 1409 1784 morum
1421 1746 1649 1796 fisnfiimonia
1662 1770 1677 1792 ,
1702 1757 1748 1795 qu
1773 1757 1804 1782 m
1827 1745 1981 1783 doctrina
2004 1743 2152 1796 illustres
2174 1744 2213 1780 in
2237 1753 2278 1779 ea
2294 1741 2471 1792 suscitans
2486 1751 2497 1775 =

439 1804 588 1842 quorum
594 1793 772 1841 preclaris
786 1799 868 1834 vitae
881 1796 1039 1844 exemplis
1051 1821 1066 1841 ‚
1090 1806 1195 1843 atquc
1209 1795 1454 1851 efficacioribus
1467 1797 1609 1833 monitis
1621 1797 1824 1833 aberrantes
1837 1794 1878 1830 in
1893 1794 2016 1833 refiiam
2033 1793 2162 1843 salutis
2177 1793 2272 1830 viam
2295 1801 2499 1829 revocaren-

443 1851 506 1879 tur
523 1866 537 1883 ,
563 1841 757 1888 autsaltem
770 1843 871 1877 intra
881 1853 992 1878 certos
1006 1845 1117 1887 legum
1129 1850 1293 1876 terminos
1304 1843 1593 1878 continerentur.
2195 1866 2201 1874 ,
2325 1854 2370 1888 .
2469 1873 2472 1876 .

539 1889 716 1938 Qniam
726 1887 809 1924 vero
821 1887 885 1922 hac
897 1888 1086 1935 tempestate
1098 1885 1235 1922 cunetas
1245 1884 1325 1931 fer?
1339 1888 1503 1933 antiquas
1516 1887 1655 1938 hareses
1666 1890 1845 1939 resurgere
1856 1915 1870 1936 ,
1896 1901 1938 1928 ae
1963 1889 2091 1928 iterum
2106 1887 2282 1938 pullulare
2304 1887 2496 1929 cernimus}

442 1939 551 1976 ‘Deus
563 1961 576 1981 ‚
599 1938 660 1984 qui
677 1936 823 1985 Ecclesia
834 1936 907 1985 suae
920 1946 1040 1972 curam
1052 1933 1148 1970 haud
1161 1931 1309 1980 negligit
1321 1957 1333 1976 ‚
1358 1945 1435 1970 cum
1446 1934 1624 1985 plerosque
1639 1939 1814 1987 Epist-opos
1826 1963 1841 1983 ‚
1866 1939 2026 1978 Doffores
2035 1961 2048 1982 ,
2063 1950 2103 1974 ae
2112 1937 2258 1973 ‘Divini
2271 1933 2382 1974 Verbi
2393 1935 2503 1974 Pra-

441 1997 539 2023 cones
553 2009 567 2028 ‚
592 1985 740 2021 homines
755 1994 891 2032 magnos
906 1983 1044 2017 virtute
1059 2003 1070 2020 s
1097 1981 1141 2021 ὁ·
1158 1979 1314 2016 ἄοῖῖνὶηα
1339 1980 1514 2031 excitaffet
1541 1995 1554 2022 ς
1579 1995 1655 2020 cum
1676 1985 1732 2019 his
1756 1997 1890 2032 quoque
1905 1985 2015 2022 Viros.
2031 1986 2163 2032 pietate
2178 2007 2192 2027 ‚
2216 1983 2407 2033 Religione
2419 1980 2445 2027 ,'
2458 1995 2499 2020 ac

444 2031 574 2083 Coelefli
586 2033 841 2082 conversatione
853 2028 998 2078 illustres
1009 2052 1022 2072 ,
1048 2036 1119 2063 tam
1132 2027 1324 2066 Saeculares
1333 2052 1347 2071 ,
1368 2028 1470 2076 quom
1485 2029 1891 2079 Religiosossufiitavit3
1916 2042 2021 2080 atque
2033 2033 2127 2069 inter
2141 2031 2199 2067 hos
2208 2032 2399 2080 prasertim
2412 2030 2502 2068 Fra-

443 2094 514 2121 tres
525 2104 539 2125 ‚
567 2081 628 2129 qui
636 2081 814 2131 'Caput-ini
827 2085 1076 2125 nuncupantur
1092 2089 1102 2118 ;
1129 2077 1281 2125 quicum
1301 2075 1450 2113 exaesam
1466 2101 1476 2117 ,
1502 2090 1542 2115 ac
1559 2079 1744 2127 perfeilam
1754 2079 1897 2130 Regula
1909 2083 1937 2120 S
1939 2081 2030 2117 anili
2039 2078 2217 2166 Francq‘ci
2239 2080 2499 2130 observantiam

439 2129 671 2182 profiteantur
683 2153 696 2173 ‚
720 2129 842 2168 multos
843 2127 920 2177 suis
930 2126 1012 2163 vitu
1024 2125 1182 2175 exemplis
1196 2150 1209 2171 ,
1236 2126 1306 2163 Dei
1317 2126 1502 2163 comitante
1507 2128 1629 2175 gratia
1639 2153 1652 2173 ,
1679 2128 1699 2165 ἃ
1710 2129 1814 2166 vitiis
1823 2130 2027 2180 abstrahunt
2040 2154 2053 2174 ,
2075 2130 2119 2172 ὼ·
2131 2141 2150 2166 a
2184 2129 2349 2179 pittatern
2361 2129 2486 2180 compel
2492 2150 2501 2161 ·

442 2181 524 2219 lunt
537 2205 547 2215 .
574 2178 734 2226 Dumque
746 2175 867 2228 affidue
881 2174 1078 2224 Psalmodiae
1087 2197 1100 2220 ‚
1119 2174 1270 2225 jejuniis
1282 2199 1294 2219 ,
1321 2175 1538 2213 orationibus
1552 2200 1566 2220 ,
1590 2189 1630 2214 ac
1644 2178 1777 2217 Divini
1790 2176 1899 2217 Verbi
1907 2180 2151 2229 praedicationi
2165 2178 2372 2216 incumbunt
2386 2191 2407 2220 '3
2434 2179 2503 2216 mi·

441 2241 486 2268 ra
498 2253 511 2273 ,
535 2239 575 2264 ac
589 2227 719 2276 majora
735 2228 831 2265 nobis
846 2224 1056 2276 inposterum
1072 2248 1086 2270 ,
1107 2225 1153 2261 ad
1169 2224 1315 2263 ‘Divina‘
1330 2221 1501 2263 Nominis
1507 2225 1657 2275 gloriam
1665 2253 1680 2273 ‚
1688 2227 1750 2275 sui
1758 2229 1972 2267 incrementa
1979 2227 2214 2278 polliceaturt
2225 2239 2300 2278 quae
2311 2227 2499 2277 exfaecunq

441 2278 488 2317 da
501 2287 575 2316 tum
590 2273 756 2314 Virorum
767 2299 780 2320 ,
803 2286 877 2314 tum
893 2274 1135 2312 Conventuum
1146 2273 1391 2324 propagatione
1401 2273 1473 2323 jam
1484 2275 1754 2325 perspefiafiunt
1768 2305 1777 2314 .

541 2326 625 2364 Hac
652 2326 789 2363 ratione
802 2349 816 2370 ,
840 2336 881 2360 ac
904 2321 1032 2372 consilio
1054 2322 1174 2360 dufius
1186 2347 1201 2368 ,
1223 2322 1451 2372 Sanfiiffi'mus
1467 2324 1526 2361 D.
1544 2323 1671 2376 Nosler
1685 2327 1877 2376 Gregorius
1892 2327 1996 2365 XIII.
2008 2327 2175 2376 Pontifex
2185 2327 2366 2366 Maximus
2379 2349 2394 2372 ,
2415 2325 2500 2370 dili·

437 2378 538 2427 genti
548 2375 646 2424 prius
661 2375 702 2411 de
727 2374 789 2411 hac
801 2386 839 2411 re
853 2373 1071 2421 inquisitione
1086 2372 1181 2421 fafiici
1200 2396 1214 2417 ‚
1239 2371 1282 2414 (θ’
1297 2371 1532 2423 colendissimae
1543 2374 1697 2413 Domina
1704 2401 1718 2420 ,
1744 2389 1784 2413 ac
1794 2377 1931 2415 Matris
1944 2376 2088 2425 Regina
2098 2401 2111 2421 ‚
2130 2375 2383 2426 multorumque
2394 2376 2498 2426 buius

440 2426 560 2476 Regni
575 2424 778 2472 Principum
790 2447 803 2468 ‚
829 2434 869 2459 ac
881 2421 1096 2470 Optimatum
1105 2420 1329 2472 postulatione
1353 2425 1525 2472 permotus
1537 2447 1551 2468 ‚
1569 2425 1746 2462 nonnullis
1753 2426 1908 2475 praefatae
1924 2427 2184 2475 Capacinorum
2195 2425 2392 2474 Religionis
2404 2422 2495 2468 Fra·

441 2477 557 2513 tribus
575 2498 584 2514 ,
610 2481 720 2521 nuper
741 2482 784 2509 ex·
795 2470 900 2510 Italia
914 2495 928 2515 ‚
952 2471 1014 2508 ubi
1022 2471 1139 2520 prima
1153 2470 1290 2509 illorum
1320 2471 1531 2510 undamenta
1543 2471 1729 2524 jaffasunt
1744 2499 1756 2520 ‚
1781 2476 1820 2511 in
1832 2475 1892 2513 hoc
1909 2475 2071 2524 Regnum
2087 2476 2211 2512 venire
2222 2475 2394 2524 permisit:
2412 2474 2495 2513 'im'e

442 2537 510 2574 quo
522 2520 797 2570 honorabiliffimi
810 2521 966 2558 ‘Domini
980 2545 993 2565 ‚
1017 2520 1061 2562 ὡ·
1076 2517 1215 2558 Fratris
1241 2532 1283 2556 no
1312 2523 1346 2557 ri
1361 2520 1481 2560 Caroli
1494 2518 1598 2561 Noni
1610 2523 1718 2572 Regis
1741 2534 1851 2575 nuper
1859 2525 2011 2574 defunfli
2035 2525 2055 2572 s
2069 2523 2168 2573 cujus
2183 2525 2301 2560 anima
2321 2525 2362 2559 in
2380 2531 2497 2572 paee»

439 2570 655 2622 requiescat)
676 2570 870 2619 patrocinio
889 2568 1002 2620 freti,
1023 2570 1099 2619 jam
1128 2568 1297 2607 nonnula
1315 2570 1476 2608 Coenobia
1490 2582 1551 2607 con
1577 2575 1725 2611 ruxe¹re=
1751 2586 1860 2612 unum
1869 2573 2058 2624 praesertim
2071 2574 2111 2608 in
2124 2572 2302 2610 Suburbio
2317 2573 2358 2610 S.
2371 2572 2476 2611 Hono
2486 2593 2499 2600 -

441 2624 515 2660 rati
533 2645 547 2665 ,
570 2619 685 2671 nostrae
698 2619 805 2656 vrbis
818 2618 1009 2670 Parisienfis
1022 2645 1032 2662 ‚
1053 2618 1158 2669 prop?
1165 2617 1338 2669 palatium
1349 2618 1495 2669 nostrum
1507 2632 1528 2656 a
1564 2622 1784 2660 Lacerariam
1799 2635 1808 2659 ε
1834 2624 1934 2660 aliud
1945 2625 1986 2660 in
1997 2623 2092 2671 Pago
2105 2621 2329 2670 Meudonenfi
2345 2621 2494 2659 LutetIae

437 2672 592 2721 proximo
608 2683 617 2705 ε
643 2679 718 2706 tum
729 2667 894 2705 verbalia
907 2668 974 2706 duo
990 2669 1030 2705 in
1049 2667 1270 2718 Lugdunensi
1279 2692 1292 2711 ,
1319 2669 1362 2710 &⁶
1375 2669 1607 2720 Avinionenfi
1617 2672 1772 2711 vrbibus
1783 2697 1798 2718 ,
1822 2674 1885 2711 ubi
1895 2672 2050 2723 plurima
2066 2672 2215 2708 omnium
2226 2668 2495 2718 adificationo,

443 2729 546 2769 atque
559 2716 715 2766 utilitate
729 2741 742 2761 ,
767 2719 858 2753 omni
863 2718 996 2767 pietate
1011 2716 1158 2753 Domino
1166 2716 1392 2766 famulantur
1409 2743 1420 2754 .

537 2768 758 2818 Qpropter
771 2765 852 2806 Nos
865 2766 999 2815 Regum
1011 2764 1290 2816 Praedecefforum
1307 2766 1493 2816 nostrorum
1504 2767 1647 2818 vestigia
1651 2769 1819 2818 set-'lantes
1829 2795 1842 2815 ‚
1854 2773 1916 2820 qui
1928 2779 2003 2809 cum
2016 2770 2063 2808 ad
2076 2769 2274 2819 Religionis
2289 2767 2492 2820 Christiana

443 2829 511 2853 non
522 2817 616 2855 modo
624 2816 913 2865 conservationem
928 2839 939 2860 ‚
963 2815 1084 2853 vertam
1095 2816 1199 2853 etiam
1213 2817 1492 2865 propagationem
1502 2839 1516 2860 ,
1542 2830 1582 2854 ac
1601 2817 1796 2867 ampliorem
1806 2821 1937 2858 Divini
1948 2818 2115 2859 Nominis
2143 2820 2274 2858 cultum
2295 2817 2374 2856 olim
2393 2817 2494 2867 opes,

441 2868 617 2914 vitamque
639 2864 879 2909 contulerint,
900 2873 973 2914 pree
998 2865 1153 2902 omnibus
1171 2865 1378 2915 Christianis
1391 2865 1630 2912 Principibus
1645 2867 1920 2918 Christianiffimi
1931 2894 1940 2909 ,
1964 2870 2008 2911 &⁶
2024 2868 2172 2920 Ecclesia
2186 2867 2418 2916 Primog‘eniti
2426 2864 2494 2917 fibi

439 2927 558 2953 nomen
570 2912 780 2962 titulumque
792 2922 1037 2961 compararunt
1050 2926 1060 2950 :
1087 2913 1142 2949 Re
1155 2914 1495 2965 consultastatuimus
1511 2937 1526 2958 ,
1550 2914 1677 2962 eosdem
1691 2913 1832 2954 Fratres
1844 2917 2034 2957 Aninores
2047 2920 2090 2952 in
2100 2916 2205 2967 nostri
2214 2913 2413 2965 patrocinii
2426 2922 2495 2953 eu-

432 2964 577 3015 stadium
592 2965 742 3010 recipere
754 2987 767 3005 ,
793 2963 909 3011 eosque
921 2962 1044 3009 Regiis
1055 2961 1175 3012 nostris
1187 2962 1303 3000 literis
1321 2965 1456 3001 munire
1467 2990 1477 3000 .

543 3012 773 3063 Qamobrem
785 3010 916 3048 cunfiiic
930 3021 1046 3048 notum
1050 3012 1095 3061 fit
1107 3035 1120 3054 ‚
1147 3010 1226 3049 Nos
1239 3012 1327 3059 hisce
1337 3012 1380 3048 de
1389 3013 1491 3062 causis
1502 3037 1514 3055 ,
1539 3021 1643 3060 atque
1657 3012 1737 3050 aliis
1749 3039 1764 3058 ‚
1789 3024 1863 3062 quae
1874 3015 2026 3051 animum
2037 3013 2185 3064 nostrum
2197 3020 2337 3051 movent
2350 3037 2364 3058 ,
2377 3022 2488 3050 tum.»

442 3073 479 3098 eo
493 3059 635 3098 maxime
648 3087 658 3102 ‚
685 3059 776 3108 quod
785 3056 865 3096 Nos
875 3059 1084 3110 Populosque
1093 3057 1208 3100 Nobis
1210 3059 1375 3109 subjeffos
1389 3084 1401 3103 ‚
1424 3060 1661 3108 pradiffiorum
1688 3061 1852 3101 Fratrum
1875 3062 2107 3102 Orationibus
2126 3061 2345 3100 adjuvandos
2363 3062 2488 3110 spera·

441 3122 513 3147 mus
529 3134 540 3152 ,
566 3109 667 3147 diflos
695 3107 837 3146 Fratres
862 3107 1055 3155 Capucinos
1082 3118 1294 3155 nuncupatos
1307 3109 1466 3146 Minores
1482 3110 1632 3148 Ordinis
1645 3111 1767 3149 Sanffi
1775 3109 1953 3159 Francisci
1970 3136 1984 3156 ‚
1998 3110 2103 3160 simul
2121 3123 2196 3148 cum
2211 3122 2325 3148 eorum
2335 3110 2489 3168 wopa.

433 3158 549 3208 sleriis
560 3184 572 3205 ,
600 3159 766 3195 Domibus
779 3181 793 3199 ‚
820 3156 1096 3204 Congregatione
1108 3184 1121 3203 ,
1137 3158 1180 3201 ἀγ
1191 3157 1337 3194 familia
1350 3158 1505 3195 :demum
1517 3171 1732 3208 quaecumque
1745 3160 1792 3196 ad
1802 3173 1855 3205 eos
1857 3160 2026 3209 spefiant,
2028 3159 2176 3209 speciali
2189 3158 2383 3210 Privilegio
2395 3152 2487 3208 ‚pfe-

440 3219 487 3243 na
497 3208 654 3259 potestate
666 3230 680 3251 ,
705 3219 745 3243 ac
757 3205 873 3254 Regia
886 3204 997 3254 nostra
1009 3207 1213 3245 aufioritate
1228 3209 1266 3243 in
1276 3206 1480 3257 nostram&
1489 3205 1720 3258 Succeffiarum
1733 3206 1938 3262 Nostrorum
1950 3208 2084 3257 Regum
2094 3208 2327 3258 patrocinium
2342 3232 2354 3252 ,
2367 3209 2419 3251 ὠ·
2431 3212 2487 3247 tu·

441 3256 542 3294 telam
557 3282 571 3302 ‚
592 3266 654 3305 per
677 3255 738 3292 has
770 3255 898 3341 nylras
919 3254 1030 3301 Regio
1057 3256 1164 3306 nostro
1191 3255 1428 3305 Chirographo
1450 3255 1643 3304 obfirmatas
1668 3256 1790 3294 literas
1809 3256 1975 3309 afferusffe
1987 3281 2002 3304 ‚
2026 3267 2131 3307 atque
2155 3254 2354 3309 adfiripstffe
2362 3281 2378 3303 ,
2392 3253 2482 3308 fierit

439 3306 482 3347 (θ’
495 3304 667 3357 afferimus
680 3328 695 3348 ‚
719 3304 763 3346 (θ’
774 3315 794 3339 a
811 3304 998 3354 scribimus
1011 3330 1021 3340 .
2445 3328 2448 3330 .

538 3352 764 3401 Volumusque
776 3375 790 3396 ‚
814 3363 919 3400 atque
933 3354 986 3390 ita
1003 3354 1099 3390 nobis
1108 3354 1222 3403 placet
1236 3379 1249 3400 ‚
1271 3364 1313 3392 ut
1332 3354 1369 3390 hi
1388 3356 1503 3392 omnia
1515 3379 1528 3398 ,
1553 3367 1593 3392 ac
1606 3355 1743 3404 singula
1766 3355 1863 3401 loca,
1884 3367 1962 3404 quae
1982 3355 2142 3394 haetenus
2154 3380 2166 3401 ‚
2191 3365 2265 3393 tum
2284 3353 2309 3392 ἃ
2325 3354 2484 3405 pretias·

395 3426 397 3428 v
437 3404 588 3441 Domino
598 3427 611 3447 ,
633 3403 678 3444 ὠ·
690 3401 816 3440 Fratre
828 3401 957 3452 Noslro
971 3426 986 3448 ,
1010 3412 1084 3441 tum
1108 3404 1128 3439 ὰ
1144 3405 1290 3454 praefata
1306 3403 1456 3440 Domina
1469 3429 1482 3449 ,
1507 3405 1550 3447 &¹
1565 3406 1686 3443 Matre
1699 3403 1830 3456 Nostra
1842 3428 1855 3449 ‚
1878 3405 2072 3443 liberaliter
2085 3431 2097 3451 ‚
2123 3415 2226 3455 atque
2244 3403 2483 3454 'eleemosyna-2

437 3454 507 3492 illis
524 3449 689 3502 conceffa;
717 3450 760 3492 ὠ·
775 3463 989 3501 quacumque
997 3451 1066 3501 post
1087 3452 1153 3490 haec
1166 3463 1237 3489 tam
1254 3449 1398 3491 uNobis
1413 3478 1426 3497 ‚
1452 3453 1554 3502 quam
1567 3453 1589 3490 ἃ
1602 3453 1814 3502 quibuslibet
1825 3453 1906 3490 aliis
1927 3455 1974 3490 ad
1987 3454 2145 3505 Ecclestas
2157 3460 2172 3502 ,ᾖ
2197 3454 2320 3491 Domos
2334 3479 2346 3498 ‚
2371 3453 2482 3493 &Wa-

438 3504 585 3553 nasteria
597 3525 610 3545 ‚
637 3501 890 3538 Habitationes
904 3527 917 3546 ‚
942 3500 1102 3552 Claustra
1114 3501 1312 3550 aedificanda
1327 3502 1372 3537 iis
1384 3501 1577 3539 liberaliter
1591 3503 1718 3541 donata
1723 3504 1866 3552 fuerint
1876 3529 1889 3549 ‚
1916 3505 2066 3552 recipere
2087 3527 2098 3550 ,
2121 3504 2272 3542 retinere
2284 3527 2296 3548 ‚
2327 3514 2430 3552 atque
2442 3505 2481 3544 in

439 3552 490 3588 his
504 3551 610 3590 libere
624 3574 636 3594 ‚
661 3550 836 3599 &absque
848 3551 1075 3600 controversia
1088 3551 1268 3588 habitare:
1295 3548 1463 3599 AEdificia
1476 3577 1489 3596 ,
1516 3552 1678 3590 Coenobia
1690 3577 1702 3596 ‚
1717 3553 1760 3594 ὡ·
1771 3554 1973 3591 Conventus
1989 3565 2093 3591 novos
2108 3552 2297 3604 construere
2311 3577 2321 3593 ,
2337 3554 2471 3590 Divinr

440 3602 477 3635 in
491 3602 540 3636 his
553 3601 673 3651 Officia
682 3599 874 3651 persolvere
885 3625 898 3643 ‚
925 3597 1047 3651 Miffas
1060 3601 1231 3637 celebrare
1243 3623 1257 3645 ‚
1281 3601 1322 3636 in
1334 3600 1485 3651 Ece'lefiis
1494 3601 1683 3648 pradicare
1695 3627 1706 3642 ,
1730 3611 1835 3650 atque
1845 3601 1916 3638 alia
1929 3601 2119 3651 hujusmodi
2139 3603 2183 3638 in
2201 3611 2274 3641 ,toto
2288 3602 2397 3653 noslro
2407 3599 2480 3647 84·

435 3662 503 3697 gno
516 3676 527 3691 ‚
552 3663 588 3685 ac
602 3651 803 3689 Provinciis
816 3651 914 3687 nobis
927 3648 1090 3700 subjeb‘iis
1101 3674 1115 3692 ‚
1132 3648 1321 3698 ficundum
1335 3650 1456 3688 Sauria·
1468 3650 1647 3698 Francisci
1657 3650 1828 3699 Regulam
1837 3675 1850 3696 ,
1877 3650 2134 3701 laudabilesque
2148 3650 2286 3689 illorum
2298 3650 2477 3700 carduetu-

441 3699 539 3733 dines
561 3708 713 3738 exercere
739 3699 881 3738 valeant
891 3723 902 3735 .
931 3701 1071 3749 Insuper
1096 3699 1253 3736 volumus
1277 3711 1331 3736 eos
1343 3699 1459 3749 iisdem
1471 3699 1678 3747 Privilegiis
1689 3725 1702 3745 ,
1728 3698 1932 3749 FranchifiIs
1945 3724 1958 3743 ,
1983 3699 2205 3746 libertatibus
2221 3725 2236 3746 ‚
2259 3714 2299 3738 ac
2317 3701 2478 3737 immuni-

439 3746 573 3781 tatibus
581 3745 659 3799 frui
669 3773 679 3789 ‚
703 3761 787 3796 quas
801 3747 879 3787 Nos
893 3775 904 3794 ‚
930 3759 994 3786 aut
1004 3748 1160 3796 praediiii
1174 3745 1278 3798 noslri
1289 3746 1522 3799 Anteceffores
1533 3748 1644 3796 Reges
1662 3773 1675 3794 ‚
1701 3747 1996 3798 caeterispraediffl
2008 3749 2156 3787 Ordinis
2167 3750 2289 3792 §arieli
2300 3746 2477 3798 Francisei

439 3790 612 3841 Religiosts
628 3797 827 3845 conceffimus
844 3811 854 3835 ε
879 3797 1049 3849 nonsecigs
1059 3823 1071 3841 ,
1087 3798 1223 3846 quamsi
1232 3795 1321 3846 ditia
1333 3796 1545 3847 Privilegia
1561 3798 1616 3847 bic
1624 3798 1823 3849 specialiter
1833 3824 1846 3842 ‚
1871 3808 1911 3836 ac
1923 3799 1963 3836 de
1978 3801 2081 3838 verbo
2095 3799 2142 3836 ad
2155 3800 2298 3837 verbum
2306 3798 2478 3899 ἔφησὺ

2294 3858 2312 3883 θ
2338 3857 2398 3885 etl!
2412 3870 2424 3888 2
