2592 4094
465 228 645 340 3146

391 374 558 428 Altare
609 370 809 440 Capellae'
837 372 884 419 S.
916 365 1160 433 Magaritae
1206 366 1252 414 in
1284 369 1367 414 Ec-

461 441 595 494 clefia
623 440 801 493 Domus
822 442 1032 486 Fratrum
1058 437 1188 504 Dola
1211 437 1255 485 in
1269 453 1369 508 per-

461 528 653 584 petuum
667 507 930 578 privilegiat
940 539 955 556 .

389 613 793 707 CLEMENS
859 651 1033 701 PAP
1068 652 1117 700 A
1182 649 1372 700 VIII.

553 778 622 822 Ad
633 777 830 838 saturam
849 779 911 824 rei
934 777 1186 822 memoriam-⁴

521 896 557 939 E
580 895 759 940 oninium
787 895 912 941 salute
938 893 1276 940 christifidelium
1293 908 1368 951 pa-

544 954 660 997 terna
686 955 888 999 charitate
922 955 1071 998 intenti
1096 956 1202 999 inter
1234 954 1371 997 multi-

385 1017 508 1070 plicia
523 1014 688 1070 pietatis
717 1013 848 1058 officia
863 1044 877 1067 ,
909 1028 995 1072 quae
1011 1017 1097 1058 Nos
1117 1029 1192 1071 pro
1207 1027 1374 1057 munere

385 1071 523 1116 nostro
540 1074 734 1118 convenit
755 1086 947 1118 exercere
981 1102 994 1125 ,
1012 1071 1119 1116 sacra
1132 1072 1375 1117 interdum-a

387 1129 480 1174 loca
506 1129 667 1186 speciali
685 1133 900 1188 privilegio
929 1132 1193 1186 decoramus,
1222 1130 1378 1174 utfide-

386 1190 486 1233 lium
518 1191 741 1235 animarum
769 1191 883 1250 saluti
913 1191 1084 1248 amplius
1112 1191 1377 1236 consulatur:

385 1247 570 1293 volentes
595 1250 730 1307 itaque
764 1250 983 1295 Eeclefiam
1014 1250 1166 1294 Domus
1190 1253 1376 1294 Fratrum

385 1307 693 1361 capucinorum
709 1308 857 1364 Oppidi
890 1309 1016 1359 Dolae,
1038 1309 1247 1353 Bisuntinae
1263 1309 1379 1351 Dioe-

387 1365 482 1408 cefis
497 1393 512 1417 ,
539 1365 650 1408 fimili
666 1368 867 1424 hucusque
881 1370 1097 1425 privilegio
1113 1366 1280 1411 minime
1296 1368 1369 1410 de·

385 1423 746 1481 coratam,speciali
763 1427 978 1483 privilegio
994 1443 1067 1485 pro
1084 1426 1266 1471 fidelium
1281 1427 1370 1469 ani-

383 1496 539 1526 marum
557 1482 681 1528 salute
706 1483 894 1540 infignire
910 1515 924 1538 ,
944 1487 985 1530 δι
1002 1488 1039 1529 in
1056 1501 1102 1530 ea
1119 1486 1282 1538 Altam,
1297 1485 1366 1529 seu

383 1541 600 1597 Capellam
618 1545 768 1586 Sanstae
796 1547 1026 1602 Margaritae
1052 1578 1066 1600 ‚
1089 1549 1369 1594 auctoritate,

391 1600 525 1643 Nobis
547 1600 570 1643 a
604 1601 780 1643 Domino
796 1604 945 1647 tradita
961 1606 1038 1657 ,de
1070 1606 1372 1663 Omnipotentis

384 1658 467 1700 Dei
491 1658 793 1712 misericordia,
825 1676 867 1703 ac
899 1666 1118 1708 Beatorum
1151 1667 1267 1709 Petri
1294 1695 1309 1717 ,
1341 1667 1382 1706 δι

383 1715 498 1759 Pauli
516 1719 803 1774 Apostolorum
822 1720 909 1777 ejus
942 1725 1185 1768 auctoritate
1218 1723 1381 1775 contin,

379 1776 672 1823 concedimus,
705 1787 750 1816 ut
781 1781 1120 1833 quotiescumque
1149 1784 1200 1822 ab
1237 1783 1377 1833 aliquo

381 1830 626 1882 Sacerdote,
642 1831 808 1873 Ordinis
827 1835 1132 1890 Capucinorum
1150 1836 1380 1887 dumtaxat,

383 1887 497 1930 Missa
522 1889 809 1934 Defunt‘torum
826 1892 875 1935 ad
896 1892 1043 1937 Altare
1066 1895 1298 1950 praeditstum
1313 1905 1380 1935 ce·

383 1947 610 1993 lebrabitur
635 1964 709 2005 pro
721 1951 852 1995 anima
884 1950 1072 2008 cujusque
1089 1951 1247 2004 fidelis,
1278 1966 1366 2009 quae

381 2008 476 2048 Deo
489 2009 529 2049 in
546 2010 750 2053 charitate
775 2008 988 2059 coniuncta
1011 2012 1062 2049 ab
1086 2012 1158 2050 hac
1176 2013 1268 2049 luce
1298 2009 1373 2047 mi-

382 2065 564 2115 graverit
582 2090 596 2109 ‚
617 2063 697 2114 ipsa
728 2062 780 2100 de
814 2060 1003 2099 thesauro
1020 2058 1208 2100 Ecclesia:
1239 2057 1376 2098 indul-

387 2119 566 2173 gentiam
583 2117 806 2172 plenariam
823 2114 1119 2172 consequatur3
1147 2117 1204 2160 ita
1227 2124 1270 2157 ut
1290 2117 1377 2158 Do·

382 2177 481 2219 mini
499 2176 636 2218 Nostri
656 2174 749 2232 jesu
763 2174 917 2219 Christi
931 2201 948 2223 ,
967 2188 1015 2219 ac
1030 2174 1266 2218 Beatiffimae
1293 2173 1373 2227 ejus

382 2235 610 2279 Genitrieis
645 2235 823 2287 Virginis
846 2233 985 2279 Mariae
1009 2261 1023 2283 ‚
1051 2237 1367 2285 Sanctorumque

385 2293 542 2335 meritis
573 2293 655 2336 illis
673 2292 976 2346 suffragantibus
999 2295 1023 2338 ὲ
1039 2291 1268 2346 Purgatorii
1287 2303 1379 2345 poe-

383 2351 444 2393 nis
463 2351 660 2393 liberetur
677 2381 687 2391 .

411 2403 415 2405 “
505 2410 657 2450 Datum
677 2409 819 2448 Romae
846 2402 951 2459 apud
967 2405 1155 2447 Sanctum
1173 2408 1381 2448 Petrum„

383 2465 455 2509 sub
501 2465 672 2508 Annulo
712 2462 928 2505 piscatoris
963 2465 1034 2507 die
1067 2463 1228 2508 decima
1269 2464 1367 2519 Julii

383 2540 422 2568 ιιι
444 2541 471 2567 r>
487 2538 509 2566 x
528 2538 553 2566 c
572 2537 588 2565 1
607 2537 646 2567 x.
679 2518 948 2567 Pontificatfis
988 2523 1090 2570 vero
1116 2523 1239 2581 nostri
1267 2536 1377 2567 anno

388 2586 537 2626 octavo
553 2611 564 2623 .

390 2701 694 2757 Amograpbum
708 2702 752 2745 in
768 2701 944 2747 Archivo
960 2702 1203 2745 Camenas:

387 2937 1374 3068 LeggfflbggffieffiaugPffffiffl

459 3079 486 3126 ὲ
521 3079 682 3127 Nobili
707 3079 910 3131 Claudio
949 3084 1098 3132 Lunet
1130 3082 1377 3132 relietum,

463 3149 691 3207 remittit,
721 3148 769 3201 ἃ
796 3150 952 3201 debito
980 3157 1107 3217 juxta
1128 3157 1190 3202 R.
1212 3155 1262 3202 P.
1285 3152 1379 3200 Mi-

457 3215 582 3266 nistri
605 3221 844 3268 Generalis
876 3219 1093 3274 assensum
1109 3258 1125 3282 ‚
1153 3217 1375 3273 solutione

459 3288 587 3338 mille
625 3284 863 3338 scutorum
889 3289 1112 3345 duntaxat
1147 3329 1165 3354 ,
1205 3290 1376 3344 satisfa-

456 3357 586 3410 &um
604 3355 689 3407 effe
707 3358 906 3411 declarat
920 3397 934 3413 .

391 3500 852 3558 URBANUS
913 3507 1131 3557 PAPA
1183 3506 1380 3555 VIII.

556 3628 628 3675 Ad
634 3637 867 3687 perpetuam
884 3635 944 3675 rei
962 3634 1184 3678 memoriam
1203 3660 1220 3686 ,

513 3757 648 3811 Xponi
674 3761 802 3804 Nobis
833 3774 961 3816 nuper
985 3763 1081 3808 fecit
1105 3762 1275 3806 diledtus
1307 3763 1375 3806 Fi-

394 3756 492 3875 E
520 3812 600 3857 lius
613 3843 627 3868 ,
645 3819 842 3867 Claudius
855 3823 986 3866 Lunet
1001 3855 1018 3885 ³,
1034 3822 1181 3868 nobilis
1200 3819 1373 3882 Bisunti7

1059 215 1710 307 Provincia

1428 379 1499 409 nus
1514 393 1531 415 ,
1548 363 1612 407 seu
1629 363 1797 407 alterius
1832 361 2032 407 Dioecesis
2045 392 2060 417 2
2073 367 2181 422 quod
2205 367 2296 413 alias
2316 368 2416 414 dile.

1429 427 1517 472 &us
1545 425 1671 469 etiam
1693 423 2059 472 Filiu52Gratianus
2076 426 2248 470 similiter
2262 431 2412 480 Lunet,

1432 484 1520 541 ejus
1536 486 1679 527 Frater
1692 511 1707 535 ,
1719 483 1926 540 postquam
1951 483 2145 526 Habitum
2161 497 2231 539 per
2247 487 2412 530 Fratres

1432 545 1641 587 Minorum
1673 541 1803 585 saneti
1835 541 2036 584 Francisci
2080 542 2420 598 Capucinorunh'

1432 610 1757 657 nuncupatorum
1796 599 1945 655 gestari
1981 599 2142 644 solitum
2170 601 2423 657 susceperat3

1431 661 1471 703 in
1497 663 1585 702 actu
1605 659 1815 702 emiffionis
1855 658 2106 714 professionis
2135 661 2420 716 pereosdenu

1429 722 1594 763 Fratres
1608 719 1740 762 emitti
1764 731 1842 760 con
1852 715 1973 762 suetae
1989 745 2003 767 2
2023 716 2137 760 suum
2161 718 2346 762 condens
2362 727 2426 769 tes

1427 779 1663 826 stamentum
1688 804 1702 827 ,
1750 777 1981 833 praedictum
2010 776 2230 820 Claudium
2257 775 2421 820 suorum

1432 838 1632 882 bonorum
1659 835 1866 880 haeredem
1881 835 2049 880 instituit
2066 865 2079 888 ,
2105 849 2197 877 cum
2213 834 2423 878 conditio-¹

1433 906 1568 944 neaut
1594 895 1697 939 ultra
1716 895 1845 939 multa
1876 896 1954 938 alia
1979 895 2196 953 legata,&
2221 906 2346 937 onera
2380 894 2418 937 ei

1437 956 1611 1013 injuneta
1626 981 1640 1003 a
1652 954 1734 997 duo
1751 953 1878 997 millia
1897 953 2105 999 scutorum
2121 954 2207 996 auri
2224 953 2421 995 Domibus

1435 1014 1716 1071 Regularibus
1751 1013 1992 1057 eorumdem
2024 1017 2211 1057 Fratrum
2236 1011 2427 1067 Oppido-

1438 1088 1525 1118 rum
1541 1073 1749 1117 salinensis
1768 1101 1782 1123 2
1815 1074 1856 1114 δι
1871 1071 2186 1119 Ροηῑὶίῐιῐίεηίῐε,
2204 1071 2420 1113 Bisuntinae

1439 1132 1632 1178 Dioecefis
1645 1131 1879 1188 persolvere
1902 1138 2127 1175 teneretur.
2142 1131 2250 1172 Cum
2268 1139 2422 1180 autem,

1439 1193 1539 1236 ficut
1555 1190 1698 1235 eadem
1715 1191 1908 1246 expolitio
1923 1189 2206 1245 subjungebat,
2224 1188 2423 1230 Claudius

1440 1250 1626 1311 praefatus
1641 1250 1832 1293 summam
1848 1249 1906 1290 bis
1935 1248 2046 1291 mille
2061 1245 2267 1289 scutorum
2287 1245 2428 1302 hujus-⁴

1442 1309 1552 1355 modi
1580 1309 1727 1365 absque
1765 1307 1935 1351 notabili
1964 1310 2035 1350 suo
2051 1305 2302 1349 detrimento
2326 1311 2427 1361 per-'

1439 1370 1600 1413 solvere
1626 1375 1826 1424 nequeat,
1851 1365 1919 1409 sed
1945 1366 2080 1422 legata
2111 1361 2336 1419 hujusmodi
2350 1375 2425 1419 pro

1429 1428 1584 1473 summa
1600 1430 1814 1472 dumtaxat
1837 1425 1954 1469 mille
1968 1423 2197 1471 scutorum,
2218 1421 2425 1472 similium,

1428 1489 1521 1539 ubi,
1555 1490 1595 1530 &
1624 1501 1716 1529 cum
1735 1485 1912 1541 primum
1938 1498 1988 1526 ex
2018 1492 2136 1539 parte
2160 1480 2300 1523 dilecti
2327 1478 2421 1522 Filii

1431 1543 1886 1590 MinistriProvincialis
1916 1542 2142 1585 Provinciae
2172 1537 2420 1593 Burgundiae

1441 1610 1626 1651 Fratrum
1642 1602 1918 1662 praediCtorum
1945 1601 2154 1657 requifitus
2169 1598 2309 1649 suerit,
2334 1610 2427 1653 per-

1441 1667 1597 1711 solvere
1630 1673 1794 1720 paratus
1821 1662 1891 1704 fit:
1906 1670 2028 1716 atque
2043 1659 2095 1702 ad
2112 1661 2190 1701 hoc
2205 1657 2340 1698 dileeti
2354 1655 2425 1698 Fi-

1441 1727 1485 1769 lii
1499 1722 1666 1768 Ministri
1693 1720 1908 1766 Generalis
1936 1716 2113 1776 ejusdem
2139 1719 2324 1759 Fratrum
2359 1727 2430 1756 ex-

1441 1783 1589 1836 pressus
1602 1780 1772 1819 accedat
1787 1778 1978 1823 assensus,
2017 1775 2147 1816 Nobis
2175 1783 2428 1827 propterca.»

1443 1836 1656 1882 humiliter
1675 1831 1889 1890 supplicari
1923 1829 2020 1871 fecit
2042 1830 2172 1871 dietus
2200 1829 2424 1880 Claudius,

1473 1905 1638 1938 uatenus
1654 1891 1719 1935 fibi
1734 1891 1926 1946 desuper,
1942 1897 1988 1932 ut
2003 1885 2134 1935 infra,
2163 1884 2437 1943 indulgere-,¹4

1444 1913 1499 1999 de
1516 1951 1771 2007 benignitate
1786 1944 2018 2004 Apostolica
2040 1943 2322 2001 dignaremur.'
2420 1986 2421 1989 ,

1555 2014 1643 2052 Nos
1656 2009 1781 2060 igitur
1795 2006 1946 2047 dietum
1961 2004 2180 2047 Claudium
2197 2003 2435 2058 specialibus

1443 2061 1650 2103 favoribus
1667 2087 1682 2109 ,
1698 2062 1738 2099 δε
1753 2062 1890 2114 gratiis
1906 2060 2092 2115 prosequi
2111 2059 2301 2104 volentes
2315 2088 2330 2109 s
2345 2063 2385 2102 δε
2408 2064 2435 2107 ὲ,

1440 2118 1640 2176 quibusvis
1658 2117 2092 2160 excommunicationis
2110 2118 2187 2160 διε·
2216 2119 2434 2162 absolven-

1440 2188 1502 2219 tes
1518 2178 1555 2218 &
1580 2174 1804 2219 absolutum
1833 2173 1921 2219 fore
1953 2174 2162 2220 censentes
2177 2205 2191 2228 ‚
2209 2176 2430 2230 hujusmodi

1439 2233 1796 2291 supplicationibus
1835 2235 2035 2286 inclinati,
2053 2244 2216 2279 attento
2231 2236 2431 2280 consensu

1438 2292 1629 2349 praedie'to
1643 2320 1658 2344 ,
1675 2291 1808 2335 eidem
1827 2292 2010 2336 Claudio
2035 2294 2214 2348 legatum
2230 2296 2290 2338 bis
2313 2294 2430 2338 mille

1438 2351 1644 2395 scutorum
1658 2365 1874 2394 aureorum
1900 2351 2159 2409 hujusmodi,
2187 2355 2433 2399 mediante.-⁴

1439 2418 1577 2454 tamen
1605 2409 1807 2455 solutione
1842 2410 1955 2454 mille
1997 2412 2210 2455 dumtaxat
2241 2414 2431 2456 fimilium

1437 2485 1511 2527 per
1544 2484 1635 2513 eum
1653 2499 1667 2521 ,
1681 2469 1749 2512 ubi
1768 2482 1843 2525 pro
1855 2478 1972 2526 parte
1993 2471 2090 2514 dicti
2122 2471 2306 2516 Miniflri
2325 2473 2432 2515 Pro·⁴

1440 2530 1623 2574 vincialis
1640 2528 1852 2585 requisitus
1867 2527 1990 2572 fuerit
2009 2558 2023 2581 ,
2044 2528 2226 2573 facienda
2249 2559 2263 2581 ,
2293 2533 2334 2575 &
2348 2544 2431 2575 nou

1439 2589 1558 2641 alin,
1573 2586 1805 2645 Apostolica
1819 2589 2058 2631 auctoritate
2072 2615 2086 2634 2
2105 2599 2244 2631 tenore
2256 2590 2432 2644 praelene

1439 2647 1540 2690 tium
1557 2647 1803 2689 remittimus
1821 2673 1835 2692 .,
1860 2644 2218 2697 &condonamus,
2251 2656 2415 2703 atque..

1439 2705 1687 2761 reliquorum
1705 2701 1817 2744 mille
1843 2700 2048 2746 scutorum
2067 2701 2289 2762 hujusmodi
2307 2702 2420 2749 solu-

1442 2765 1556 2807 tione
1571 2761 1784 2805 eximimus
1797 2786 1812 2808 ,
1824 2759 2090 2805 &liberamus
2105 2791 2116 2804 .
2138 2765 2423 2809 Decet-nentes

1445 2822 1563 2866 illum
1576 2820 1751 2876 desuper
1767 2818 1966 2862 molestari
1980 2847 1995 2871 ‚
2017 2821 2081 2863 vel
2115 2821 2334 2878 inquietari
2348 2837 2429 2868 non

1444 2880 1551 2939 poffe
1562 2909 1576 2931 2
1591 2880 1882 2937 praesentesque
1896 2877 2058 2923 litteras
2077 2879 2232 2923 validas
2245 2910 2260 2935 ,
2275 2880 2426 2935 firmas,

1441 2951 1564 2997 atque
1581 2938 1763 2982 efficaces
1780 2936 1948 2980 existere
1961 2964 1975 2986 ι,
1987 2939 2027 2980 &
2041 2936 2128 2981 fore
2145 2964 2160 2988 2
2189 2939 2347 2996 fibique
2367 2940 2416 2984 in

1437 2999 1697 3049 omnibuS‚&
1713 3011 1783 3053 per
1801 2997 1939 3039 omnia
1955 2996 2176 3052 plenillime
2201 2998 2418 3056 suffragari,

1437 3061 1477 3102 δι
1495 3060 1552 3101 ita
1568 3072 1640 3115 per
1654 3056 1929 3114 quoscumque
1942 3057 2105 3112 Judices
2118 3055 2343 3100 ordinarios
2356 3084 2371 3108 ‚
2383 3058 2425 3100 δι

1444 3118 1658 3173 delegatos
1673 3143 1689 3166 s
1700 3117 1823 3159 etiam
1837 3114 2042 3168 causarum
2056 3115 2202 3159 Palatii
2221 3119 2252 3157 A
2258 3115 2424 3171 postoli-

1442 3177 1478 3218 ci
1497 3177 1719 3219 Auditores
1736 3173 1924 3228 judicari,
1937 3173 1978 3213 δι
1995 3172 2156 3215 definiri
2175 3172 2351 3222 debere,
2373 3189 2419 3217 ac

1438 3236 1625 3283 irritum,
1650 3235 1844 3281 &inane‚
1868 3229 1894 3271 fi
1921 3227 2032 3273 {ecus
2053 3230 2167 3285 super
2196 3231 2257 3272 his
2281 3233 2418 3287 aquo-

1434 3308 1570 3352 quam,
1585 3293 1726 3350 quavis
1741 3287 1980 3333 austeritate
1995 3287 2188 3340 scienter,
2208 3289 2273 3331 vel
2298 3291 2419 3347 igno·

1436 3363 1577 3396 ranter
1590 3349 1811 3405 contigerit
1826 3348 2022 3390 attentari
2033 3375 2045 3388 .
2058 3349 2151 3391 Non
2166 3347 2414 3394 obstantibus

1438 3411 1509 3455 fel.
1526 3425 1606 3454 rec.
1618 3409 1729 3451 Pauli
1746 3410 1802 3449 11.
1817 3434 1832 3457 ‚
1855 3407 1896 3447 δε
1920 3407 2096 3449 aliorum
2122 3408 2404 3452 Romanorum

1438 3468 1679 3516 Pontificum
1691 3464 2025 3512 Praedecessorum
2041 3464 2267 3519 nostrorum
2283 3467 2328 3507 de
2340 3482 2418 3511 non

1438 3527 1676 3579 alienandis,
1704 3525 1868 3582 aliisque
1889 3524 2274 3575 constitutionibus,
2289 3527 2327 3568 &
2345 3542 2416 3570 or-

1438 3589 1709 3632 dinationibus
1725 3584 1967 3639 Apostolicis
1981 3614 1995 3637 ,
2020 3599 2065 3627 ac
2081 3585 2309 3628 Domorum
2319 3614 2336 3636 ‚
2369 3587 2410 3628 δε

1437 3647 1605 3691 Ordinis
1649 3645 1925 3702 praedit-'torum
1951 3673 1970 3695 ‚
2007 3643 2135 3691 etiam*
2164 3642 2413 3699 juramento,

1436 3706 1738 3749 confirmatione
1752 3702 1984 3758 Apostolica
2003 3731 2016 3754 ³
2035 3702 2101 3747 v'el
2126 3703 2267 3757 quavis
2292 3700 2413 3743 firmi-

1433 3774 1518 3808 tate
1534 3766 1611 3808 alia
1625 3764 1824 3807 roboratis
1841 3762 1992 3805 statutis
2008 3789 2022 3811 a
2043 3763 2084 3803 &
2110 3758 2411 3804 consuetudini-

1431 3825 1538 3879 bus,
1561 3823 1781 3883 privilegiis
1809 3835 1972 3880 quoque
2001 3820 2196 3872 indultis,
2227 3821 2272 3921 ὃὲ
2281 3818 2409 3860 literis

2279 3891 2353 3933 PO-
