2756 4074
426 169 594 254 xxii

358 313 454 363 litis
490 303 747 376 susceptae,
787 305 847 355 ad
875 309 1062 357 Sacram
1105 303 1376 369 Congrega·

360 385 538 433 tionem
553 379 677 429 mitti
690 375 1103 446 praescribitur.cum
1118 387 1232 421 nota.
1273 389 1298 433 3
1308 388 1334 434 5
1345 372 1371 422 8

460 487 864 575 PRolec'lA
891 512 1287 569 cAsTELLAE.

439 663 641 716 Instante
672 661 825 713 Maria
855 657 1158 709 Emmanuele
1191 691 1208 715 ,
1241 657 1370 706 Mar-

370 733 588 787 chionissa
616 739 665 785 S.
686 731 853 783 Crucis
884 743 973 779 etc.
1007 731 1053 777 in
1073 731 1284 779 Domum
1312 725 1370 776 ab

366 808 554 858 Alvaro
573 805 629 854 de
649 801 1108 860 Bacan‚Marchione‚
1125 804 1218 864 ejus
1240 801 1372 849 Con·

360 882 504 946 juge,
536 877 582 923 in
600 874 876 922 memoriam
900 885 1141 940 reportatae
1172 885 1372 919 contra...

366 950 547 999 Turcas
581 943 787 995 victoriae
819 944 866 991 in
896 958 1019 993 terra
1044 943 1116 992 del
1139 941 1237 1010 Visb
1267 958 1373 991 con-

367 1016 587 1067 struftam
631 1019 813 1065 Fratres
858 1014 1056 1072 induci,
1101 1032 1154 1063 ac
1191 1011 1251 1064 ob
1290 1013 1372 1062 ho-

365 1106 472 1139 rum
507 1088 784 1156 paucitatem
816 1089 997 1137 Fratres
1029 1083 1085 1134 de
1107 1083 1373 1135 Observan-

366 1159 434 1210 tia
450 1156 760 1210 Discalceatos
777 1154 933 1208 habital
952 1155 1135 1207 licentia
1170 1157 1214 1205 in
1233 1175 1283 1205 ea
1302 1171 1374 1204 co·

367 1229 572 1281 habitare
601 1243 690 1279 etc.
733 1227 855 1298 poffe
887 1227 1102 1280 concedit
1143 1227 1375 1297 Gregorius

368 1299 527 1354 XIII.
549 1338 566 1358 ,
602 1319 692 1349 cum
709 1315 835 1348 nota.
1275 1300 1374 1361 368

442 1371 728 1423 Elestionem
747 1375 824 1421 Fr.
840 1369 1101 1420 Alexandri
1119 1369 1145 1418 ὲ
1163 1371 1380 1432 Valentia

369 1444 419 1492 in
462 1444 861 1494 Concionatorem
895 1443 1100 1512 Regium
1131 1440 1383 1495 ratihabet.

375 1513 584 1566 Urbanus
614 1511 748 1564 VIII.
767 1549 783 1572 ,
820 1531 910 1562 cum
928 1530 1052 1563 nota.
1279 1530 1379 1576 370

443 1590 657 1637 Domum
694 1590 911 1635 Fratrum
939 1585 984 1633 in
1004 1586 1215 1636 Civitate
1243 1587 1300 1636 Se
1337 1601 1383 1633 o·

370 1655 512 1708 bienfi
534 1694 550 1717 ,
582 1659 724 1707 etiam
763 1654 972 1706 distantIa
1010 1657 1120 1706 alias
1169 1601 1382 1723 requiffta

369 1745 464 1779 non
511 1742 815 1779 concurrente
858 1763 875 1788 ,
920 1726 1121 1780 construi
1167 1729 1382 1778 commit-

369 1800 430 1847 tit
449 1834 463 1848 .
502 1799 648 1849 Idem.
1282 1816 1381 1856 370

441 1871 648 1918 Decreto
687 1869 790 1913 Sac.
806 1865 1202 1931 congregationis
1234 1865 1332 1906 Rit.
1358 1863 1386 1904 a

372 1936 671 1990 Sanstiffimo
703 1931 980 1983 confirmato
999 1965 1015 1989 ,
1042 1933 1230 1995 Corpus
1258 1929 1387 1979 Prin-

374 2010 489 2077 cipis
511 2003 752 2056 vincentii
771 2005 1009 2068 Gonzagae
1028 2003 1073 2048 in
1093 2003 1282 2048 Fratum
1310 2003 1387 2051 Se-

376 2076 562 2151 pultura
583 2073 804 2126 Civitatis
823 2071 1144 2128 Salmantinae,
1176 2070 1387 2120 acceden-

378 2165 424 2203 te
458 2153 507 2201 Ρ.
525 2144 768 2199 Generalis
795 2139 966 2194 assensu
985 2143 1208 2193 tumulari
1228 2140 1351 2211 posse
1371 2178 1388 2202 ,

382 2217 684 2273 conceditur.
1306 2232 1390 2277 371

454 2297 655 2343 Decreto
689 2290 795 2337 Sac.
829 2289 1118 2357 Congregat.
1148 2279 1300 2353 Episc.
1344 2286 1394 2338 &

381 2365 555 2434 Regul.
588 2356 924 2410 Monasterium
944 2358 1226 2409 Monialium
1242 2360 1394 2426 Capu·

382 2438 592 2486 cinarum
629 2431 811 2481 Matriti
841 2431 990 2501 erigi,
1021 2428 1070 2481 ὅ(
1093 2429 1396 2479 Institutrices

384 2510 430 2557 in
452 2506 567 2556 illud
586 2502 817 2556 introduci
837 2503 1148 2552 committitur
1170 2537 1182 2550 .
1311 2519 1395 2564 371

454 2581 567 2628 Non
589 2573 795 2625 obstante
827 2573 1138 2643 prohibitione
1168 2572 1224 2622 de
1244 2573 1395 2623 Libris

380 2647 405 2698 ἑ
427 2648 718 2699 Bibliotheca
754 2663 845 2695 non
879 2643 1171 2695 extrahendis
1190 2679 1207 2702 ,
1232 2646 1256 2694 ὲ
1274 2648 1398 2695 Con-

382 2719 696 2771 eionatoribus
725 2719 839 2769 tale‘s
864 2717 922 2768 de
949 2715 1239 2767 Bibliotheca
1272 2719 1404 2768 Con-

896 154 1957 249 ELENCHUS.

1438 298 1600 349 ventris
1617 299 1850 349 Patientiae
1872 296 2072 360 Christi,
2088 305 2309 357 Civitatis
2333 306 2442 355 Ma:

1437 369 1638 420 tritensxs
1653 405 1669 428 ,
1703 372 1844 419 etiam
1874 388 2000 422 extra
2026 375 2322 427 Conventum
2342 413 2357 436 ,
2381 378 2441 427 de

1432 443 1617 493 licentia
1639 444 1786 491 Patris
1804 443 2062 493 Guardiani
2091 461 2175 512 pro
2199 463 2406 518 tempore
2422 483 2441 507 ,

1432 513 1608 566 extrahi
1627 511 1750 582 poffe
1766 513 1978 587 indulget
1995 514 2183 566 Clemens
2201 517 2299 570 XI.
2332 537 2432 582 372

1475 656 1870 707 PROVINCIA
1914 659 2192 712 BAETICA
2212 697 2230 722 ,
2260 662 2388 718 SEU

1709 730 2135 787 ANDALUSIAE
2153 769 2165 781 .

1505 869 1656 920 Situm
1690 869 1749 921 ad
1773 870 1974 922 mensam
2010 871 2327 943 Episcopalem
2358 875 2440 922 Ec³

1433 939 1574 990 clefiae
1590 939 1871 1011 Hispalensis
1892 941 2173 1012 spectantem
2190 979 2206 1004 ,
2239 960 2323 1012 pro
2342 943 2444 992 aliis

1434 1011 1615 1062 duobus
1646 1028 1774 1063 terrae
1803 1015 1933 1082 petiis
1963 1019 2011 1067 in
2039 1017 2151 1066 novi
2174 1013 2443 1067 Conventus

1435 1081 1609 1133 ibidem
1641 1083 1947 1135 commodum
1989 1086 2245 1158 permutari
2282 1102 2444 1135 conce-

1435 1154 1506 1205 dit
1544 1153 1750 1205 Urbanus
1775 1153 1915 1207 VIII.
2341 1172 2440 1219 375

1508 1224 1783 1277 Custodiam
1806 1228 2002 1279 Andalu
2012 1227 2079 1279 fiae
2097 1230 2143 1278 in
2154 1227 2445 1280 Provinciam

1439 1297 1649 1367 erigendi
1667 1295 1935 1349 facultatem
1954 1302 2151 1370 largitur
2173 1299 2304 1350 Idem.
2345 1305 2448 1361 376

1513 1372 1667 1422 Situm
1685 1374 1951 1421 Domorum
1975 1373 2285 1441 Regulariurn
2313 1370 2448 1419 Anti·

1441 1444 1614 1508 quariae
1633 1477 1650 1501 ,
1685 1439 1734 1493 ὅ(
1754 1443 1908 1493 Ezixae
1926 1445 2062 1494 vendi
2085 1479 2102 1502 ,
2139 1441 2187 1495 6<
2205 1442 2448 1511 pretium.»

1441 1512 1501 1563 ad
1529 1510 1752 1565 fabbrieas
1772 1530 1915 1565 novas
1947 1515 2171 1584 applicari
2200 1513 2415 1582 indulget
2433 1547 2450 1562 .

1443 1582 1588 1636 Idem.
2348 1591 2452 1647 376

1517 1657 1575 1706 In
1593 1660 1847 1709 Conventu
1865 1655 2136 1708 Granatenfi
2154 1658 2372 1709 Novitios
2390 1653 2454 1704 se.

1442 1725 1579 1778 orfim
1610 1728 1638 1777 ὲ
1668 1746 1860 1797 corpore
1879 1730 2079 1782 Familiae
2099 1728 2301 1779 habitare
2327 1743 2455 1777 man-

1443 1798 1522 1845 dat
1536 1833 1553 1854 ,
1569 1818 1622 1848 ac
1637 1799 1693 1847 de
1709 1801 1808 1847 aliis
1825 1817 1909 1864 pro
1923 1801 2231 1850 Novitiorum
2248 1814 2456 1850 commo·

1445 1863 1508 1906 do
1538 1866 1755 1926 providet
1792 1867 2042 1913 Alexander
2062 1868 2133 1914 VI
2135 1866 2172 1914 I.
2353 1886 2377 1930 3
2388 1885 2453 1927 77

1519 1932 1774 1981 Decretum
1801 1931 1858 1982 de
1889 1937 2151 2001 sepulturis
2179 1938 2224 1984 in
2252 1936 2455 1987 Ecclesia

1446 2001 1730 2050 Monialium
1748 2004 1964 2052 Granatae
1980 2021 2072 2053 non
2089 2006 2338 2057 alienandis
2350 2023 2458 2056 con·

1448 2069 1605 2122 firmat
1634 2070 1821 2122 Clemens
1836 2072 1907 2124 X.
2355 2097 2379 2141 3
2390 2097 2455 2139 77

1519 2146 1572 2194 P.
1594 2145 1933 2195 Provincialem
1955 2180 1971 2204 ,
2009 2145 2058 2197 ὅτ
2094 2161 2294 2215 quatuor
2313 2148 2457 2201 Deffi⁵

1452 2215 1624 2266 nitores
1641 2214 1879 2266 constituit
1898 2216 2145 2269 BenediHus
2160 2217 2313 2271 XIII.
2354 2241 2379 2283 3
2390 2242 2458 2284 79

1523 2286 1603 2337 Ad
1621 2286 1941 2339 restituendam
1964 2291 2218 2342 Provinciae
2238 2295 2462 2362 tranquil·-v

1455 2358 1636 2409 litatem
1655 2360 1800 2430 Regis
1815 2362 2051 2412 Catholici
2079 2380 2271 2433 operam
2297 2367 2459 2433 exqui-

1458 2431 1519 2480 rit
1554 2428 1671 2481 Idem
1691 2468 1705 2482 .
2355 2452 2460 2501 379

1525 2501 1681 2554 Poscit
1714 2521 1849 2574 opem
1878 2503 2066 2556 eandem
2085 2542 2101 2566 ,
2137 2503 2188 2559 ἀ
2215 2510 2290 2557 Fr.
2323 2509 2462 2560 Fran-

1456 2571 1630 2626 ciscum
1662 2574 1975 2628 Giennensem
2023 2578 2174 2630 audiri
2224 2594 2462 2630 commen-

1456 2644 1536 2698 dat
1573 2645 1691 2699 Idem
1703 2684 1717 2699 .

2358 2654 2459 2715 380

2169 3855 2405 3907 APPEN·
