2592 4094
406 243 576 324 270

348 363 423 405 bus
439 361 617 404 inclinati
630 390 646 412 ,
660 360 712 402 de
732 354 1036 400 Venerabilium
1050 354 1233 394 Fratrum
1252 362 1324 391 no-

344 423 514 464 strorum
531 450 545 472 ,
562 420 602 462 S.
625 422 677 461 R.
691 421 739 460 Ε.
757 407 1036 457 cardinalium
1053 438 1068 462 ,
1097 407 1270 464 negotiis
1282 409 1323 450 &t

343 477 704 523 conspirationibus
743 470 1035 526 Episcoporum
1069 469 1108 514 δι
1135 466 1321 524 Regula.

340 540 446 582 rium
466 537 760 593 praepofitorum
778 557 792 580 ‚
814 528 885 583 qui
913 525 1157 570 relationem
1182 525 1324 573 dilecti
1387 543 1390 546 >

341 599 498 652 pariter
524 592 614 635 Filii
631 587 816 630 moderni
842 587 1119 628 procuratoris
1143 587 1331 629 Genera-

342 654 388 697 lis
407 652 571 697 Ordinis
589 644 809 701 hujusmodi
827 643 944 694 super
958 642 1160 701 praemiffis
1176 644 1227 686 ad
1243 639 1331 685 eos-

342 714 432 756 dem
453 706 693 754 cardinales
714 700 972 746 transmissam
992 704 1186 746 viderunt
1201 731 1215 754 ‚
1233 716 1334 744 con-

337 772 446 819 filio,
465 773 731 810 memoratam
751 763 1065 812 conventionem
1079 788 1093 811 ‚
1120 761 1334 803 auetorita-

336 840 376 871 te
398 821 633 881 apostolica
663 832 806 868 tenore
840 822 1090 877 praesentium
1129 821 1332 876 approba-

337 899 423 928 mus
451 913 464 935 ,
494 880 740 924 ratificamus
766 911 781 932 ‚
803 881 840 925 δι
859 881 1192 936 qualemcumque
1217 877 1331 923 defe-

337 947 442 985 &um
471 939 602 983 forsan
650 940 692 982 in
731 938 779 982 ea
815 938 1017 981 incursum
1051 938 1190 981 itidem
1220 937 1329 982 sana-

331 1014 425 1044 mus
440 1030 450 1041 .
478 1001 675 1042 Praeterea
693 997 963 1054 permittimus
979 996 1085 1051 juxta
1111 996 1237 1052 petita
1255 1024 1270 1047 ,
1283 1006 1328 1038 ut

333 1059 528 1114 deinceps
553 1057 771 1101 eleffiones
797 1058 837 1099 in
864 1057 1048 1099 omnibus
1065 1055 1268 1111 Capitulis
1285 1056 1325 1097 in

332 1117 521 1173 praedicta
554 1116 773 1163 Provincia
802 1114 1059 1161 celebrandis
1091 1113 1267 1161 adinstar
1282 1129 1327 1159 e-

337 1175 489 1230 jusdem
507 1176 791 1220 conventionis
816 1175 916 1219 fiant
933 1202 946 1216 .

456 1237 740 1278 Decernentes
765 1232 923 1278 easdem
946 1233 1153 1288 praesentes
1169 1232 1330 1275 litteras

335 1293 498 1343 firmas,
512 1294 590 1334 διε.
605 1295 740 1351 sicque
755 1295 792 1337 in
808 1291 1007 1348 praemiffis
1023 1306 1094 1347 per
1113 1290 1324 1348 quoscum-

334 1365 412 1409 que
426 1350 596 1407 Judices
616 1354 694 1394 &c.
725 1358 819 1396 Non
850 1351 1094 1401 obstantibus
1111 1348 1325 1406 praenimis,

331 1424 378 1453 ac
395 1410 776 1462 constitutionibus
789 1441 802 1464 ,
815 1411 853 1453 &
867 1410 1203 1455 ordinationibus
1215 1408 1326 1463 Apo-

333 1468 514 1516 ssolicis,
532 1483 607 1512 nec
626 1485 723 1522 non,
739 1480 935 1528 quatenus
954 1484 1053 1526 opus
1071 1469 1133 1520 fit,
1148 1468 1324 1512 Provin-

328 1527 427 1576 ciae,
453 1529 492 1569 δι
510 1529 675 1571 Ordinis
704 1528 957 1585 hujusmodi,
985 1526 1323 1583 etiamjuramen-

327 1595 372 1628 to
387 1587 467 1626 &c.
483 1589 645 1641 Quibus
662 1589 853 1631 omnibus
882 1589 921 1629 &
951 1586 1110 1644 lingulis
1124 1616 1138 1638 ,
1157 1586 1320 1629 illorum

328 1653 500 1685 tenores
516 1643 773 1698 praesentibus
790 1660 867 1702 pro
882 1646 1004 1700 plene
1021 1675 1035 1698 ‚
1051 1648 1099 1688 ,ἀ
1121 1644 1323 1689 sufficien-

327 1711 388 1743 ter
402 1700 592 1756 expreffis
607 1729 620 1751 a
637 1705 677 1744 &
693 1704 743 1746 de
761 1705 891 1747 verbo
906 1704 957 1746 ad
978 1705 1146 1747 verbum
1164 1704 1322 1747 insertis

323 1760 521 1802 habentes
535 1788 549 1810 ,
564 1760 649 1802 illis
665 1761 761 1805 aliis
781 1766 817 1802 in
840 1761 910 1803 suo
926 1762 1073 1804 robore
1089 1764 1318 1816 permansu-

322 1819 393 1867 ris,
410 1818 459 1859 ad
475 1815 761 1872 praemifforum
786 1817 970 1860 effectum
998 1819 1072 1861 hac
1095 1819 1184 1861 vice
1202 1818 1320 1860 dum·

326 1885 440 1919 taxat
464 1875 700 1929 specialiter
718 1905 732 1927 ,
756 1877 797 1918 δι
826 1875 1013 1931 expresse
1044 1876 1322 1930 derogamus,

324 1935 559 1990 caeterisque
571 1935 788 1978 contrariis
810 1933 1128 1992 quibuscumque
1147 1963 1160 1977 .

443 1997 593 2036 Datum
629 1995 767 2036 Romae
793 1993 898 2050 apud
926 1997 1110 2037 sanctam
1146 1994 1319 2037 Mariam

324 2052 526 2108 Maiorem
552 2051 624 2093 sub
651 2053 817 2095 Annulo
847 2049 1065 2094 Piscatoris
1083 2052 1152 2093 die
1170 2066 1218 2092 xi
1250 2056 1316 2106 Ja-

324 2111 451 2153 nuarii
469 2121 653 2151 moccxx
664 2123 695 2149 ι.
707 2107 975 2150 Pontificatfis.
988 2107 1111 2149 nostri
1132 2120 1238 2148 anno
1254 2108 1315 2147 vi·

323 2168 471 2223 gesimo
488 2165 645 2221 primo.

382 2281 629 2339 Autograph.
656 2284 698 2323 in
714 2283 884 2325 Archivo
912 2281 1312 2325 SecresarAErevium

435 2341 606 2395 Apostol.
636 2342 727 2394 Reg.
747 2342 867 2396 mens-⁸
896 2340 949 2388 ὠ·
976 2353 1068 2382 ann.
1081 2339 1310 2393 praedr'Hor.

420 2398 504 2457 fol.
515 2410 577 2448 17.

316 2535 488 2554 *-

602 2626 635 2667 L
668 2623 688 2663 1
723 2625 760 2666 T
788 2625 823 2666 Ε
856 2626 896 2667 R
927 2625 947 2666 Ῑ
981 2626 1008 2667 S

346 2735 393 2785 S.
400 2734 740 2803 Congregationis
757 2731 803 2781 S.
814 2731 960 2801 Officii
977 2730 1263 2800 Inquifitionis

313 2859 484 2908 Geram
504 2891 519 2914 ,
538 2853 614 2905 seu
632 2854 758 2923 panis
776 2849 981 2911 massam,
1000 2865 1102 2902 turn
1125 2854 1170 2902 in
1185 2855 1300 2903 Pro-

385 2927 536 2978 vincia
551 2962 568 2986 ,
584 2941 682 2977 tum
701 2925 747 2975 in
766 2925 1016 2976 Germania
1031 2937 1189 2976 contra
1204 2940 1298 2974 ma-

898 208 1314 296 Provincia
1380 201 1815 315 Insulenfis.

1457 350 1603 400 leficia
1635 348 1715 399 sub
1731 347 2001 417 praescriptis
2021 350 2231 404 clausulis
2243 360 2386 415 confi--

1457 423 1499 470 ci
1524 418 1645 490 poffe
1676 419 1933 476 declaratur
1952 456 1965 471 .

1393 562 1447 606 A·
1470 570 1615 615 tergo:
1631 561 1846 604 Admodum
1862 561 2083 604 Reverendo
2106 540 2218 606 Patri
2233 567 2395 607 Procu-·

1482 623 1615 668 rator}
1631 620 1817 667 Generali
1833 622 2119 676 Capucmorum
2134 625 2266 666 Romae
2280 651 2293 664 .

1625 748 1743 795 Adm.
1759 747 1979 790 Reverende
1997 751 2115 793 Pater
2132 779 2145 792 .

1476 880 1582 922 Aci-a
1607 879 1886 936 Congregatio
1901 880 1942 922 S.
1958 877 2093 922 officii
2107 877 2393 926 declarare-2.

1493 937 1623 982 statuit
1637 966 1652 988 ,
1666 948 1711 979 ut
1725 937 1832 980 circa
1847 951 1991 993 panem
2023 939 2280 981 benedicftum
2299 967 2312 990 ,
2341 941 2379 980 &

1389 1011 1524 1043 ceram
1539 996 1695 1053 pariter
1707 996 1966 1039 benedifiam
1979 1025 1994 1047 ‚
2008 998 2048 1039 δι
2063 999 2264 1053 Belgicam
2280 1011 2385 1039 nun·

1389 1067 1592 1112 cupatani,
1604 1068 1690 1111 quae
1705 1058 1728 1101 a
1743 1056 1820 1097 Pp.
1838 1055 2059 1110 Capucinis
2077 1057 2116 1098 in
2137 1058 2380 1108 Germania,

1389 1115 1577 1163 Flandria
1601 1114 1641 1155 δι
1672 1113 1768 1158 alibi
1784 1127 1859 1169 pro
1872 1113 2064 1163 salutari,
2080 1114 2232 1171 pioque
2245 1128 2380 1156 reme-

1387 1175 1458 1219 dio
1472 1184 1613 1216 contra
1633 1170 1857 1224 maleficia,
1884 1169 2197 1215 &infirmitates
2217 1172 2383 1229 dispeu-

1386 1233 1495 1278 satur
1510 1259 1524 1282 2
1549 1230 1653 1276 nihil
1674 1231 1916 1279 innovetur,
1941 1230 2052 1272 &ita
2070 1231 2380 1274 condescenda-

1386 1305 1454 1339 tur
1478 1290 1690 1333 devotioni
1714 1291 1754 1332 δι
1780 1289 1922 1345 pietati
1938 1287 2142 1340 fidelium,
2155 1289 2224 1345 qui
2246 1289 2268 1332 εὶ
2285 1290 2378 1333 lon-

1386 1366 1439 1408 go
1459 1359 1647 1405 tempore
1670 1349 1716 1390 iis
1733 1350 1812 1391 fine
1828 1346 2019 1391 scandalo
2044 1359 2215 1392 utuntur
2232 1361 2245 1389 :
2260 1347 2379 1390 ordi-

1387 1418 1635 1457 natantem,
1660 1418 1703 1449 ut
1718 1407 1947 1453 Paternitas
1970 1408 2112 1451 Vestra
2141 1408 2377 1451 Provincia-

1387 1470 1492 1513 libus
1507 1497 1521 1520 ‚
1542 1476 1612 1510 aut
1636 1466 1725 1510 aliis
1756 1465 2066 1524 Superioribus,
2083 1465 2134 1508 ad
2159 1478 2258 1521 quos
2288 1465 2379 1522 spe-

1383 1531 1464 1572 &at
1478 1554 1493 1576 ‚
1510 1525 1693 1584 injungat
1705 1555 1722 1577 ,
1747 1538 1801 1569 ne
1815 1524 2055 1581 permittant
2069 1553 2084 1577 ,
2102 1525 2184 1568 imo
2211 1534 2257 1567 ut
2282 1538 2378 1580 pro-

1384 1587 1552 1630 hibeant
1565 1613 1580 1637 ,
1594 1597 1647 1627 ne
1665 1582 1779 1627 massa
1797 1583 1972 1639 praediffl
1998 1584 2112 1639 panis
2146 1593 2216 1625 aut
2241 1596 2370 1633 cerae,

1383 1645 1478 1691 oleo
1493 1644 1640 1686 Sancto
1654 1644 1705 1686 ab
1721 1642 1922 1700 Episcopo
1947 1642 2162 1686 benedicto
2179 1652 2369 1698 ungatur,

1383 1708 1423 1748 &
1434 1719 1484 1748 ne
1495 1702 1795 1746 benedictiones
1805 1715 1945 1745 coram
1962 1700 2213 1746 sanetiffimo
2229 1705 2376 1745 Sacra-

1385 1772 1525 1809 mento
1537 1760 1721 1815 expofito
1734 1761 1832 1804 fiant
1844 1789 1856 1801 .
1885 1759 2023 1812 Visum
2038 1774 2201 1816 quoque
2215 1759 2271 1802 est
2296 1774 2376 1805 no-

1384 1819 1424 1862 ta
1437 1819 1652 1874 dignum‚si
1665 1831 1739 1874 pro
1753 1817 2045 1873 compositione
2063 1818 2257 1873 praedictae
2273 1817 2373 1860 mas·

1383 1878 1427 1920 sae
1444 1878 1714 1920 adhibeantur
1728 1877 1859 1918 herbae
1872 1902 1886 1926 ,
1901 1875 1967 1919 seu
1985 1875 2152 1926 fruetus,
2168 1870 2368 1932 signanter

1382 1937 1424 1980 in
1441 1937 1556 1980 feriis
1572 1933 1856 1992 Affumptionis
1870 1937 1915 1978 B.
1933 1936 1984 1978 V.
2001 1936 2160 1987 Mariae,
2172 1947 2239 1977 aut
2263 1934 2371 1980 ahe-

1378 1997 1464 2039 rius
1481 1994 1746 2038 solemnitatis
1768 1994 1988 2042 maturati,
2013 1993 2101 2036 casu
2125 2008 2206 2051 quo
2217 1993 2365 2039 fideiles

1352 2078 1355 2080 -
1378 2068 1457 2094 non
1473 2052 1608 2094 forent
1626 2051 1830 2100 instrum,
1850 2051 1960 2106 quod
1982 2053 2079 2094 talia
2105 2066 2188 2094 non
2203 2054 2364 2098 ratione

1375 2109 1486 2160 diei,
1519 2107 1584 2149 sed
1610 2119 1659 2148 ex
1678 2108 1939 2150 veneratione
1960 2110 2004 2150 Β.
2020 2110 2205 2164 Virginis
2230 2111 2364 2169 appu-¹

1373 2174 1592 2210 carentur.
1617 2165 1831 2208 Incumbet
1859 2175 1996 2208 autem
2015 2169 2254 2210 Paternita'ti
2276 2168 2364 2211 Ve-

1371 2225 1457 2267 strae
1468 2254 1481 2277 ,
1497 2235 1542 2267 ut
1559 2223 1622 2268 vel
1636 2226 1659 2268 a
1673 2223 1965 2279 compositione
1987 2225 2274 2276 excludantur,
2289 2228 2354 2271 vel

1371 2297 1462 2326 cum
1477 2291 1708 2338 opportuna
1728 2284 1984 2326 instructione
2010 2286 2288 2337 adhibeantur,
2304 2300 2356 2330 ne

1374 2341 1550 2397 populus
1573 2352 1729 2382 maneat
1745 2340 1963 2396 deceptus.
1990 2344 2166 2386 Tantum
2179 2357 2361 2402 essequa-3

1373 2411 1438 2443 tur
1451 2428 1465 2449 ‚
1486 2401 1524 2441 &
1544 2402 1649 2442 Deus
1661 2412 1750 2440 eam
1763 2399 1980 2444 conservet
1997 2429 2009 2441 .

1433 2461 1576 2502 Romae
1606 2459 1670 2500 18.
1688 2459 1928 2503 Decembris
1948 2461 2070 2512 1728.

1479 2575 1741 2622 Paterni'tatis
1765 2575 1914 2622 Vestrae

1987 2695 2056 2738 Uti
2080 2696 2230 2741 Frater

1548 2803 1690 2857 Card.
1706 2805 1983 2858 Othobonus
2003 2803 2127 2875 Epis.
2138 2803 2312 2856 Sabinae
2327 2810 2345 2855 .’

1418 2935 1666 2992 Autograpb.
1682 2936 1726 2983 in
1750 2934 1871 2994 Arch,
1890 2940 1998 2984 Proc.
2014 2938 2160 2997 Gener,
2183 2933 2281 2991 ord,

2103 3861 2260 3915 Pao-
