2612 4100
383 134 503 216 62

314 275 505 317 rabilium
522 276 709 319 Fratrum
724 272 949 318 nostrorum
975 271 1015 310 S.
1033 270 1085 311 R.
1102 270 1155 311 E.
1167 268 1315 313 Cardi-

314 332 467 377 nalium
482 337 661 391 negotiis
673 365 687 388 ,
708 336 749 377 &
762 329 1124 376 consultationibus
1145 325 1314 386 Episco-

314 406 492 449 porum,
523 395 847 451 &Regularium
873 389 1208 446 praepofitorum,
1242 389 1313 446 qui

313 454 507 496 dileetum
524 456 677 510 pariter
691 449 1095 501 Filium,modernum
1112 449 1313 493 Procura-

313 523 450 555 torem
470 513 714 556 Generalem
738 514 853 567 super
868 506 1067 566 praemiffis
1082 506 1310 560 audierunt,

314 570 539 622 confili0,&
555 571 722 615 attentis
739 567 1111 624 narratisffitgminis
1122 567 1310 611 enuncia-

314 641 365 674 ιε
380 631 558 673 Pamillae
585 629 845 674 Fundatricis
859 629 1091 685 praedictum
1105 627 1310 671 indultum

314 688 572 744 ingrediendi
595 686 868 743 supradictum
881 690 1146 733 Conventum
1158 687 1310 731 duabus

313 748 468 790 vicibus
483 747 636 789 tantum
660 746 846 802 quolibet
859 762 962 791 anno
975 748 1054 789 &c-
1069 748 1312 789 auctoritate

312 804 547 859 Apostolica
562 831 576 856 ,
591 813 734 848 tenore
749 805 999 862 praesentium
1024 805 1312 857 concedimus3

314 867 371 907 ita
388 874 524 905 tamen
542 890 556 913 ,
583 873 628 906 ut
648 864 950 922 consanguineis
967 865 1081 907 Viris
1096 893 1110 916 ,
1135 877 1204 908 aut
1219 866 1314 907 dua-

313 925 384 965 bus
398 947 411 969 ,
427 932 497 964 aut
513 920 644 964 tribus
658 923 733 978 piis
747 953 761 976 ,
782 925 998 982 paucisque
1015 922 1210 968 affociatae
1226 927 1314 968 Ma-

311 980 440 1022 tronis
465 979 583 1023 illum
603 981 920 1038 ingrediantur,
945 983 1084 1040 ibique
1110 997 1185 1040 per
1212 996 1312 1028 con-

311 1053 456 1095 gruum
473 1038 672 1084 duntaxat
688 1052 848 1099 tempus
863 1051 1172 1086 commorentur
1185 1069 1200 1092 ,
1224 1041 1312 1086 affi-

311 1098 507 1140 stentibns
535 1099 651 1155 ipfius
680 1099 925 1145 Conventus
939 1102 1190 1159 Superiore,
1209 1101 1314 1143 aliis-

310 1171 391 1214 que
406 1156 565 1200 duobus
579 1186 593 1209 ‚
610 1158 678 1200 vel
694 1160 824 1204 tribus
841 1161 1052 1205 Fratribus
1073 1159 1313 1212 senioribus,

311 1216 477 1273 reliquis
498 1218 538 1259 in
553 1217 801 1269 Choro‚aut
821 1220 926 1263 intra
956 1221 1143 1276 proprias
1168 1218 1318 1262 Cellu-

310 1275 368 1319 las
381 1276 756 1329 commorantibus,
782 1287 902 1335 atque
929 1277 1086 1322 nullam
1114 1279 1154 1319 in
1169 1278 1316 1320 eodem

310 1338 536 1378 Conventu
555 1333 710 1379 sumant
725 1332 988 1383 refectionem
1006 1367 1020 1390 ,
1046 1352 1092 1380 ac
1108 1336 1204 1380 inde
1221 1345 1315 1380 ante

310 1393 418 1437 Solis
441 1393 628 1437 occasum
646 1405 864 1440 teneantur
889 1399 1028 1450 exire3
1046 1400 1140 1440 Non
1155 1396 1316 1439 obstan-

310 1453 417 1497 tibus
447 1453 815 1498 Constitutionibus
843 1486 860 1507 ‚
898 1459 937 1500 δι
972 1455 1314 1500 Ordinationibus

309 1511 549 1567 Apostolicis
561 1538 576 1562 ,
589 1526 636 1556 ac
651 1515 894 1558 Conventus
910 1547 924 1569 ,
954 1518 993 1559 &
1030 1514 1199 1560 Ordinis
1215 1527 1313 1572 prae-

309 1571 536 1623 dictorum,
559 1574 683 1615 etiam
700 1574 1014 1619 confirmatione
1049 1575 1279 1632 Apostolica
1297 1600 1312 1625 ,

308 1629 376 1672 vel
394 1633 533 1687 quavis
556 1630 749 1677 firmitate
773 1634 854 1678 alia
880 1635 1080 1679 roboratis
1127 1634 1312 1684 statutis,

307 1689 349 1730 &
379 1689 746 1755 consuetudinibus
768 1722 783 1747 ,
810 1694 1038 1752 privilegiis
1061 1709 1223 1751 quoque
1253 1693 1315 1734 in·

307 1746 434 1812 dpltls
459 1776 475 1799 ‚
514 1751 555 1792 &
587 1750 736 1793 litteris
781 1754 1027 1806 Apostolicis
1069 1755 1108 1794 in
1145 1761 1316 1794 contra-

307 1817 413 1846 rium
453 1805 740 1859 praemifforum
790 1809 1104 1860 quomodolibet
1154 1807 1321 1848 conces—

308 1862 382 1910 fis,
409 1860 686 1912 confirmatis,
714 1865 756 1906 δι
780 1863 1009 1907 innovatis.
1038 1864 1199 1925 Qibus
1231 1877 1321 1906 om-

307 1922 425 1965 nibus
438 1949 452 1970 ,
483 1924 523 1963 &
548 1922 710 1978 singulis
724 1952 740 1973 ,
755 1923 922 1966 illorum
939 1932 1102 1966 tenores
1112 1921 1320 1977 praeseuti-

1051 125 1653 212 Provincia

1376 270 1432 312 rit
1459 268 1691 312 Paternitas
1720 273 1789 316 tua
1813 293 1828 319 ,
1866 273 1986 324 atque
2027 271 2161 328 operis
2198 272 2373 330 diligen.

1374 328 1518 372 tiffime
1541 328 1749 372 lucubrati
1779 324 1960 370 frontem
1990 332 2112 373 Sacro
2139 330 2209 376 suo
2239 331 2374 375 nomi-

1373 392 1413 433 ni
1452 386 1696 445 inscripserit
1724 416 1739 440 ,
1782 386 1976 430 Pontifex
2013 389 2211 434 Maximus
2250 394 2275 436 ὲ
2302 393 2377 433 Pa-

1373 459 1437 492 tre
1459 449 1702 492 Cherubino
1722 448 1775 490 de
1801 450 1942 490 Noves
1966 446 2182 503 requifitus
2199 449 2376 506 benigne

1369 508 1561 551 conceffit
1575 534 1590 557 ,
1603 519 1844 565 gratumque
1870 506 2014 550 habuit
2031 517 2119 548 tum
2136 508 2190 549 ob
2214 507 2373 563 ipsum„

1369 567 1617 625 scriptionis
1636 581 1765 624 genus
1782 593 1796 616 2
1811 579 1893 622 quo
1918 564 2091 609 maxime
2116 564 2364 619 delectatur,

1371 637 1459 670 tum
1484 627 1597 684 quod
1621 631 1644 673 a
1662 629 1722 670 Te
1737 626 1840 669 nihil
1863 636 1982 682 putet
2010 623 2177 680 prodire
2193 623 2363 682 posse),

1371 697 1442 730 aut
1458 686 1621 742 ingenio
1635 715 1649 738 ,
1663 697 1732 729 aut
1756 685 1898 729 virtuti
1914 695 1992 728 tuae
2007 712 2022 735 ,
2037 693 2105 726 aut
2119 685 2179 727 tui
2192 685 2368 728 Ordinis

1373 746 1584 790 Sanftitati
1610 760 1690 788 non
1719 744 2059 788 consentaneum.
2085 741 2251 786 Gaudet
2277 757 2380 800 quo-

1374 819 1452 861 que
1465 805 1793 860 pertus-‘tandum
1815 813 2102 859 argumentum
2118 803 2181 845 Te
2190 797 2382 858 suscepis-

1372 865 1428 916 se,
1457 878 1541 920 quo
1562 865 1784 908 Catholica
1798 860 1896 905 fides
1926 864 2073 905 invicta
2091 869 2246 912 manet,
2264 859 2384 902 chri-

1373 923 1488 966 stiani
1504 925 1941 974 moresinstituuntur,
1967 923 2017 966 ad
2041 922 2144 965 bene
2174 918 2383 975 agendum

1371 981 1600 1038 impellitur
1626 984 1781 1027 animus
1796 1011 1810 1034 ,
1836 983 1876 1024 &
1896 981 2047 1037 accipit
2063 981 2171 1023 vires
2188 1007 2199 1019 .
2218 980 2383 1022 Tecum

1371 1042 1498 1098 igitur
1528 1043 1756 1097 gratulatur
1782 1043 1825 1085 in
1853 1039 2079 1098 hujusmodi
2112 1037 2387 1080 saluberrimo

1374 1101 1508 1145 studio
1526 1103 1587 1144 Te
1615 1098 1895 1156 consumpsisse
1910 1100 2042 1142 otium
2070 1107 2188 1140 tuum
2203 1126 2218 1147 ,
2236 1097 2277 1138 &
2290 1109 2388 1139 cum

1376 1157 1698 1218 perspicacitatis
1725 1175 1771 1202 ac
1795 1159 1969 1202 scientia:
2003 1155 2126 1199 laude
2141 1152 2383 1196 consuluiffe

1377 1221 1557 1263 omnium
1577 1219 1918 1271 utilitati‚utque
1946 1229 2092 1273 pergas
2111 1214 2238 1275 isthuc
2263 1225 2382 1254 men-

1379 1287 1462 1322 tem
1479 1277 1722 1329 intendere,
1749 1277 1814 1319 sua
1829 1277 1895 1318 Te
1914 1275 2043 1318 munit
2071 1271 2380 1317 Benednnione.

1379 1341 1476 1382 Haec
1493 1337 1515 1378 a
1531 1351 1595 1379 me
1621 1337 1716 1380 Tibi
1734 1334 1897 1379 inscribi
1918 1334 2051 1377 voluit
2065 1362 2079 1385 ,
2100 1330 2179 1389 qua
2207 1331 2397 1375 occatio-²

1378 1412 1431 1441 ne
1452 1398 1514 1439 Te
1537 1409 1716 1446 moneo,
1731 1395 1836 1440 nihil
1850 1394 1950 1436 mihi
1968 1392 2046 1435 effe
2059 1389 2306 1448 jucundius,
2338 1401 2386 1430 ac

1376 1456 1527 1500 litteris
1541 1455 1703 1499 deditos
1716 1484 1729 1507 ,
1742 1454 1905 1511 qualem
1922 1454 1983 1495 Te
1999 1450 2075 1495 effe
2093 1448 2294 1507 perhibes,
2316 1448 2390 1490 be-

1373 1515 1609 1563 nevolentia
1627 1513 1850 1570 officiisque
1867 1509 2055 1569 prosequi
2069 1513 2149 1553 &c-

1488 1574 1625 1619 Romae
1638 1574 1708 1618 die
1724 1587 1746 1617 2
1752 1588 1793 1630 3.
1807 1571 2060 1629 Septembris
2100 1578 2225 1620 172?-

1684 1685 1733 1733 N
1738 1683 1847 1732 icol.
1859 1680 2014 1732 Maria
2036 1675 2181 1730 Card.
2200 1675 2389 1726 Lercari

1807 1756 1985 1803 Secret.
2019 1745 2178 1800 Statfis
2192 1785 2205 1797 .

1442 1865 1621 1922 Exempl.
1644 1863 1689 1906 in
1703 1864 1878 1907 Archivo
1908 1862 2102 1908 Generali
2133 1846 2398 1912 OrdIm'sMr.

1497 1922 1628 1967 mario
1642 1924 1863 1968 Provincia
1877 1922 2100 1966 Parifienfis
2115 1951 2128 1963 .

307 1982 381 2022 bus
408 1992 485 2032 pro
517 1980 666 2031 plene,
696 1982 737 2017 δι
762 1978 1009 2021 sufficienter
1023 1978 1237 2032 expreffis,
1270 1991 1316 2018 ac
1379 2007 1382 2010 »

308 2037 362 2079 de
391 2035 518 2078 verbo
532 2035 584 2076 ad
603 2036 772 2077 verbum
798 2035 961 2078 insertis
989 2035 1209 2085 habentes,
1232 2033 1317 2075 illis

307 2095 408 2139 alias
425 2095 463 2135 in
479 2092 549 2135 suo
572 2094 722 2136 robore
749 2094 1017 2148 permansuris
1033 2121 1046 2144 ,
1077 2092 1127 2135 ad
1148 2090 1318 2148 praemis—

307 2156 445 2197 sorum
458 2151 640 2196 effectum
654 2181 668 2204 ,
702 2154 777 2194 hac
795 2155 883 2196 vice
896 2153 1108 2196 dumtaxat
1136 2150 1319 2206 speciali·

306 2219 373 2255 ter
388 2241 401 2264 ,
414 2213 455 2253 &
470 2212 656 2266 expresse
686 2211 933 2269 derogamus
951 2242 966 2265 ,
978 2207 1208 2267 caeterisque
1222 2222 1320 2253 con-

313 2271 451 2314 trariis
465 2270 783 2326 quibuscumque
800 2301 812 2313 .

428 2332 580 2371 Datum
601 2333 741 2373 Romae
764 2330 874 2386 apud
901 2331 1089 2374 Sanstam
1111 2327 1318 2372 Mariam.-

309 2387 513 2443 Majorem
537 2388 607 2431 sub
631 2389 785 2432 annulo
809 2388 1025 2432 Piscatoris
1053 2388 1122 2430 die
1150 2400 1221 2430 x1.
1239 2390 1315 2429 Se-

309 2447 511 2504 ptembris
535 2461 731 2491 MDccxvi
746 2462 782 2491 1.
809 2445 1079 2491 Pontificatfis
1094 2445 1216 2490 nostri
1230 2447 1319 2488 An-

316 2520 372 2550 no
403 2505 567 2550 decimo
590 2507 762 2563 septimo
778 2533 792 2551 0

734 2628 789 2675 F.
808 2624 954 2677 Card.
971 2624 1215 2677 Oliverius
1235 2659 1248 2674 .

318 2814 1319 2849 ὗ-ιῃ-η--υ--ι--ι--ι--ῥ

459 2921 743 2966 EPISTOLA
793 2922 1153 2967 APOSTOLICA
1165 2952 1179 2965 .

320 3042 456 3110 Opus
478 3040 674 3109 triplicis
698 3040 1015 3108 explicationis
1038 3041 1083 3089 in
1112 3043 1324 3110 Evange-

391 3113 451 3162 lia
471 3150 487 3172 ,
502 3116 700 3163 Summo
715 3111 927 3163 Pontifici
961 3125 1323 3181 nuncupatum-2

394 3181 745 3233 commendatur
765 3219 778 3232 .

329 3317 546 3371 Admodum
576 3326 796 3368 Reverendo
835 3327 947 3369 Patri
979 3323 1180 3369 Bernardo
1195 3321 1326 3368 Abba-

484 3380 632 3423 villano
646 3412 660 3433 ,
687 3387 770 3428 FF.
793 3388 898 3429 Min.
925 3391 965 3428 5.
981 3385 1128 3430 Franci
1148 3386 1185 3427 ct·

564 3444 850 3495 Capacinorum
868 3443 1075 3506 Prqfi’fflri
1084 3472 1097 3485 .

480 3557 715 3609 Admodum
738 3561 987 3617 Reverende
1018 3567 1174 3618 Pater.

475 3688 566 3730 Uod
585 3704 687 3733 nova
704 3690 856 3748 triplici
886 3695 1159 3749 explicatione
1178 3694 1324 3736 Sacro·

335 3685 461 3840 Q
494 3744 665 3793 sannam
689 3753 899 3812 Evangelii
923 3753 1125 3800 Volumen
1151 3761 1323 3799 ornave-

2035 2059 2392 2075 ——Q

1602 2156 2159 2218 EPISTOLA

1377 2283 1614 2340 Officium
1630 2301 1742 2335 cum
1759 2281 1898 2334 Missa
1913 2283 1971 2334 de
1984 2282 2222 2334 S.Ovidio
2242 2287 2393 2336 Mart.

1446 2357 1505 2408 ab
1523 2355 1783 2408 Ordinatio
1806 2369 1910 2406 ante
1941 2359 2197 2406 Decretum
2225 2359 2274 2405 S.
2292 2357 2394 2405 Rit.

1448 2427 1848 2498 congregationis
1867 2463 1884 2486 ,
1915 2425 2095 2477 Officia
2120 2424 2181 2476 de
2211 2426 2393 2476 Sanctis

1446 2516 1541 2550 non
1559 2499 1865 2551 Canonizatis
1894 2532 1911 2556 ,
1942 2496 1993 2549 ὅ(
2021 2499 2069 2546 in
2097 2498 2399 2562 Martyrolo-

1446 2571 1529 2640 gio
1557 2588 1650 2621 non
1667 2568 1905 2637 descriptis
1931 2566 2177 2637 prohibens
2215 2563 2398 2616 conces-

1448 2641 1550 2692 sum
1565 2640 1853 2700 ,continuari
1868 2638 1992 2708 poffe
2010 2674 2027 2698 ,
2053 2637 2082 2686 ὲ
2108 2635 2394 2687 Οετάὶηαῑι.

1449 2711 1583 2762 distae
1618 2711 2013 2782 congregationis
2054 2705 2390 2758 PraPraefesto

1446 2782 1738 2833 Monialibus
1769 2781 1989 2846 Civitatis
2019 2776 2279 2829 Parifienfis
2321 2795 2392 2828 re-

1449 2855 1672 2920 ponitur.

1561 2977 1796 3023 Reverenda
1811 2978 1855 3021 in
1869 2974 2025 3034 Christo
2039 2978 2180 3021 Mater
2192 2984 2208 3015 .’

1494 3101 1534 3142 Χ
1550 3098 1701 3142 Vestrae
1716 3094 1972 3145 Reverentiae
1986 3092 2166 3149 Epistola
2184 3122 2200 3144 ,
2217 3106 2305 3149 quae
2319 3091 2396 3134 mi-

1381 3102 1479 3217 E
1510 3158 1550 3201 hi
1571 3159 1593 3199 Ξι
1620 3159 1665 3199 P..
1681 3153 1926 3216 Cherubino
1950 3153 1971 3195 ἑ
1988 3156 2125 3195 Noves
2141 3179 2157 3204 ,
2179 3164 2271 3193 cum
2297 3165 2395 3194 non-

1386 3221 1511 3261 nullis
1525 3215 1760 3259 devotionis
1778 3212 1889 3270 aeque
1900 3240 1915 3263 ,
1941 3225 1987 3254 ac
2001 3211 2100 3253 artis
2125 3210 2364 3254 muneribus
2376 3237 2394 3263 ,

1386 3279 1410 3322 ὲ
1429 3276 1573 3320 Vestra
1599 3274 1910 3317 Communitate
1924 3269 2064 3318 miffis,
2089 3270 2169 3311 acea
2188 3284 2252 3313 me
2275 3279 2398 3325 grato

1386 3336 1521 3380 animo
1534 3332 1715 3389 exceptis
1730 3330 1968 3387 praesentata
1995 3327 2071 3372 fuit
2088 3358 2103 3380 ,
2117 3329 2307 3372 intellexi
2333 3328 2400 3371 di-

1387 3394 1500 3439 versa
1525 3391 1631 3438 sensa
1646 3392 1877 3445 ‚quaeinter
1893 3386 2124 3444 Religiosas
2151 3390 2260 3431 circa
2283 3388 2397 3431 cele-

1386 3456 1619 3500 brationem
1639 3449 1790 3503 Officii,
1805 3465 1850 3493 ac
1866 3445 1988 3493 Mifl‘ae
2002 3447 2055 3490 de
2070 3447 2267 3491 S.Ovidio
2283 3450 2394 3492 Mar·

1391 3514 1570 3571 tyre,die
1585 3511 1635 3554 ab
1651 3508 1773 3552 1111510
1788 3508 1968 3552 Domino
1978 3506 2030 3550 de
2041 3505 2224 3551 Perefixe
2242 3507 2306 3550 bo.
2317 3520 2396 3549 me.

1390 3570 1717 3631 Archiepiscopo
1741 3567 1940 3612 Parissenfi
1951 3569 1999 3611 ab
2017 3581 2126 3610 anno
2162 3567 2391 3621 1663.prae-

1389 3632 1471 3678 fixo
1488 3634 1700 3678 versantur
1716 3657 1726 3669 ·
1743 3628 1867 3674 Plane
1881 3626 2084 3685 oppositio
2115 3628 2164 3671 ha
2173 3626 2240 3676 ud,
2246 3637 2392 3680 parum

1384 3691 1550 3738 fundata
1566 3689 1730 3733 videtur
1745 3719 1761 3742 ,
1776 3703 1868 3732 nam
1882 3717 1896 3741 ,
1916 3688 1984 3731 ubi
2021 3687 2156 3743 agitur
2171 3685 2224 3728 de
2244 3685 2392 3727 Sancto

1382 3766 1465 3801 non
1481 3750 1722 3798 canonizato
1733 3776 1747 3801 ³
1759 3749 1888 3794 necin
1903 3745 2220 3802 Martyrologio
2243 3740 2398 3786 descri-

2225 3811 2325 3859 pto,
