2638 4088
387 207 556 296 330

507 325 546 366 D
603 326 640 368 E
700 327 739 370 C
799 326 840 367 R
898 321 933 362 E
994 317 1032 358 T
1094 317 1136 360 Ο

399 410 493 506 sac.
511 452 849 522 Congregationis
864 412 1003 521 Epss.
1018 452 1072 501 δέ
1091 446 1247 520 Regul.

336 596 523 649 Eree'tio
552 592 661 643 novi
695 588 962 645 Monasterii
980 589 1320 659 Affumptionis

407 671 461 717 B.
483 668 545 715 V.
568 662 728 712 Mariae
748 661 1031 712 Monialium
1064 662 1320 730 Capucina·

403 753 505 787 rum
522 732 700 800 Oppidi
719 733 976 783 Mataronis
1008 733 1287 801 approbatur
1302 750 1319 790 ;

399 806 543 856 Paulo
570 804 718 854 Marti
737 819 902 853 nomen
923 803 1219 862 ProteRoi-is,
1236 803 1321 851 ele·

400 875 495 925 ξὶίο
524 874 733 925 omnium
767 875 1031 925 Puellarum
1052 875 1199 943 prima
1220 873 1323 922 vice

399 944 457 995 ad
478 944 707 996 Habitum
744 942 1109 1011 suscipiendum,
1136 942 1185 995 ὅ(
1212 938 1326 1012 post-

401 1015 594 1066 modum
609 1015 804 1066 duarum
823 1035 839 1076 ς
868 1016 951 1064 illo
970 1027 1124 1065 autem
1138 1016 1234 1066 vita
1251 1012 1323 1063 de-

401 1083 563 1136 funsto
579 1099 680 1136 tum
706 1102 871 1136 nomen
893 1084 1170 1135 Protestoris
1189 1119 1204 1142 ,
1221 1097 1323 1133 tum

399 1158 653 1208 nominatio
685 1155 881 1207 duarum
905 1157 1159 1223 puellarum
1175 1154 1325 1222 Magi·

402 1226 564 1278 stratui
583 1226 815 1280 addicitur
832 1262 848 1286 ,
872 1224 920 1278 ἃ
936 1243 1020 1294 pro
1038 1228 1143 1278 loco
1162 1225 1324 1276 Archi-

401 1299 479 1355 vi‚
515 1296 563 1348 &
577 1295 714 1364 capsae
732 1298 997 1366 pecuniariae
1022 1296 1321 1351 Sacrariuma

402 1367 613 1417 Ecclefiae
629 1368 902 1418 Parochialis
915 1366 1163 1421 destinatur
1184 1403 1198 1417 .

336 1500 384 1540 ln
413 1495 533 1553 causa
552 1497 831 1554 Barcinonenfi
845 1495 1049 1542 erectionis
1068 1523 1082 1547 ‚
1111 1495 1328 1554 &sunda-

392 1557 508 1596 tIonis
523 1562 611 1596 novt
628 1557 862 1612 Monastcrii
888 1562 1076 1599 sororum
1107 1555 1328 1611 Capacina-

389 1625 479 1653 rum
500 1612 585 1667 sub
609 1614 849 1657 invocatione
878 1614 1157 1673 Affitmptt‘onis
1186 1619 1236 1656 B.
1264 1616 1323 1657 M.

399 1671 591 1724 Virginis,
621 1672 762 1729 &stab
790 1677 941 1729 Regula
969 1673 1118 1715 sanb'lae
1140 1676 1271 1718 Clara
1285 1675 1328 1714 in

397 1729 571 1771 civitate
588 1733 815 1775 Mataronis
841 1732 1004 1790 ejusdem
1024 1731 1203 1789 Dia-cesis
1224 1737 1330 1773 Bar·-

393 1798 565 1829 emonem.

416 1905 524 1947 Aera
551 1905 832 1963 Congregatio
852 1908 1300 1952 Eminentiffimorum.)
1311 1937 1328 1960 ‚

435 1965 475 2006 ἃ,
509 1964 943 2011 Reverendiffimorum
971 1973 1012 2012 S.
1031 1968 1077 2010 R.
1098 1971 1146 2011 E.
1177 1966 1325 2011 Cardi-

331 2022 526 2066 dmalium
558 2026 730 2080 negotiis
747 2054 760 2078 ,
779 2027 818 2068 δε
843 2026 1208 2070 consultationibus
1230 2026 1327 2082 Epi·

333 2080 545 2135 scoporum
559 2113 574 2133 ,
588 2086 626 2126 &
642 2084 900 2139 Regularium
912 2083 1325 2140 praepofita,reseren-

332 2149 376 2181 te
396 2141 719 2182 Eminentiffimo
729 2141 1136 2181 Dominocardinale
1150 2137 1327 2187 cararia,

336 2199 554 2242 ponente,
581 2194 735 2237 mature
755 2196 955 2250 perpensis
985 2196 1167 2239 omnibus
1183 2195 1327 2238 instan-

334 2253 404 2296 tiis
418 2280 432 2303 ‚
449 2266 493 2294 ac
509 2253 741 2295 rationibus
770 2253 907 2295 allatis
920 2282 935 2303 ,
961 2254 1117 2297 censuit
1131 2254 1322 2295 commit-

334 2310 507 2354 tendum
524 2310 601 2352 esse
615 2338 629 2359 ‚
645 2319 763 2365 prout
780 2311 980 2364 praesentis
1001 2312 1167 2353 Decreti
1183 2319 1327 2352 tenore

336 2369 507 2423 benigne
541 2367 762 2410 committit
787 2367 985 2423 Episcopo
1009 2367 1294 2411 Barcinonensi
1313 2395 1327 2419 ‚

333 2436 395 2477 ut,
422 2425 643 2468 dummodo
669 2424 738 2468 fi-bi
766 2426 997 2469 constiterit
1022 2426 1234 2471 aedificium
1252 2428 1329 2470 hu-

331 2483 505 2543 jusmodi
520 2482 668 2527 Domus
685 2484 896 2538 Regularis
914 2500 1004 2527 cum
1018 2485 1325 2539 Ecclefia,cam-

338 2544 462 2600 panili
477 2571 491 2594 ‚
519 2543 686 2588 sacristia
702 2573 717 2596 ‚
746 2544 901 2593 choro,
918 2543 1131 2588 refectorio
1144 2573 1159 2596 ‚
1172 2546 1325 2595 dormio

338 2604 473 2654 torio,
501 2604 659 2655 hortis,
686 2602 861 2645 officinis
886 2604 1107 2647 necessariis
1128 2633 1143 2656 ‚
1166 2605 1326 2661 spatiis,

337 2663 594 2718 numerisque
612 2662 798 2705 omnibus
825 2662 903 2704 effe
925 2663 1180 2715 absolutum,
1203 2667 1243 2706 &
1266 2663 1326 2707 su·

334 2719 543 2777 pelle-stile
563 2732 645 2764 tam
663 2721 769 2763 saera
782 2749 795 2772 ,
809 2721 928 2777 quam
945 2724 1112 2777 profana
1131 2722 1329 2767 sufficien-

331 2789 401 2823 ter
429 2781 685 2833 instructum,
718 2781 835 2835 eique
862 2795 1032 2822 annuum
1049 2795 1329 2839 perpetuum-e

335 2838 541 2885 redditum
567 2854 644 2898 pro
670 2839 828 2883 alendis
848 2840 1092 2885 Mouialibus
1121 2841 1219 2888 vere
1241 2872 1259 2896 ,
1287 2845 1327 2886 δι

1079 2951 1300 3016 ΝΟ

1069 176 1658 262 Provincia

1380 333 1473 364 cum
1496 317 1638 361 effectu
1666 315 1779 361 fuiffe
1807 317 2042 374 affiguntum'
2053 350 2070 372 ,
2091 324 2142 366 ad
2156 326 2356 380 petitam...

1380 377 1612 423 Monasterii
1631 379 1877 421 erectionem
1907 378 1976 420 sub
2009 379 2264 426 invocatione
2289 383 2363 427 As-

1380 436 1617 494 sumptionis
1634 438 1765 479 Beatae
1780 437 1922 481 Mariae
1937 436 2114 491 Virginis
2125 467 2142 489 ,
2153 440 2192 482 Bt
2205 440 2274 482 sub
2287 440 2363 486 Re.

1378 498 1472 554 gula
1488 499 1635 539 Sanetae
1659 495 1794 538 Clarae
1828 496 1991 539 servatis
2014 495 2220 539 servandis
2241 497 2367 541 deve·

1381 557 1467 600 niat
1485 554 1598 610 juxta
1614 553 1846 610 sequentem
1862 556 2045 605 modum,
2063 567 2221 611 nempe:
2234 555 2366 616 Qud

1380 614 1529 657 Paulus
1545 615 1669 656 Marti
1683 612 1770 671 ejus
1787 611 1869 656 vita
1883 612 2057 656 naturali
2070 611 2245 658 durante
2257 617 2367 658 Fun-

1379 674 1500 717 dator
1525 700 1539 724 ‚
1564 674 1604 714 δε
1626 673 1839 715 Protestor
1876 671 2109 716 Monasterii
2141 672 2364 731 nuncupari

1379 731 1522 790 potiit,
1536 734 1572 774 &
1589 729 1675 787 post
1690 728 1773 785 ejus
1800 740 1974 775 mortem
1999 729 2250 784 Magistratus
2275 734 2368 775 Ma·

1379 791 1533 835 tatonis
1547 789 1726 846 potiatur
1741 789 1866 832 titulo
1880 790 2129 841 Protee'toris
2154 787 2332 847 ejusdem
2346 817 2364 842 ,

1385 852 1503 907 eique
1520 849 1640 892 Marti
1655 859 1864 906 competat
1889 847 2058 892 facultas
2073 847 2254 904 eligendi
2269 847 2371 892 duas

1385 908 1610 959 Moniales,
1637 922 1806 964 quarum
1839 908 2001 950 monitis
2029 909 2068 949 δι
2093 906 2281 963 exemplo
2306 908 2369 948 ia·

1387 969 1502 1012 cilius
1517 967 1803 1011 monachandae
1817 966 1868 1010 ad
1888 965 2056 1022 Regulae
2073 966 2367 1010 observantiam

1381 1027 1633 1070 instruantur:
1644 1024 1896 1069 desumendae
1909 1035 2043 1067 tamen
2057 1039 2103 1069 ex
2122 1023 2368 1070 Monasterio

1385 1087 1616 1130 Barcinonae
1630 1113 1645 1137 ‚
1666 1083 1923 1141 praecedente
1946 1083 2287 1133 earumconsensu
2301 1109 2316 1132 a
2331 1082 2372 1124 &

1384 1143 1943 1248 25³32⁰ffi2⁵355ssg⁶21225313
1967 1142 2072 1244 {032⁰
2086 1144 2374 1256 ,ξέἑῗὲἓωνῗὶ

2258 1229 2274 1252 ⁵

1384 1263 1476 1318 quia
1501 1261 1656 1312 nolint,
1681 1260 1745 1305 vel
1761 1264 1853 1319 quia
1880 1260 2033 1304 idoneae
2058 1273 2139 1302 non
2163 1253 2376 1316 reperian‘·

1384 1330 1453 1364 tur
1467 1349 1481 1373 ‚
1499 1320 1620 1363 liceat
1636 1318 1767 1362 eidem
1793 1334 1844 1365 ex
1858 1317 1938 1362 alio
1957 1317 2201 1362 Monasterio
2218 1317 2282 1362 vel
2299 1315 2377 1359 Gi·

1385 1392 1516 1433 ronae,
1535 1379 1601 1424 vel
1619 1377 1828 1422 Minoriffae
1841 1392 1933 1421 cum
1954 1378 2057 1421 dieta
2084 1375 2377 1434 approbatione

1387 1439 1541 1494 eligere
1556 1468 1570 1492 ,
1588 1452 1664 1481 nec
1685 1451 1765 1480 non
1780 1451 1854 1494 pro
1869 1437 1996 1495 prima
2010 1436 2095 1480 vice
2107 1433 2341 1481 nominandi
2357 1459 2373 1483 ,

1385 1500 1424 1541 δι
1452 1496 1714 1554 praesentandi
1727 1510 1868 1540 omnes
1896 1497 2051 1553 puellas
2077 1494 2127 1539 ad
2139 1495 2373 1539 Habitum..

1387 1555 1679 1613 suscipiendum
1716 1580 1731 1602 ‚
1769 1556 1810 1596 a&
1848 1553 2135 1598 Profeffionem
2186 1553 2379 1596 emitten-

1386 1615 1479 1659 dam
1492 1645 1507 1668 ,
1518 1618 1554 1658 &
1571 1611 1813 1670 inposterum
1828 1610 1928 1654 duas
1956 1612 2240 1668 capitulariter
2253 1624 2378 1654 acce·

1391 1676 1588 1731 ptandas,
1614 1672 1758 1729 quibus
1787 1669 1989 1714 defunctis
2004 1670 2119 1727 possit
2135 1670 2234 1713 alias
2248 1671 2288 1712 iu
2303 1682 2371 1711 ea-

1391 1747 1479 1775 rum
1505 1732 1637 1774 locum
1663 1730 1909 1784 subrogare,
1933 1744 2031 1785 quas
2059 1729 2172 1771 binas
2192 1728 2378 1772 nomina-

1390 1791 1524 1833 tiones
1552 1789 1693 1830 vivens
1711 1787 1879 1831 retineat
1904 1787 2052 1830 Paulus
2077 1788 2228 1838 Marti,
2257 1787 2298 1829 δι
2325 1797 2378 1829 eo

1391 1846 1478 1892 vita
1492 1846 1630 1892 funeto
1645 1845 1902 1900 Magistratus
1925 1845 2170 1896 Matar-onis,
2192 1857 2285 1887 cum
2307 1843 2382 1886 ob-

1390 1907 1588 1962 ligatione
1606 1902 1844 1960 praeferendi
1868 1903 2032 1948 Puellas
2055 1901 2382 1959 consanguinita-

1388 1977 1431 2010 te
1444 1995 1460 2017 ,
1480 1965 1544 2010 vel
1562 1963 1758 2008 affinitate
1779 1962 1892 2008 disto
1908 1961 2034 2010 Paulo
2054 1962 2180 2005 Marti
2203 1960 2380 2019 conjun-

1388 2029 1495 2076 ctas,
1520 2026 1558 2067 δε
1573 2023 1797 2066 dummodo
1818 2022 1857 2064 in
1873 2021 2071 2077 praedic-'tis
2088 2020 2284 2066 omnibus
2304 2034 2385 2064 no·-

1389 2080 1679 2123 minationibus
1691 2080 1939 2134 approbatio
1954 2080 2168 2122 ordinarii
2191 2081 2378 2132 accedat,

1388 2134 1540 2192 praevio
1552 2136 1736 2178 examine
1749 2163 1765 2187 2
1784 2137 1825 2177 δι
1840 2134 2099 2192 inquisitione
2116 2137 2231 2192 super
2250 2137 2382 2193 quali-

1389 2194 1539 2238 tatibus
1553 2192 1786 2252 Puellarum
1804 2191 2152 2239 admittendarum
2165 2207 2178 2237 ε
2190 2196 2228 2236 &
2246 2194 2381 2251 quoad

1390 2254 1527 2295 locum
1542 2251 1590 2292 ad
1606 2251 1869 2293 retinendum
1883 2253 2107 2296 Archivum
2121 2281 2137 2304 ,
2165 2254 2206 2294 δι
2221 2252 2382 2309 capsam

1388 2323 1464 2365 pro
1479 2308 1725 2365 repositione
1750 2309 2008 2364 pecuniarum
2032 2311 2275 2354 reddituumv
2296 2339 2313 2363 ‚
2340 2314 2384 2356 δι

1387 2369 1586 2412 librorum
1604 2368 1653 2411 ad
1669 2366 1787 2410 causae
1797 2367 1869 2424 piae
1880 2368 2266 2412 administrationem
2281 2383 2382 2425 per-

1386 2428 1606 2471 tinentium
1631 2455 1646 2478 ,
1672 2426 1897 2470 destinetur
1927 2428 2154 2471 sacrarium
2188 2427 2376 2473 Ecclesia

1385 2485 1665 2536 parochialis,
1694 2487 1735 2530 δι
1766 2481 1967 2542 Episcopo
1996 2485 2280 2530 Barcinonenfi
2299 2502 2378 2546 pro

1385 2545 1705 2604 supradictorum
1723 2546 1964 2588 executione
1978 2574 1990 2586 .
2141 2567 2145 2571 ·

1503 2603 1641 2647 Romae
1657 2619 1724 2661 2-3.
1739 2603 1978 2649 Decembris
1998 2616 2123 2657 1740.

1448 2722 1696 2779 Autograph.
1723 2721 1766 2766 in
1785 2722 1905 2766 Arcb.
1921 2724 2063 2765 secret.
2086 2726 2126 2765 s.
2139 2726 2375 2780 Congregat.

1494 2783 1623 2838 praed.
1637 2782 1788 2838 Regesto
1804 2779 2045 2826 Monialium
2068 2783 2190 2841 mensi
2204 2784 2259 2835 &a
2281 2782 2375 2826 anm·

1494 2844 1658 2899 pariter
1666 2839 1857 2897 pudic?-

1394 2950 1640 3018 TA.

335 3040 531 3129 Litterae
564 3067 577 3087 ,
603 3042 730 3089 quibus
752 3041 975 3080 illustriffimo
999 3044 1035 3080 δε
1064 3043 1357 3081 Reverendissimo
1386 3045 1547 3084 Domino
1571 3042 1747 3093 Episcopo
1773 3041 2018 3083 Barcinonenfi
2045 3045 2187 3081 Decreti
2212 3043 2382 3083 executio

445 3088 511 3125 fuit
533 3091 727 3138 commiffa,
751 3091 890 3130 fuerunt
915 3093 1042 3131 tenoris
1061 3092 1233 3139 sequentis
1250 3104 1262 3126 ε

437 3184 673 3235 Perilluflris,
703 3189 745 3231 ἀπ’
769 3189 1056 3240 Reverendiffimo
1080 3191 1240 3229 ‘Domine
1265 3192 1321 3228 uti
1342 3189 1465 3228 Frater
1485 3219 1493 3227 .
1516 3191 1647 3231 Relatd
1671 3192 1716 3229 ab
1742 3191 2002 3241 Eminentiffmo
2018 3190 2180 3228 ‘Domino
2195 3189 2373 3228 Cardian-

340 3237 371 3274 le
389 3234 546 3286 Carafflt,
561 3236 727 3278 Ponente,
742 3241 846 3276 caasa
860 3239 1115 3288 ‘Barcinonensi
1122 3239 1297 3277 ereiiionis
1309 3239 1580 3288 &fundationis
1598 3242 1682 3278 novi
1694 3239 1928 3290 Monasterii
1939 3241 1967 3277 S
1968 3249 2102 3276 vrorum
2117 3238 2376 3286 Capueinarum

342 3285 546 3325 Mataronis
570 3283 641 3321 unci
667 3296 742 3322 cum
755 3289 854 3335 causa
876 3289 937 3338 pia
961 3287 1006 3325 ad
1018 3287 1217 3339 instantiam
1235 3287 1352 3327 'Pauli
1367 3289 1485 3327 Marti
1504 3312 1518 3332 ‚
1541 3289 1759 3339 omnibusque
1769 3291 1873 3326 etiam
1897 3286 2071 3337 instantiis
2085 3286 2129 3328 ὁ·
2151 3286 2373 3334 rationibus,

339 3335 456 3372 Sacra
477 3332 708 3381 congregatio
722 3334 957 3386 Episcoporum
982 3337 1026 3380 ό·
1050 3337 1279 3386 Regularium
1292 3336 1414 3375 nedum
1439 3336 1605 3387 rescripstt
1616 3347 1678 3387 pro
1698 3338 1824 3385 gratia
1835 3336 1962 3427 ’gum‘
1976 3333 2108 3372 modum
2124 3333 2306 3386 expreffum
2329 3338 2372 3374 in

336 3383 487 3420 Decreto
504 3381 593 3418 edito
616 3383 660 3425 ὠ·
671 3383 826 3431 expedito
837 3409 850 3428 ,
873 3387 963 3436 quod
976 3386 1083 3426 difius
1100 3386 1232 3425 Orator
1249 3385 1486 3435 Amplitudini
1503 3383 1584 3423 Tuae
1596 3386 1791 3424 exhibuerit
1803 3407 1818 3429 ‚

1908 3383 1952 3419 ab
1975 3383 2043 3432 ipso
2062 3408 2076 3428 ,
2101 3383 2275 3432 quidquid
2285 3386 2324 3421 in
2338 3396 2376 3423 eo

336 3431 545 3480 praecfpl‘tssr
560 3455 572 3473 a
596 3440 659 3480 pro
673 3431 789 3468 debita
814 3437 1010 3472 executione
1019 3437 1208 3484 percipiet,
1232 3436 1352 3472 veram
1376 3436 1479 3471 etiam
1503 3434 1588 3471 mihi
1600 3434 1784 3483 injunxit,
1808 3442 1850 3471 ut
1871 3431 2052 3481 prasentes
2076 3433 2123 3468 ad
2146 3432 2286 3471 eandm
2311 3433 2376 3470 da·

340 3491 413 3517 rom
440 3478 557 3515 adhoc
571 3504 582 3521 ‚
607 3489 649 3517 ut
672 3480 873 3529 Amplitudo
893 3483 970 3520 Tua
995 3484 1160 3534 insinuet,
1174 3494 1278 3533 atque
1302 3483 1459 3522 hortetur
1481 3482 1606 3520 ditium
1632 3479 1781 3521 Paulum
1806 3481 1921 3519 Marti
1946 3480 1993 3518 ad
2015 3480 2187 3529 augendos
2213 3482 2373 3521 redditus

340 3529 449 3577 causa
462 3529 525 3577 piae
544 3528 647 3577 usque
672 3529 719 3564 ad
733 3529 897 3576 summam
915 3533 1086 3570 librarum
1101 3543 1298 3570 annuarum
1301 3532 1599 3582 septingentarum
1612 3531 1870 3580 quinquaginta
1883 3554 1896 3574 ,
1921 3527 2001 3574 vel,
2022 3539 2191 3578 quatenus
2216 3540 2368 3578 renuat,

341 3576 496 3626 consulat
508 3601 521 3622 ,
549 3587 591 3615 ut
610 3577 781 3615 Moniales
794 3582 1015 3619 nominandas
1034 3583 1177 3620 reducat
1187 3581 1233 3619 ad
1245 3581 1407 3618 minorem
1419 3591 1595 3619 numerum
1609 3605 1619 3616 .

337 3625 484 3674 fignifico
497 3651 509 3671 ,
532 3627 787 3676 quatenusejas
804 3629 905 3677 solito
919 3631 989 3668 zelo
1012 3633 1206 3669 executioni
1229 3629 1435 3670 demandare
1458 3631 1624 3682 dignetur
1644 3652 1658 3675 ‚

339 3681 458 3719 precor
472 3673 492 3710 ὰ
502 3675 647 3712 Domino
662 3703 670 3714 .
687 3674 797 3716 Rome
813 3691 869 3727 ²3·
888 3680 1096 3718 ‘Decembris
1113 3691 1218 3731 ¹74⁰·

442 3787 674 3846 uiatograph.
691 3798 730 3832 in
755 3799 913 3839 Archino
930 3797 1126 3849 supradito»
1139 3825 1149 3835 -

1684 3587 1866 3629 uapropter
1879 3587 1989 3616 totum
2013 3576 2271 3626 ‹Amplitudini
2288 3578 2370 3615 Tne

1748 3628 1856 3667 eidem
1882 3629 2036 3667 veriores
2054 3628 2244 3678 felicitates
2267 3625 2367 3665 enixi

1693 3731 1746 3800 J.
1768 3727 2027 3781 cardinalis
2046 3730 2206 3779 Firrao
2223 3762 2237 3777 .

2228 3844 2327 3880 Con-
