2612 4100
418 247 582 333 124

349 366 390 407 δι
404 359 634 407 innovatis.
647 361 804 421 Qibus
820 356 1002 402 omnibus
1027 357 1068 398 δι
1082 354 1267 411 siugulis,
1289 357 1336 400 il-

350 425 484 467 lorum
509 430 698 473 tenores,
725 416 987 475 praesentibus
1012 427 1089 470 pro
1118 415 1265 471 plene,
1295 419 1336 459 δε

1081 214 1743 302 Provincia

1396 357 1556 413 ptoria,
1585 355 1654 400 seu
1683 357 1937 401 Commenda
1965 355 2238 414 subjeetaseffe
2255 361 2396 406 asseri,-
2444 373 2446 376 ·

1396 428 1465 464 tur
1479 442 1493 465 ,
1508 417 1740 472 praevioque
1762 418 1886 461 etiam
1905 415 2098 460 consensu
2124 419 2180 462 sui
2205 422 2399 475 Superio-

350 480 600 525 sufficienter
614 476 827 534 expreffis,
853 487 900 514 ac
917 472 967 514 ad
984 473 1153 516 verbum
1175 473 1331 519 insertis
1390 477 1444 519 ris
1471 474 1635 523 Ordinis
1662 474 1935 523 secundodiffti
1970 486 2163 532 receptus
2195 505 2227 533 ,μ
2253 480 2294 520 &
2322 479 2396 523 ad-

350 542 545 584 habentes
560 538 666 587 ,illis
686 535 782 577 alias
799 534 837 575 in
853 531 925 574 suo
939 532 1088 576 robore
1101 537 1333 590 permanlu-

349 601 431 649 ris,
446 600 496 641 ad
516 592 795 651 praemifforum
807 590 991 634 effectum
1005 593 1080 635 hac
1105 593 1194 636 vice
1216 593 1345 637 (ἰιιτπι-ν

351 667 463 702 taxat
491 651 719 710 specialiter
734 679 748 702 ,
784 652 820 692 δι
844 651 1031 707 expresse
1063 653 1306 707 derogamus
1321 683 1335 707 ,

352 715 583 769 caeterisque
596 708 814 753 contrariis
829 709 1150 767 quibuscumque
1161 741 1173 754 .

467 773 612 813 Datum
645 771 787 811 Romae
815 768 922 825 apud
956 771 1141 812 Sanstum
1170 772 1337 815 Petrum

350 834 420 876 sub
433 828 604 873 Annulo
624 827 836 871 Piscatoris
849 827 915 871 die
927 841 968 869 x.
984 830 1197 872 Februarii
1214 845 1336 875 Μοσ-

352 902 495 934 Lxxix.
513 884 776 930 Pontificatfis
791 885 914 930 nostri
929 889 1050 931 Anno
1079 889 1208 932 tertio
1225 917 1238 930 .

409 1005 656 1062 Autograpb.
682 1007 726 1047 in
740 1005 910 1049 Archivo
932 1009 1078 1050 ‚Secret-
1108 1009 1338 1050 Bavium-2

465 1065 768 1121 Apostolicorum
785 1064 940 1123 Regqsto
955 1065 1087 1123 merqst's
1111 1094 1127 1119 ,
1159 1067 1208 1116 θ’
1230 1069 1331 1109 anni

457 1123 588 1184 prad.
597 1123 726 1183 fol.7.
882 1155 885 1159 s

639 1270 1059 1338 NOTA.

349 1446 524 1536 REbus
551 1450 586 1485 &
618 1447 865 1489 circumstantiis
887 1450 1066 1487 immutatis
1093 1452 1175 1494 unio
1200 1462 1260 1497 per
1273 1451 1340 1493 hoc

350 1547 370 1581 b
399 1547 422 1580 't
466 1496 696 1547 Apostolicum
707 1498 819 1541 Breve
839 1499 1027 1546 praescripta
1058 1499 1166 1539 locum
1191 1501 1259 1536 non
1280 1495 1340 1536 ha-

374 1558 405 1581 ιιι
435 1570 446 1580 .

347 1769 617 1841 Tranfitum
637 1776 863 1821 Ludovici
876 1776 1082 1840 Depoldt
1097 1775 1154 1822 de
1168 1775 1348 1823 Ordine

418 1836 591 1897 nostro,
608 1839 667 1888 ad
693 1843 953 1892 Canonicos
970 1844 1244 1909 Regularcs,
1259 1843 1352 1888 Or-

420 1908 538 1960 dinis
565 1908 718 1959 Sanffl
735 1909 951 1977 Spiritus,
968 1913 1230 1981 legitimum
1249 1945 1265 1969 ,
1302 1906 1352 1964 ὃς

418 1980 468 2027 in
497 1993 694 2045 utroque
723 1979 827 2029 foro
863 1979 1062 2029 sustineri
1081 1980 1315 2028 declarat.
1361 2027 1363 2029 .

350 2117 823 2172 CLEMENS
891 2117 1155 2166 PAPA
1218 2116 1346 2165 XI.

551 2235 619 2278 Ad
617 2233 814 2294 saturam
828 2230 892 2276 rei
907 2236 1136 2278 memoriam
1145 2263 1157 2275 .

469 2352 603 2408 Xponi
634 2351 763 2395 Nobis
795 2363 925 2405 nuper
945 2350 1044 2392 fecit
1076 2350 1250 2394 dilectus
1280 2349 1350 2390 Fi·

356 2358 452 2469 E
485 2410 562 2452 lius
588 2438 602 2461 ,
632 2409 868 2451 Ludovicus
887 2407 1071 2462 Depoldt
1087 2436 1100 2458 ,
1119 2407 1349 2453 canonicus

350 2470 571 2527 Regularis
586 2467 772 2523 expresse
802 2467 1004 2510 Professus
1030 2467 1198 2511 Ordinis
1217 2467 1349 2509 Sancti

350 2527 526 2587 Spiritus
542 2558 556 2579 ,
580 2526 690 2583 quod
706 2526 789 2583 ipse
810 2526 924 2579 alias,
943 2541 1085 2582 nempe
1111 2527 1243 2570 menie
1275 2528 1353 2569 Fe-

351 2588 518 2632 bruario
538 2587 663 2642 1698.
696 2594 865 2643 propter
877 2585 1066 2643 quasdam
1087 2600 1227 2641 graves
1254 2599 1349 2627 cau-

350 2649 408 2692 sas
440 2648 488 2691 ab
505 2647 662 2689 Ordine
689 2647 876 2688 Fratrum
898 2645 1208 2700 Capucinorum
1228 2671 1242 2693 ,
1275 2645 1347 2688 in„

351 2720 434 2765 quo
459 2704 739 2762 professionem
773 2704 1007 2759 regularem
1036 2703 1224 2747 emiserat
1250 2732 1264 2755 ,
1296 2703 1347 2745 ad

350 2777 646 2823 quamcumque
661 2762 780 2804 aliam
799 2763 1065 2817 Religionem
1080 2790 1094 2813 ,
1111 2764 1148 2806 in
1163 2777 1241 2819 qua
1269 2764 1349 2806 Re-

354 2824 534 2883 gularis,
561 2825 601 2864 &
617 2821 852 2865 Claustralis
880 2821 1141 2865 observantia
1159 2823 1316 2879 vigeret
1335 2850 1349 2873 ,

353 2882 586 2927 transeundi
602 2879 805 2924 licentiam
822 2882 890 2924 fibi
912 2895 984 2938 per
1013 2881 1186 2932 litteras,
1202 2896 1272 2938 per
1285 2877 1348 2922 of-

352 2942 487 2985 ficium
515 2940 832 2984 Poenitentiariae
849 2940 1092 2997 Apostolicae
1117 2941 1346 2996 expeditas,

356 2999 528 3043 concedi
550 3000 755 3053 obtinuit3
771 3001 812 3041 &
834 2999 1000 3042 subinde
1015 3027 1028 3050 ,
1041 3013 1130 3043 cum
1147 3010 1244 3042 tune
1261 2999 1346 3041 exi-

355 3059 528 3101 stentem
540 3060 795 3114 Superiorem
821 3059 1113 3114 Praeceptoriae,
1132 3058 1196 3100 seu
1218 3062 1348 3101 Com-

358 3117 511 3161 mendae
555 3120 850 3162 Conventualis
890 3118 1042 3175 Oppidi
1099 3118 1349 3159 Divionensrs

362 3175 590 3233 primodieii
610 3175 1357 3232 Ordinis,LingonenfisDioecefis,be·

357 3235 555 3283 nevolum
580 3231 638 3277 sui
662 3246 918 3290 receptorem
934 3236 1160 3288 inveniffet,
1177 3236 1356 3291 vigore..-

359 3294 593 3396 {itterarum
610 3291 836 3347 hujusmodi
852 3295 891 3337 in
905 3297 1047 3339 eadem
1069 3296 1355 3352 Praeceptoria,

380 3369 432 3397 eu
450 3352 702 3396 Commenda
721 3354 996 3396 Conventuali
1011 3383 1026 3405 ,
1051 3356 1092 3397 in
1116 3369 1192 3412 qua
1208 3355 1283 3411 (ut
1297 3347 1357 3395 as-

357 3414 455 3456 serit
476 3414 496 3470 )
520 3410 714 3468 regularis
745 3413 784 3453 δε
820 3412 1043 3456 claustralis
1085 3415 1196 3470 viget
1222 3409 1356 3456 obser-

356 3473 520 3518 vantia,
535 3472 583 3515 ad
599 3470 796 3513 Habitum
809 3488 881 3528 per
909 3473 1015 3515 illius
1031 3473 1264 3516 Canonicos
1278 3474 1356 3514 Re-

357 3532 518 3587 gulares
532 3530 669 3586 gestari
682 3528 898 3580 solitum,&
916 3531 1258 3583 succeffive,anno
1270 3546 1359 3586 pro—

356 3591 533 3634 bationis
558 3586 709 3646 elapso,
738 3589 786 3631 ad
804 3589 1086 3645 professionem
1107 3606 1179 3647 per
1196 3591 1356 3634 eosdem

360 3650 495 3691 emitti
511 3647 742 3693 consuetam
759 3677 774 3701 ‚
806 3650 983 3692 unanimi
1006 3650 1248 3694 eorumdem
1273 3653 1356 3693 Ca·

361 3708 602 3752 nonicorum
621 3707 885 3765 Regularium
901 3718 997 3750 voto
1011 3735 1023 3757 ,
1050 3723 1097 3752 ac
1123 3709 1175 3753 de
1193 3709 1356 3754 consen-

359 3768 401 3810 su
419 3797 431 3819 ,
448 3767 487 3806 &
503 3768 689 3810 mandato
720 3767 970 3811 Venerabilis
996 3770 1142 3811 Fratris
1170 3768 1354 3823 Episcopi

363 3824 624 3886 Lingonensss
640 3853 653 3881 ,
668 3826 779 3884 cujus
792 3825 1056 3889 jurisdictioni
1077 3828 1182 3875 dicta
1199 3831 1353 3872 Praece-

1397 531 1524 578 missus
1537 562 1551 585 ,
1568 536 1607 576 δι
1627 535 1752 591 paulo
1771 534 1856 590 post
1875 536 1915 577 in
1931 536 2192 591 Superiorem
2210 535 2391 592 ejusd-em

1393 595 1674 648 Praeceptoriae
1689 623 1703 646 ,
1720 595 1783 636 seu
1804 593 2068 637 Commendae
2081 595 2172 636 Con
2180 596 2394 645 ventualis‚

1396 653 1582 708 legitimo
1600 654 1815 709 Superiore
1831 661 1928 696 tunc
1952 652 2180 704 destitutae,
2208 667 2397 698 commu-

1394 715 1513 756 nibus
1530 708 1721 767 suffragiis
1738 712 1935 756 canonice
1963 713 2115 755 electus
2130 709 2205 754 fuit
2217 738 2232 761 ,
2247 711 2399 770 (ibique

1398 779 1554 814 attenta
1579 771 1776 814 elestione
1791 769 2020 828 hujusmodi
2035 771 2087 813 de
2115 769 2220 812 dieta
2235 771 2398 815 Praece-

1398 830 1560 888 ptoria,
1587 829 1651 873 seu
1677 830 1932 874 commenda
1966 844 2039 887 per
2064 831 2223 875 litteras
2246 829 2390 873 dilee‘ti

1396 890 1547 948 pariter
1561 889 1681 939 Filii,
1710 889 1890 943 Magistri
1915 888 2152 933 Bernardini
2168 885 2335 938 Catani,
2350 890 2392 932 in

1397 958 1570 1003 utraque
1598 949 1810 1003 signatura
1835 948 1967 991 nostra
1997 946 2283 990 Referendarii
2297 974 2312 997 ,
2342 960 2388 991 ac

1398 1005 1736 1063 Archihospitalis
1770 1008 1904 1050 saneti
1931 1006 2105 1063 Spiritus
2133 1008 2175 1048 in
2202 1005 2318 1048 Saxia
2343 1004 2398 1048 de

1399 1066 1518 1113 Urbe
1539 1066 1805 1120 Praeceptoris
1819 1065 2052 1121 ,totiusque
2075 1064 2240 1107 Ordinis
2253 1063 2402 1119 praedi-

1402 1126 1452 1169 cti
1479 1124 1657 1180 Magistri
1673 1124 1910 1175 Generalis,
1924 1139 2012 1179 quae
2028 1122 2050 1165 a
2065 1123 2173 1165 disto
2187 1122 2395 1178 Episcopo

1404 1183 1644 1240 Lingoneufi
1660 1211 1675 1235 ,
1689 1183 1767 1226 five
1780 1182 1862 1239 ejus
1879 1181 2053 1225 officiali
2068 1181 2303 1224 executioni
2325 1181 2401 1224 de-

1405 1242 1600 1286 mandata:
1634 1240 1801 1285 fuerunt
1827 1270 1840 1291 ,
1864 1241 2075 1298 provideri
2103 1239 2282 1283 obtinuit
2303 1251 2400 1289 ,ac

1405 1302 1641 1346 earumdem
1655 1302 1866 1343 literarum
1890 1301 2031 1355 vigore
2054 1301 2093 1342 in
2109 1299 2222 1342 illius
2250 1293 2406 1353 poffes-

1402 1361 1550 1405 tionem
1567 1357 1778 1411 immissus,
1794 1361 1834 1400 δι
1849 1360 1899 1401 ab
1918 1359 2104 1401 omnibus
2135 1356 2305 1400 Ordinis
2324 1384 2339 1407 ,
2359 1356 2402 1397 δε

1400 1419 1675 1475 Praeceptoriae
1695 1417 1924 1475 hujusmodi
1954 1416 2166 1474 Religiofis
2197 1417 2237 1457 in
2254 1413 2400 1469 legiti-

1402 1495 1509 1523 mum
1529 1479 1787 1529 Superiorem
1810 1476 1984 1528 ejusdem
2003 1474 2282 1532 Praeceptoriae
2297 1499 2312 1522 2
2329 1471 2397 1515 seu

1399 1537 1663 1583 Commendae
1693 1537 1930 1593 recognitus
1955 1536 2061 1585 fuit,
2086 1549 2161 1586 ac,
2189 1535 2246 1575 uti
2264 1531 2392 1584 talis,

1399 1597 1591 1643 Novitios
1615 1596 1666 1639 ad
1682 1598 1881 1641 Habitum
1895 1593 2051 1638 admifit
2063 1622 2077 1644 ,
2090 1593 2302 1647 omniaque
2318 1605 2392 1647 per

1402 1657 1663 1714 Superiorem
1679 1655 1792 1707 fieri,
1805 1657 1845 1696 &
1859 1654 1996 1710 peragi
2022 1651 2136 1696 solita
2151 1680 2164 1703 ,
2191 1652 2392 1694 nemineae

1403 1715 1742 1766 contradicente,
1761 1715 1947 1756 hactenus
1964 1711 2078 1769 geffit
2093 1741 2107 1764 ,
2136 1725 2181 1753 ac
2198 1713 2236 1752 in
2261 1709 2401 1751 dieta...

1410 1774 1680 1823 Praeceptoria
1705 1800 1720 1821 ,
1746 1774 1812 1811 seu
1836 1771 2093 1812 Commenda
2131 1769 2402 1821 regularem,

1410 1829 1664 1882 disciplinam
1679 1823 2131 1879 restauravit,illiusque
2146 1826 2252 1865 bona
2267 1825 2291 1866 ὲ
2304 1835 2407 1863 non-

1412 1885 1533 1929 nullis
1563 1893 1763 1940 occupata
1785 1882 2043 1938 recuperavit
2069 1908 2084 1931 ,
2117 1894 2164 1925 ac
2189 1879 2411 1922 restitutio-

1412 1959 1504 1987 nem
1518 1942 1691 1986 duarum
1705 1945 1931 1985 Domorum
1948 1940 2046 1982 dieti
2070 1939 2240 1982 Ordinis
2255 1951 2304 1981 ex
2324 1939 2409 1980 Re·

1408 2003 1475 2053 gio
1494 1999 1706 2041 Tribunali
1723 1999 1970 2050 reportavit,
1996 1995 2266 2050 eumdemque
2278 1997 2408 2037 Ordi-

1407 2054 1556 2099 nemin
1575 2056 1648 2096 suis
1665 2055 1778 2096 bonis
1794 2081 1808 2104 ,
1831 2068 1876 2095 ac
1894 2054 2092 2097 Domibus
2119 2056 2144 2098 ὲ
2167 2053 2398 2098 chariffimo

1407 2116 1448 2157 in
1465 2113 1628 2155 Christo
1643 2111 1746 2154 Filio
1761 2112 2133 2164 nostro,Ludovico
2149 2114 2399 2155 Francorum

1407 2175 1524 2227 Rege
1561 2171 1892 2214 Christianiffimo
1930 2185 2003 2228 per
2026 2180 2163 2214 totum
2194 2170 2278 2229 ejus
2311 2174 2400 2214 Re-

1410 2245 1534 2287 gnum
1549 2230 1790 2284 reintegrari
1819 2230 1997 2272 obtinuit
2011 2257 2024 2270 .

1529 2291 1636 2330 Cum
1652 2297 1787 2329 autem
1805 2315 1819 2337 ,
1835 2287 1933 2331 ficut
1949 2287 2091 2330 eadem
2107 2288 2299 2344 expofitio
2316 2289 2408 2332 sub-

1409 2347 1621 2404 jungebat,
1643 2346 1826 2389 nonnulli
1842 2347 2059 2391 saeculares
2085 2347 2229 2391 statum
2243 2347 2411 2404 regula-

1410 2421 1497 2450 rem
1513 2407 1553 2452 in
1572 2407 1841 2462 Praeceptoria
1855 2432 1869 2455 a
1885 2405 1953 2450 seu
1976 2405 2250 2458 Commenda,
2268 2407 2309 2451 &
2325 2408 2409 2449 Or-

1409 2467 1503 2509 dine
1530 2463 1728 2522 praedidtis
1743 2479 1815 2521 per
1836 2464 1988 2511 difiium
2020 2464 2205 2522 Regnum
2251 2463 2410 2514 restitui

1411 2525 1517 2580 aegre
1537 2524 1812 2575 serentes,ex
1838 2539 1888 2567 eo
1918 2523 2101 2574 scilicet,
2123 2523 2234 2580 quod
2268 2528 2307 2567 se
2333 2537 2407 2580 per

1411 2586 1538 2628 dictos
1555 2584 1780 2640 Religiosos
1794 2612 1807 2635 ,
1822 2586 1860 2626 δι
1875 2584 2087 2639 praesertim
2103 2582 2200 2624 dien·
2219 2582 2407 2626 Ludovi·

1411 2646 1448 2688 ci
1462 2642 1585 2701 opera
1604 2645 1655 2686 ab
1667 2642 2013 2687 administratione
2030 2644 2248 2689 bonorum,
2262 2643 2300 2683 8«
2318 2642 2408 2684 Do-

1411 2718 1565 2748 morum
1582 2703 1678 2746 dicti
1693 2703 1883 2753 Ordinis,
1904 2702 1970 2745 cui
1986 2701 2022 2744 se
2039 2703 2062 2743 a
2084 2700 2271 2756 pluribus
2288 2699 2406 2754 annis

1410 2763 1593 2807 indebite
1609 2762 1912 2805 immiscuerunt
1925 2788 1939 2811 ,
1952 2761 2070 2817 seque
2086 2761 2127 2803 in
2142 2773 2189 2808 ea
2214 2767 2404 2802 manute-

1411 2838 1507 2866 nere
1522 2822 1705 2864 ambiunt
1721 2849 1735 2872 ,
1750 2820 2018 2863 removendos
2036 2816 2112 2862 efl'e
2136 2817 2326 2867 timeant,
2344 2817 2406 2872 ip-

1410 2881 1494 2927 sum
1513 2881 1770 2927 Ludovicum
1785 2907 1798 2929 ,
1811 2878 1928 2936 super
1945 2877 2155 2922 validitate
2169 2876 2253 2934 ejus
2267 2875 2407 2919 tranfi-

1408 2941 1473 2983 tfis
1494 2942 1514 2982 a
1530 2940 1817 2987 secundodidto
1832 2937 2011 2990 Ordine,
2024 2937 2077 2979 ad
2103 2935 2406 2992 primodidtum,

1409 3002 1550 3056 vigore
1566 2999 1793 3042 litterarum
1810 2995 2128 3040 Poenitentiariae
2145 2993 2401 3051 Apostolicae,

1410 3073 1508 3116 quas
1521 3059 1648 3102 minus
1661 3057 1712 3099 ad
1729 3056 1769 3099 id
1785 3055 2026 3112 sufficientes
2052 3052 2163 3096 fuisse
2183 3050 2399 3108 praetendi-

1419 3130 1488 3160 tur
1500 3145 1513 3166 ,
1532 3118 1630 3161 ficut
1645 3117 1908 3173 praemittitur
1922 3142 1936 3164 ,
1954 3113 2046 3157 faeti
2058 3143 2073 3163 ,
2092 3111 2304 3154 molestare
2318 3122 2408 3151 coe-

1419 3177 1583 3233 perint,
1612 3191 1657 3218 ac
1675 3175 1845 3231 proinde
1873 3175 2002 3216 dietus
2031 3170 2291 3220 Ludovicus,
2318 3181 2408 3211 nea

1417 3235 1606 3278 validitas
1621 3233 1706 3290 ejus
1730 3229 1915 3276 transitus
1930 3228 2156 3288 hujusmodi
2180 3228 2218 3271 in
2238 3225 2407 3269 dubium

1417 3304 1637 3337 revocetur
1651 3321 1663 3343 ,
1697 3293 1854 3347 aliaque
1869 3287 2055 3345 praemifl‘a
2068 3317 2082 3339 ,
2113 3289 2153 3328 &
2183 3286 2276 3329 inde
2299 3284 2403 3339 legi-

1416 3352 1514 3396 time
1530 3354 1695 3407 sequuta
1710 3362 1970 3407 quaecumque
1986 3347 2262 3396 controverti,
2278 3345 2316 3386 &
2330 3344 2403 3385 im·

1420 3415 1586 3468 pugnari
1604 3410 1833 3464 contingat,
1852 3408 1934 3459 sed,
1949 3417 1996 3450 ut
2021 3406 2089 3448 illa
2104 3406 2142 3447 in
2161 3403 2222 3446 sua
2244 3404 2403 3445 roboris

1418 3471 1607 3514 firmitate
1623 3478 1906 3526 permaneant3
1922 3469 2052 3523 sicque
2072 3465 2178 3506 varia
2203 3462 2405 3510 scandala,

1418 3533 1457 3574 &e
1475 3530 1718 3586 praejudicia,
1733 3541 1816 3582 quae
1831 3527 2008 3581 alioquin
2024 3522 2303 3580 sequerentur,
2318 3522 2406 3565 cvi·-

1417 3600 1579 3641 tentur,
1602 3589 1672 3631 fibi
1692 3589 1732 3629 in
1758 3585 1954 3641 praemiffis
1971 3581 2200 3639 opportune
2226 3583 2247 3624 a
2276 3577 2404 3623 Nobis

1415 3649 1644 3707 provideri,
1657 3649 1697 3689 δε
1711 3675 1725 3699 ,
1740 3655 1783 3686 ut
1795 3643 1914 3696 infra,
1930 3643 2129 3699 indulgeri
2150 3635 2405 3705 summopere

1416 3708 1640 3753 defideret.
1672 3710 1755 3749 Nos
1780 3704 1903 3760 ipsum
1933 3702 2188 3746 Ludovicum
2214 3696 2400 3754 speciali·

1411 3770 1484 3812 bus
1498 3769 1574 3809 &c.
1591 3765 1776 3808 volentes
1791 3793 1806 3814 ,
1819 3766 1858 3804 &
1872 3766 1892 3804 εἰ
1909 3760 2112 3819 quibusvis
2136 3762 2213 3802 διε.
2231 3753 2402 3798 censen-

1413 3838 1493 3879 tes,
1516 3823 1870 3888 supplicationibus
1885 3822 1964 3879 ejus
1995 3822 2156 3864 nomine
2174 3815 2303 3879 Nobis
2321 3814 2401 3856 διε.

2284 3886 2346 3912 iss-
