2592 4094
1035 243 1603 359 Insulensts.

2068 283 2234 364 239

281 390 353 431 'aut
369 385 631 430 fenestrarum
653 386 692 428 in
710 384 854 431 nostris
868 384 1152 431 conventibus
1164 416 1178 439 ,
1193 403 1264 431 cu·
1309 388 1572 434 ‚familiaritas
1587 385 1784 442 extinguit
1799 382 1976 442 spiritum
1990 387 2214 431 devotionis
2227 418 2240 439 ,
2252 396 2292 434 δε

277 446 336 506 jus
365 446 460 488 loco
488 456 652 489 utentur
680 448 818 490 charta
844 475 860 498 ,
884 445 966 489 tela
987 454 1124 490 cerata
1152 473 1166 496 ,
1195 454 1263 489 aut
1324 455 1490 502 generat
1514 445 1684 489 infinitas
1713 444 2067 503 inquietitudines,
2093 458 2139 485 ac
2153 446 2291 490 distra-

277 507 465 556 corneis,
493 514 760 562 praeterquam
784 505 824 561 in
854 503 1060 556 Ecclesia,
1086 504 1259 554 Choro,

279 562 748 613 Sacristia‚1nfirmario‚
776 561 910 604 culina
928 590 942 613 ,
965 563 1006 603 δε
1019 559 1174 604 locoad
1187 561 1256 602 ab-

277 621 447 665 luendas
472 619 658 664 scutellas
686 620 920 677 designato,
945 633 1032 676 quae
1055 618 1257 662 nihilomi-

276 693 355 724 nus
384 688 504 722 erunt
528 679 726 738 simplices
746 680 827 722 siue
853 677 938 720 ulla
962 679 1116 735 pictura
1140 703 1155 726 ,
1185 683 1255 720 aut

278 738 478 793 insigniis.
1226 744 1229 747 “

395 795 587 840 Utensilia
614 796 746 839 omnia
773 794 902 840 nostra
930 794 1004 838 sint
1019 793 1257 852 simpliciaoss

274 856 408 910 lignea
427 884 443 907 ,
455 862 524 897 aut
547 862 700 907 terrea3
715 863 754 896 at
770 855 809 896 in
824 851 1051 896 Infirmario
1063 860 1255 909 poterunt

272 915 415 957 haberi
431 911 609 969 quaedam
635 913 725 955 vasa
746 914 931 962 stannea,
955 910 983 951 si
1000 925 1078 953 non
1112 909 1254 966 possint

272 971 412 1016 haberi
446 980 607 1020 terrea,
636 977 703 1010 aut
719 969 853 1024 lignea
884 981 958 1023 pro
972 967 1168 1020 infirmis,
1198 969 1254 1009 ita

273 1038 414 1072 tamen
430 1056 445 1079 ,
461 1034 508 1070 ut
522 1036 634 1069 extra
658 1024 925 1068 Infirmarium
951 1041 1088 1069 eorum
1106 1040 1187 1068 non
1204 1026 1251 1068 fit

271 1090 389 1139 usus3
418 1085 566 1127 tamin
581 1083 816 1127 utensilibus
832 1112 846 1135 ,
861 1096 983 1139 quam
1001 1085 1040 1127 in
1056 1084 1251 1141 quibusli-

267 1146 341 1190 bet
365 1143 453 1186 aliis
467 1150 660 1186 caveatur
673 1144 696 1187 a
709 1141 912 1199 superfluis
926 1171 938 1183 .

386 1201 631 1246 Nullatenus
645 1201 815 1245 Sorores
843 1200 1016 1244 habeant
1033 1202 1070 1244 in
1090 1199 1250 1245 cellulis

271 1263 347 1305 suis
360 1261 473 1304 cistas
488 1288 502 1311 ‚
525 1258 692 1302 armaria
703 1289 717 1312 ,
739 1269 808 1303 aut
835 1259 1005 1315 picturas
1021 1289 1036 1311 ‚
1049 1260 1115 1303 sed
1131 1274 1250 1303 unam

271 1321 429 1363 tantum
443 1347 457 1371 ,
469 1327 538 1361 aut
557 1319 727 1361 alteram
743 1318 965 1374 Imaginem
981 1320 1252 1370 chartaceam,

269 1391 360 1422 cum
372 1389 498 1433 parvo
510 1377 718 1420 Crucifixo
731 1377 1005 1433 ligne0,quod
1022 1392 1095 1420 nec
1112 1379 1158 1420 sit
1176 1377 1250 1420 de-

267 1435 450 1479 auratum
464 1462 478 1486 ,
495 1449 570 1477 nec
584 1435 731 1490 pictum
747 1465 761 1489 ‚
781 1437 898 1478 nisiin
913 1437 1089 1492 quinque
1113 1437 1252 1479 vulne-

266 1495 375 1538 ribus
388 1521 403 1545 ‚
423 1494 464 1535 δι
480 1492 640 1537 vasculo
654 1508 762 1550 aquae
777 1493 945 1538 lustralis
960 1503 1112 1546 terreo,
1125 1493 1247 1550 idque

265 1566 358 1595 eum
373 1549 640 1607 Superioriffae
654 1551 818 1595 licentia
835 1582 847 1595 .

385 1609 500 1653 Nulli
532 1609 724 1654 Sororum
759 1609 884 1653 liceat
910 1610 1092 1665 recipere
1119 1640 1133 1663 ,
1176 1619 1246 1655 aut

265 1668 366 1713 dare
380 1668 559 1711 valorem
584 1668 776 1725 Imaginis
791 1697 805 1721 ,
828 1667 908 1711 sine
923 1668 1099 1724 expressa
1121 1669 1247 1715 licen-

268 1727 325 1770 tia
342 1728 485 1771 Matris
500 1727 672 1770 Ancillae
687 1754 699 1766 .
1008 1739 1010 1741 ’

382 1786 431 1826 Iu
453 1785 598 1827 mensis
624 1784 764 1826 nostris
789 1797 870 1826 non
896 1784 944 1827 ,sit
971 1785 1062 1827 usus
1079 1798 1245 1840 mappa-

267 1855 354 1886 rum
373 1840 479 1941 ,ffed
502 1840 662 1896 fingulae
696 1840 906 1898 Religiosae
926 1849 1090 1885 utantur
1118 1856 1246 1898 parvo

273 1899 388 1945 marsi
426 1914 477 1943 o.

383 1959 530 2003 Lintea
543 1988 558 2010 ‚
577 1971 664 2015 quae
676 1962 845 2002 Sorores
868 1957 918 2000 ad
938 1958 1247 2002 necessitatem..-

263 2017 370 2059 suam
386 2015 534 2061 habere
547 2018 699 2059 debent
713 2043 727 2066 ,
756 2017 813 2056 uti
844 2018 882 2056 &
900 2016 1122 2068 strophiola
1137 2045 1150 2066 ,
1176 2032 1245 2070 pa-

264 2083 471 2123 ramenta,
489 2073 669 2115 mantilia
681 2099 699 2121 ‚
716 2072 893 2111 &lintea
906 2084 981 2123 pro
992 2070 1159 2111 infirmis
1170 2073 1247 2112 fint

263 2131 305 2173 in
335 2131 625 2173 communitate
647 2154 662 2175 ‚
687 2129 726 2169 δε
750 2140 826 2169 una
853 2127 1049 2168 Sororum
1075 2140 1244 2170 curam..

261 2188 411 2232 habeat
426 2218 440 2242 ,
454 2197 498 2231 ut
513 2187 582 2231 illa
597 2186 807 2228 conservet
822 2212 836 2236 ‚
865 2199 910 2227 ac
934 2184 1142 2228 distribuat
1156 2184 1243 2228 aliis

258 2246 542 2291 indifferenter
554 2247 619 2295 ,δε
635 2243 711 2287 fine
727 2243 889 2287 delean
902 2273 914 2284 .

260 2300 271 2304 ”
376 2308 528 2349 Earum
546 2303 640 2345 libri
668 2302 816 2357 pariter
841 2301 966 2344 sintin
979 2300 1245 2343 communita-

262 2360 306 2408 t'e
338 2364 483 2419 pauci,
498 2365 663 2404 Sorores
689 2359 792 2402 nihil
809 2360 847 2401 in
862 2360 938 2400 hoc
966 2358 1116 2401 mundo
1129 2357 1246 2413 posfi-

268 2423 392 2464 deant
407 2422 447 2463 in
468 2418 732 2476 particulari,
756 2416 823 2460 sed
843 2415 975 2459 omnia
991 2417 1116 2459 sintin
1131 2430 1246 2460 com-

263 2480 376 2523 muni
394 2507 409 2530 ,
439 2475 732 2522 &charitative
753 2475 834 2518 illis
849 2475 980 2518 omnia
999 2473 1245 2518 necessaria...

264 2537 504 2589 tradantur,
527 2536 623 2578 ficut
645 2533 948 2577 communitatis
977 2533 1164 2578 Praefecta
1194 2534 1242 2575 si-

263 2611 314 2640 ne
330 2595 490 2639 delectu
516 2594 594 2638 illis
610 2591 861 2648 affignaverit
873 2621 884 2632 .

380 2658 481 2715 Qae
512 2652 768 2709 deprehensae
794 2650 944 2694 fuerint
988 2650 1241 2694 infratstrices

261 2715 396 2760 sanstae
411 2711 655 2770 paupertatis
669 2739 683 2762 ,
699 2711 738 2753 δι
754 2709 1017 2765 simplicitatis
1032 2738 1045 2760 ,
1062 2709 1162 2752 ferio
1177 2720 1245 2762 pu-

264 2774 429 2816 niantur
445 2797 460 2819 ,
474 2772 513 2812 &e
527 2771 659 2811 Mater
675 2767 832 2810 Ancilla
858 2767 937 2809 illis
954 2767 1132 2821 injungat
1156 2779 1245 2819 poe-

263 2829 480 2874 nitentiam
499 2827 611 2882 juxta
629 2825 870 2881 gravitatem
884 2824 1022 2867 delicti
1048 2826 1086 2866 &
1103 2823 1243 2880 culpae,

261 2895 309 2932 ut
322 2887 474 2931 diuum
487 2885 542 2927 est
557 2887 653 2940 Cap.
667 2883 712 2925 de
727 2883 965 2925 Poem‘tentiis
976 2911 990 2925 .

524 3003 809 3052 CAP.
915 3005 980 3053 X.

265 3120 387 3179 Quod
413 3122 570 3162 sorores
597 3132 673 3162 non
700 3118 870 3161 habeant
883 3118 1216 3178 familiaritatem
1229 3145 1243 3170 ,

323 3187 398 3223 aut
421 3177 748 3236 conversationem
761 3206 778 3229 ,
802 3189 868 3219 nec
892 3179 990 3221 ullas
1003 3180 1185 3237 perstnas

381 3236 599 3280 admittant
614 3237 656 3278 in
671 3238 928 3279 Con-ventum:
956 3238 1000 3279 dc
1025 3238 1128 3280 modo

467 3295 648 3350 loquendi
663 3294 718 3335 ad
726 3303 874 3337 cratem
889 3323 903 3347 ,
917 3298 1044 3339 autin

594 3354 671 3395 leco
696 3353 879 3408 colloquii
891 3381 904 3395 .

384 3469 591 3524 Quoniam
608 3469 762 3523 puritas
776 3471 913 3514 cordis
926 3501 940 3523 ,
952 3470 1061 3526 quod
1078 3470 1133 3514 est
1148 3486 1245 3515 ocu-

268 3529 353 3576 lus,
366 3538 447 3581 quo
456 3527 561 3569 Deus
576 3526 739 3570 videtur
751 3558 767 3579 ,
783 3526 902 3571 facile
914 3528 1065 3578 faedari‚
1082 3531 1121 3571 ὃ(
1133 3531 1245 3573 suum

268 3583 524 3643 splendorem
538 3584 760 3640 deperdere
776 3587 903 3640 potest
919 3601 990 3642 per
1007 3588 1244 3631 mundanam

269 3641 615 3689 conversationem
636 3673 652 3695 ‚
675 3645 729 3687 ob
752 3645 854 3687 hane
881 3646 1031 3690 causam
1059 3648 1244 3701 expresse

267 3703 538 3762 prohibetur,
569 3715 617 3743 ne
651 3703 893 3744 misceantur
921 3705 1122 3761 colloquia
1135 3730 1149 3751 2
1173 3715 1243 3748 aut

269 3761 524 3806 conversatio
540 3759 736 3803 habeatur
760 3775 852 3803 cum
869 3763 976 3804 Viris
992 3793 1006 3815 ,
1021 3773 1088 3806 aut
1103 3764 1248 3807 Mulie-

268 3821 382 3867 tibus
399 3850 416 3871 ‚
437 3827 504 3862 aut
518 3816 668 3875 Puellis
699 3818 943 3866 saecularibus
957 3850 972 3873 ‚
985 3823 1076 3878 quia
1092 3823 1244 3866 nimia„

387 3882 492 3924 Tom-
503 3881 540 3924 V.
1178 3879 1180 3881 ’

1319 506 1468 546 titiones
1484 533 1496 544 .

1432 564 1572 620 Qare
1587 562 1769 607 statuitur
1782 589 1796 612 ,
1811 577 1858 606 ne
1872 562 1952 606 ulla
1974 565 2161 606 Sororum
2175 589 2191 611 ,
2206 574 2294 606 ne)

1315 619 1479 676 quidem
1506 624 1638 665 Mater
1654 622 1845 671 Ancilla,
1870 636 1946 664 nec
1975 622 2186 670 Portariae,
2203 618 2291 662 solae

1314 693 1408 721 cum
1436 679 1530 721 solis
1557 694 1649 722 cum
1678 694 1877 735 quoquam
1918 681 2138 736 loquantur
2166 706 2181 729 ,
2223 677 2291 718 sed

1317 734 1470 792 semper
1483 735 1738 791 praesentibus
1751 739 1904 780 duabus
1918 768 1934 789 ,
1946 749 2016 782 aut
2030 739 2160 782 tribus
2173 735 2293 778 Reli-

1318 796 1447 852 giosis,
1459 794 1509 835 ad
1526 795 1601 836 hoc
1613 797 1636 838 ὲ
1651 796 1906 850 Superioriffa
1924 798 2150 852 specialiter
2162 795 2292 850 depu-

1317 856 1410 897 tatis
1427 883 1442 906 ,
1470 867 1555 908 quae
1572 880 1586 903 ,
1615 852 1809 907 quantum
1840 852 1927 895 fieri
1951 858 2102 910 poterit
2126 886 2141 908 ,
2170 859 2291 897 erunt

1316 912 1506 954 Dis‘cretae
1520 939 1535 963 ,
1562 910 1665 952 adeo
1677 939 1690 962 ,
1717 921 1763 953 ut
1777 911 2023 967 colloquium
2051 916 2291 957 inchoata-2

1315 984 1394 1012 non
1411 970 1534 1012 liceat
1548 995 1561 1016 ,
1575 968 1706 1011 donec
1721 969 1832 1011 dietae
1850 972 2062 1024 Deputatae
2080 971 2293 1029 praesentes

1313 1030 1387 1070 fint
1401 1057 1416 1078 ,
1431 1037 1475 1068 ut
1488 1055 1502 1076 ,
1527 1028 1636 1081 quod
1667 1027 1827 1070 dicetur
1839 1054 1852 1076 ,
1867 1030 2031 1072 audiant
2047 1060 2059 1082 ‚
2084 1031 2149 1072 nifi
2164 1030 2292 1071 inter·

1309 1087 1404 1129 dum
1429 1085 1676 1139 dispensante
1694 1090 1828 1129 Matre
1843 1087 2034 1137 Ancilla,
2048 1090 2103 1132 ita
2127 1086 2292 1143 expedi-

1310 1160 1355 1188 re
1372 1144 1576 1201 judicante
1598 1157 1688 1185 cum
1704 1145 1879 1199 personis
1903 1146 2203 1194 Ecclefiasticis,
2219 1153 2290 1188 aut

1310 1202 1541 1260 Religiosis,
1558 1215 1633 1258 pro
1658 1203 1828 1255 negotiis
1854 1205 1991 1247 animae
2016 1207 2053 1247 &
2086 1205 2294 1246 conscien-

1313 1263 1377 1305 tiae
1390 1290 1406 1314 ,
1422 1264 1461 1304 δι
1475 1271 1676 1317 nunquam
1692 1261 1814 1315 alias3
1830 1263 1983 1318 hocque
1998 1264 2155 1307 tantum
2167 1262 2289 1317 usque

1312 1321 1364 1364 ad
1392 1321 1549 1376 pulsum
1577 1319 1860 1375 Vespertinum
1887 1347 1901 1369 ,
1941 1335 2015 1363 nec
2043 1320 2261 1363 excedatur
2273 1348 2288 1360 .

1313 1383 1411 1423 Non
1429 1377 1571 1435 licebit
1589 1377 1701 1434 loqui
1716 1377 1768 1419 ad
1797 1386 1951 1420 cratem
1966 1407 1981 1430 ,
2006 1388 2074 1420 aut
2094 1379 2214 1419 etiam
2229 1377 2292 1417 lo-

1310 1453 1360 1480 co
1380 1437 1580 1494 colloquii
1605 1447 1791 1493 tempore
1805 1434 1926 1479 Miffae
1938 1465 1952 1488 ,
1972 1446 2041 1479 aut
2056 1435 2203 1484 Officii,
2219 1440 2291 1476 aut

1310 1498 1518 1540 Orationis
1531 1524 1546 1547 ,
1559 1495 1628 1538 nifi
1645 1503 1811 1549 propter
1837 1506 2049 1550 urgentem
2079 1491 2292 1537 neceffita-

1308 1567 1393 1599 tem
1407 1552 1666 1610 Superiorissa
1680 1553 1918 1609 permittere
1934 1553 2083 1597 debeat
2101 1552 2141 1595 id
2159 1565 2292 1594 cum-2

1305 1614 1483 1673 personis
1497 1614 1675 1656 externis
1688 1639 1702 1662 ,
1727 1626 1812 1668 quae
1826 1627 1903 1655 non
1929 1613 2090 1667 possunt
2105 1614 2149 1655 in
2169 1608 2281 1651 aliud

1308 1682 1467 1730 tempus
1483 1671 1698 1716 commode
1714 1672 1867 1713 remitti
1885 1699 1897 1711 .

1394 1733 1466 1782 Et,
1482 1732 1571 1787 quia
1586 1739 1775 1773 narratur
1792 1730 1845 1771 de
1858 1729 1999 1771 Sanno
2013 1732 2058 1772 P.
2066 1726 2290 1777 Francisco,

1306 1787 1415 1844 quod
1430 1788 1490 1829 illi
1514 1803 1586 1843 per
1602 1789 1818 1829 Dominum
1835 1788 2010 1828 nostrum
2025 1786 2288 1828 revelatum„

1309 1846 1365 1887 est
1377 1871 1390 1894 ,
1404 1846 1511 1898 quod
1530 1848 1690 1887 Fratres
1715 1845 1756 1886 in
1771 1844 2010 1890 salutatione
2028 1843 2203 1887 aliorum
2218 1842 2290 1883 de-

1307 1905 1453 1946 berent
1467 1902 1517 1945 ad
1535 1903 1799 1945 imitationem
1818 1902 1910 1960 Jesu
1924 1903 2075 1945 Christi
2105 1901 2286 1944 dicere)

1312 1966 1391 2004 Pax
1409 1961 1573 2018 tibistt3
1591 1961 1818 2016 praecipitur
1833 1962 2069 2010 Sororibus,
2097 1970 2143 2003 ut
2161 1960 2285 2002 etiam

1307 2021 1382 2063 hac
1396 2019 1636 2062 salutatione
1654 2020 1898 2073 Evangelica
1922 2028 2087 2062 utantur
2101 2048 2113 2060 .

1423 2078 1469 2115 In
1483 2077 1626 2117 nostris
1639 2078 1914 2118 Conventibus
1941 2079 2018 2119 erit
2033 2079 2136 2119 solus
2150 2083 2291 2118 turnus

1303 2131 1503 2185 separatus
1515 2132 1539 2173 a
1559 2131 1652 2172 loco
1667 2131 1862 2185 colloquii
1879 2134 2175 2187 conjunstmaut
2190 2133 2288 2174 alias

1303 2186 1414 2230 locus
1430 2188 1599 2236 vicinus,
1610 2195 1678 2230 aut
1693 2186 1807 2244 supra
1822 2188 1954 2242 illum,
1966 2190 2016 2233 ad
2031 2191 2283 2234 tractandum

1305 2260 1398 2288 cum
1419 2247 1680 2291 Saecularibus
1693 2277 1707 2288 .

1420 2307 1475 2346 Et
1489 2314 1582 2347 ante
1607 2306 1813 2348 cancellos
1828 2334 1842 2356 ‚
1871 2308 1911 2348 δε
1923 2314 2074 2351 cratem
2087 2335 2101 2357 ,
2117 2309 2182 2352 ubi
2197 2309 2287 2352 col-

1305 2360 1487 2415 loquium
1515 2363 1708 2412 habetur,
1734 2364 1918 2417 affigatur
1947 2364 2030 2405 tela
2047 2368 2158 2420 nigra
2174 2367 2289 2409 adin-

1307 2428 1369 2461 tra
1384 2417 1588 2473 duplicata
1603 2418 1686 2461 tela
1698 2421 1841 2473 grisea,
1854 2429 1900 2461 ut
1918 2421 2020 2461 inter
2034 2423 2287 2478 colloquium

1303 2478 1471 2518 Sorores
1485 2491 1559 2519 nec
1574 2477 1738 2519 videant
1753 2503 1767 2525 ,
1786 2490 1861 2518 nec
1878 2477 2004 2520 videri
2019 2479 2160 2532 poffint
2176 2494 2187 2521 :
2201 2480 2287 2532 sed,

1303 2538 1330 2576 fi
1349 2534 1477 2591 aliqua
1494 2536 1658 2589 persona
1675 2549 1722 2576 ex
1739 2535 1805 2590 pio
1820 2531 1956 2577 affeetu
1973 2548 2210 2581 moveretur
2226 2539 2281 2581 ad

1302 2594 1391 2636 illas
1419 2593 1640 2644 videndas,
1665 2607 1746 2635 non
1772 2593 1911 2634 licebit
1936 2603 2033 2635 tunc
2062 2595 2140 2636 illis
2158 2596 2284 2653 loqui,

1308 2652 1495 2708 quamdiu
1516 2651 1684 2695 cancelli
1705 2654 1792 2694 (unt
1820 2653 1972 2705 aperti,
1998 2651 2066 2693 nisi
2083 2653 2167 2694 hoc·
2191 2654 2286 2708 per-

1307 2710 1445 2752 mittat
1460 2712 1592 2754 Mater
1605 2709 1765 2754 Ancilla
1780 2709 1817 2751 in
1831 2707 2008 2752 favorem
2023 2712 2197 2764 personae
2211 2725 2284 2753 no-

1305 2768 1439 2812 tabilis
1461 2770 1686 2826 qualitatis,
1707 2778 1771 2812 aut
1787 2777 1951 2822 propter
1967 2770 2137 2811 rationes
2156 2769 2282 2812 consi.

1303 2827 1500 2871 derabiles
1516 2857 1529 2878 ,
1542 2829 1582 2869 &
1595 2841 1688 2870 cum
1702 2828 1925 2869 Direemris
1939 2828 2103 2869 licentia
2119 2854 2132 2866 .

1419 2886 1692 2930 Nihilominus
1711 2885 1848 2928 videre
1861 2885 2013 2940 possunt
2028 2915 2042 2937 ‚
2057 2887 2138 2927 imo
2151 2886 2284 2928 disco-2

1304 2945 1446 3002 operta
1461 2945 1563 2988 facie
1583 2945 1782 3000 agendum
1794 2944 1849 2985 est
1862 2943 2042 2986 cumillis
2055 2973 2070 2994 ,
2098 2958 2183 2999 quae
2199 2943 2277 2988 se,

1304 3004 1596 3061 praesentabunt
1619 3003 1844 3058 Religioni,
1862 3011 1905 3043 ut
1928 3002 2043 3042 tanto
2058 3003 2195 3043 melius
2215 3002 2279 3043 di-

1305 3063 1547 3119 gnoscantur
1561 3077 1575 3116 3
1589 3062 1654 3104 sed
1673 3062 1780 3103 nulla
1806 3059 1963 3101 ratione
1979 3059 2050 3101 ulli
2068 3063 2277 3114 Sororum,

1303 3123 1387 3165 imo
1402 3135 1474 3165 nec
1488 3116 1756 3176 Superiorissae
1780 3119 1899 3160 liceat
1922 3118 2088 3170 bibere,
2111 3129 2180 3162 aut
2205 3134 2277 3168 co·-r

1302 3181 1467 3224 medere
1481 3180 1529 3221 ad
1546 3178 1747 3221 cancellos
1760 3205 1775 3227 ‚
1788 3186 1855 3218 aut
1872 3186 2022 3219 cratem
2038 3205 2050 3217 .

1417 3237 1614 3282 Similiter
1632 3234 1727 3277 nulli
1743 3240 1931 3278 Sororum
1947 3235 2068 3278 liceat
2095 3235 2276 3291 recipere

1304 3296 1459 3340 litteras
1486 3295 1652 3338 miffivas
1666 3322 1680 3345 ‚
1708 3303 1779 3336 aut
1809 3293 1977 3336 scribere
1990 3323 2005 3345 ,
2032 3294 2100 3335 nisi
2118 3295 2224 3349 prius
2254 3297 2275 3336 a

1303 3358 1435 3399 Matre
1448 3353 1611 3397 Ancilla
1626 3353 1731 3395 1ectae
1744 3351 1889 3394 suerint
1904 3381 1918 3404 ,
1941 3364 2008 3395 aut
2030 3367 2102 3409 per
2125 3367 2273 3396 unam,

1305 3415 1423 3458 aliam
1450 3412 1690 3466 Religiosam
1715 3411 1764 3452 ab
1779 3410 1847 3452 illa
1875 3413 2132 3455 constitutam
2146 3438 2161 3460 ,
2190 3425 2274 3466 qua:

1306 3486 1446 3517 curam
1462 3472 1624 3513 habebit
1641 3469 1727 3512 illas
1742 3468 1980 3525 claudendi,
1993 3469 2187 3527 sigillandi
2202 3497 2218 3518 ,
2233 3469 2274 3509 &

1306 3530 1533 3587 dirigendi.
1901 3577 1903 3579 ¹

1420 3592 1605 3630 Durante
1621 3586 1761 3641 majori
1783 3586 2098 3646 Qadragesima
2126 3584 2275 3628 Eccle-

1304 3647 1449 3690 fiastica
1462 3647 1677 3700 incipiente
1700 3645 2070 3703 aQinquagefima
2087 3674 2101 3696 ‚
2131 3646 2168 3685 &
2186 3645 2274 3687 Ad-

1304 3715 1426 3749 ventu
1442 3705 1656 3759 incipiente
1667 3702 1797 3747 afesto
1811 3703 2001 3745 Omnium
2018 3704 2270 3751 Sanctorum,

1306 3763 1426 3819 usque
1442 3761 1491 3804 ad
1510 3763 1777 3804 Nativitatem
1807 3762 1967 3803 Domini
1988 3761 2121 3805 Nostri
2137 3790 2151 3813 ‚
2175 3763 2274 3804 ficut:

1305 3825 1344 3864 δι’.
1369 3821 1455 3866 aliis
1484 3821 1637 3864 duobus
1659 3819 2090 3918 diversisktemporibus
2117 3820 2272 3875 signatis

1780 3880 1815 3920 K
1885 3892 1907 3920 2
2141 3883 2224 3921 Ca-
