2612 4100
450 208 561 296 534
1085 175 1682 262 Provincia

453 332 501 366 Ex
523 329 614 366 Italia
627 341 715 366 anno
738 330 841 373 1629.
866 325 1018 363 translata
1034 324 1107 359 sunt
1124 323 1241 362 Galliae
1263 336 1352 360 arma
1379 325 1419 359 ad
1436 334 1547 370 partes
1567 324 1773 367 Occitaniae,
1793 323 1849 361 ubi
1872 322 2094 372 Hugenoticae
2125 331 2232 379 gentis
2255 331 2399 370 rebellio

356 380 461 428 usque
487 380 528 416 ad
551 378 754 415 insolentiam
775 378 910 413 noviter
933 373 1059 410 fei-vuit
1075 395 1085 405 .
1108 372 1274 409 Cinxerat
1287 375 1353 415 iam
1375 374 1450 411 Rex
1476 375 1580 409 densa
1605 373 1728 410 milium
1743 386 1872 411 corona
1898 374 2079 414 Civitatem
2098 383 2226 417 Privas
2250 381 2400 424 diflam3

356 440 502 475 cumque
514 428 626 463 assaltu
650 430 730 463 esset
742 427 884 471 superata
901 449 910 463 ‚
942 422 1140 460 libertati&
1154 422 1256 468 prede
1283 422 1435 458 furientis
1462 422 1572 460 militis
1588 423 1651 458 fuit
1671 422 1816 463 traditas
1842 423 2085 461 Misericordia
2108 430 2395 476 motusJosephua

357 489 435 514 cum
452 474 631 513 Cardinale
644 477 675 511 in
692 476 781 510 Urbe
802 473 899 507 furias
908 469 1131 514 compescuit,
1155 471 1190 507 δι
1206 470 1350 518 indignis
1366 483 1507 518 quoque
1525 471 1629 507 vitam
1652 472 1796 507 servavit
1811 495 1821 505 .
1850 471 1931 509 Haec
1948 472 2149 518 direptionis
2165 476 2310 514 vindicta
2324 503 2336 519 ,
2357 480 2395 515 &

359 526 421 562 alia
441 524 515 561 loca
531 524 617 566 Regi
637 524 670 557 se
684 523 824 557 subdere
846 519 962 564 coegit
980 543 990 558 ‚
1016 529 1060 552 ex
1079 529 1150 564 quo
1167 517 1262 563 plura
1289 519 1447 555 fortalitia
1467 518 1540 555 solo
1554 529 1669 566 equata
1685 544 1696 561 ‚
1724 519 1862 563 Religio
1878 520 2054 557 Catholica
2067 522 2201 560 induas
2215 548 2226 564 ³
2252 525 2288 561 81
2308 526 2396 562 bom

358 573 511 611 Ecclefiis
533 574 567 608 &
578 569 787 607 Monasteriis
800 566 1083 612 direpta,fuerunt
1094 567 1236 604 restituta
1253 591 1263 602 .
1285 567 1379 612 Rege
1398 569 1541 604 Parisios
1557 568 1719 604 redeunte
1731 593 1742 608 ,
1764 569 1798 604 ἅ
1814 567 1998 604 Cardinale
2013 569 2223 607 Montalbani
2239 573 2393 609 cunctan-

360 623 414 658 &e
429 646 439 663 ,
458 620 618 665 josephus
635 617 843 654 Miffionibus
857 640 868 656 ‚
891 626 1032 661 quarum
1046 615 1206 660 expensas
1220 616 1293 652 Rex
1314 615 1602 661 suppeditaverat,
1628 617 1816 661 superstites
1844 616 1999 664 hereseos
2014 642 2025 658 ‚
2051 619 2086 654 &
2099 618 2276 665 Catholice
2298 630 2391 666 quo-

358 682 431 716 *que
451 668 580 713 licentie
592 666 746 713 reliquias
758 662 943 709 purgavit,
967 663 1131 710 stupendo
1159 660 1271 701 fructu
1294 666 1329 702 δι
1355 664 1577 701 conversione
1590 664 1700 701 zelum
1713 664 1848 711 Josephi
1869 667 1984 702 denuo
2008 665 2038 702 al
2054 665 2186 705 Solium
2199 667 2394 706 Vaticanum

365 717 561 754 deferente.
2331 727 2333 730 ’

461 762 670 802 Particularia
683 761 742 807 hec
757 759 897 808 Ecclesse
909 762 1088 799 commoda
1099 788 1109 804 ,
1132 761 1245 810 quieta
1266 774 1335 798 non
1350 769 1504 806 poterant
1520 762 1664 799 reddere
1676 761 1811 806 Josephi
1831 771 1913 800 vota
1929 787 1939 803 ‚
1970 764 2027 811 qui
2046 763 2195 801 omnium
2221 765 2393 812 heretico-

361 828 438 854 rum
451 811 710 849 converfionem
723 809 858 846 ambivit
873 823 884 851 ς
907 821 1049 857 cumque
1063 811 1304 848 conferentiam
1328 809 1508 856 publicam,
1533 811 1563 845 in
1583 822 1645 858 qua
1660 811 1830 848 discordes
1840 811 2030 855 Religionis
2053 811 2183 849 articuli
2206 812 2262 849 sub
2273 814 2392 852 Ponti·

361 864 435 899 ficia
454 863 488 897 ὅ(
506 858 615 903 Regia
631 858 843 903 protectione
859 858 1131 896 exanimarentur
1143 883 1155 900 ,
1180 861 1347 906 optimum
1366 858 1508 893 medium
1526 859 1589 895 effe
1611 859 1773 900 iudicaret
1789 884 1800 902 ,
1825 871 1889 905 pro
1906 860 1967 898 hac
1984 861 2182 898 instituenda
2195 860 2362 898 laboravit
2374 885 2388 903 ,

363 913 398 946 &
411 907 669 946 Cardinalemin
681 906 768 944 suam
782 918 922 953 quoque
934 907 1125 945 sententiam
1155 909 1315 944 abduxit.
1337 907 1445 953 Ideam
1460 906 1490 942 in
1506 907 1566 943 suo
1579 916 1657 944 ortu
1674 905 1835 952 suspendit
1850 910 1943 944 varia
1958 933 1969 951 ,
1980 909 2032 945 cui
2049 909 2213 955 temporis
2226 908 2400 946 infelicitas

360 970 430 994 non
449 963 582 1003 poterat
597 955 737 992 obviare
749 979 759 996 ,
777 953 973 997 difficultas;
990 956 1066 994 inde
1080 957 1244 1003 Josephus
1259 969 1301 992 ne
1320 956 1459 992 audacia
1475 955 1639 992 haereseos
1651 956 1801 1001 serperet
1817 957 1858 994 ad
1874 958 2002 997 maiora
2025 959 2154 1004 semper
2175 957 2293 995 damna
2306 982 2318 999 ‚
2329 958 2400 994 duo

363 1008 398 1042 in
413 1006 475 1042 suo
489 1003 618 1040 Parisiis
631 1002 768 1048 appulsu
782 1003 882 1040 evicit
900 1005 1046 1041 Decreta
1062 1005 1169 1052 Regia
1186 1029 1197 1046 ‚
1216 1017 1363 1052 quorum
1374 1004 1484 1049 primo
1498 1028 1509 1044 ‚
1525 1003 1742 1041 Ecclesiarum
1768 1013 1886 1042 contra
1909 1006 2065 1042 trafitatus
2099 1006 2398 1043 combustarum-2

363 1052 563 1093 demolitio,
585 1052 621 1088 ὅτ
635 1052 1034 1092 secundo,Ministroru=n
1053 1054 1255 1100 Anglorum,
1276 1051 1524 1090 Hollandorum
1537 1053 1630 1090 &oc
1642 1053 1768 1098 Regno
1779 1054 1964 1099 emigratio
1981 1054 2046 1090 fuit
2063 1054 2185 1090 indicta
2197 1077 2207 1089 .
2236 1054 2400 1100 Cumque

363 1101 399 1140 δι
412 1102 454 1138 ibi
466 1104 534 1144 iam
546 1100 604 1136 diu
620 1100 719 1136 Liber
734 1107 781 1136 De
795 1099 1007 1145 Ecclefiastica
1020 1105 1064 1140 &-
1081 1103 1228 1141 Politica
1237 1101 1394 1150 potestate
1416 1102 1456 1138 ab
1477 1101 1654 1138 Edmundo
1667 1101 1806 1144 Richer‚
1819 1102 1907 1149 sacre
1919 1101 2080 1138 facultatis
2098 1102 2293 1139 Parifienfis
2317 1103 2396 1139 Do·

364 1153 462 1189 dore
474 1151 541 1187 &c.
554 1160 642 1185 anno
660 1153 721 1186 161
733 1161 762 1185 1.
776 1152 840 1193 iam
858 1149 1156 1197 impressus,ignem
1170 1152 1311 1187 nutriret
1331 1161 1440 1196 regno
1461 1150 1651 1189 exitialem,
1675 1150 1762 1187 hunc
1775 1150 1928 1187 suffocari
1947 1149 2160 1187 Cardinalem
2180 1150 2396 1187 inter-&10-

366 1201 504 1245 sephum
520 1198 624 1234 fixum
642 1198 706 1233 est·
730 1196 846 1233 Primo
859 1198 898 1233 ad
914 1195 1137 1238 aliadistraeto
1151 1225 1162 1241 ,
1183 1199 1320 1244 spartam
1343 1199 1425 1235 hanc
1437 1197 1525 1234 solus
1542 1199 1572 1234 in
1587 1198 1617 1233 se
1633 1198 1770 1243 suscepit
1785 1199 1943 1236 secundus
1957 1223 1967 1239 ,
1987 1199 2021 1234 &
2038 1207 2103 1234 tam
2127 1197 2271 1246 dextere
2291 1197 2402 1235 adim-

365 1247 474 1295 plevit
487 1272 498 1288 ‚
524 1257 560 1282 ut
574 1247 737 1282 Richerus
750 1246 935 1283 doctrinam
951 1248 1038 1283 suam
1050 1273 1060 1289 ‚
1089 1248 1218 1286 dictatis
1231 1248 1286 1284 sibi
1303 1246 1453 1282 terminis
1463 1245 1678 1284 revocaverit
1690 1271 1699 1282 .
1729 1247 1805 1283 Hoc
1819 1249 1852 1284 δι
1873 1249 1996 1283 eodem
2013 1258 2102 1282 anno
2115 1246 2201 1290 pacis
2224 1247 2258 1282 δι
2273 1243 2401 1281 Matri-

366 1298 469 1334 monii
503 1296 604 1332 faedus
618 1295 757 1331 Galliam
772 1294 910 1332 inter·&
926 1294 1082 1340 Angliam
1097 1296 1288 1333 conclusum
1304 1297 1348 1331 esi
1362 1320 1371 1330 .
1399 1294 1535 1340 Vigore
1549 1294 1800 1336 secundi380ror
1814 1296 1922 1341 Regis
1933 1294 2203 1341 Gallie-,Hemica
2216 1294 2325 1330 Maria
2343 1304 2401 1329 nu·

365 1345 428 1391 psit
448 1343 571 1390 Anglie
585 1343 675 1390 Regi
689 1342 822 1379 carolo
833 1343 856 1378 1.
873 1358 883 1386 ;
909 1343 974 1380 hoc
989 1357 1029 1380 ne
1041 1345 1137 1382 fieret
1153 1346 1220 1381 sine
1237 1344 1386 1382 Ecclefiae
1402 1343 1509 1380 fruc'tu
1523 1369 1534 1384 ,
1563 1344 1619 1379 sex
1633 1342 1829 1388 Capucinos
1845 1344 1876 1378 in
1893 1343 2026 1390 Regine
2041 1341 2246 1387 capellanos
2261 1365 2273 1383 ,
2286 1342 2343 1388 qui
2364 1342 2401 1378 ἃ

366 1393 512 1430 Lonrlini
528 1401 693 1428 morantes
708 1392 889 1428 animarum
903 1390 997 1428 lucro
1011 1393 1152 1430 feliciter
1165 1391 1553 1437 invigilarent‚.losephus
1566 1391 1682 1427 abduci
1696 1392 1836 1429 curavit.
1854 1391 2072 1428 Adauxerunt
2087 1391 2120 1427 in
2134 1391 2283 1438 Josepho
2295 1389 2402 1426 felici-

367 1442 444 1477 tatis
461 1441 579 1488 gaudia
593 1464 604 1481 ‚
625 1439 736 1487 littere
751 1465 761 1481 ,
776 1440 894 1485 quibus
916 1441 1051 1489 Canade
1066 1443 1323 1479 conversionem
1338 1441 1466 1477 facilem
1481 1440 1649 1486 percepit:
1674 1439 1758 1477 mifit
1770 1442 1805 1477 &
1821 1439 1898 1477 illuc
1912 1440 1966 1476 sex
1981 1439 2198 1485 Capucinos,
2222 1448 2402 1486 quorum.»

368 1490 480 1526 zelum
501 1489 710 1525 commendat
725 1490 884 1526 hodierna
906 1490 1013 1525 adhuc
1033 1491 1156 1528 laboris
1171 1491 1262 1527 statio
1275 1516 1284 1532 ,
1300 1492 1335 1527 &
1359 1489 1485 1526 fructas
1506 1490 1639 1524 duratio
1658 1511 1669 1524 .
1693 1489 1774 1525 Tam
1791 1488 1884 1526 laetos
1910 1489 2069 1524 successus
2089 1498 2177 1524 nova
2196 1485 2290 1534 Italie
2304 1489 2402 1523 inva-

367 1537 420 1574 fio
434 1563 444 1579 ‚
469 1550 534 1585 qua
549 1538 627 1573 Dux
641 1536 777 1584 Mantue
789 1538 901 1574 denuo
913 1538 1144 1584 impetebatur,
1160 1552 1226 1575 non
1241 1550 1355 1585 parum
1370 1537 1540 1574 alteravit.
1557 1537 1669 1584 Copie
1684 1537 1813 1584 Cesaris
1825 1538 1860 1573 &
1872 1536 2030 1583 Hispanie
2042 1536 2207 1573 Mantuam
2221 1540 2287 1580 jam
2299 1546 2405 1570 occu-

369 1594 552 1632 paverant,
578 1585 707 1623 Civitas
719 1584 899 1622 casalensis
919 1587 1093 1624 obfidione
1105 1591 1170 1629 iam
1185 1588 1382 1628 cinctam
1398 1598 1473 1623 cum
1487 1586 1664 1622 Cardinale
1675 1610 1686 1627 ,
1710 1586 1858 1631 Josepho
1875 1611 1885 1627 ‚
1900 1586 1935 1622 δι
1949 1584 2099 1621 exercitu
2115 1585 2147 1620 in
2165 1585 2221 1621 via
2233 1585 2299 1625 iam
2314 1594 2402 1619 con·

371 1634 521 1670 sttutus:
548 1635 693 1680 undique
704 1642 810 1669 tamen
826 1636 904 1672 dum
918 1635 1038 1671 classica
1056 1636 1170 1674 Martis
1186 1637 1370 1681 strepebant
1383 1660 1394 1677 ‚
1419 1635 1508 1681 pacis
1520 1635 1556 1671 &
1569 1634 1703 1671 confilia
1721 1635 1903 1682 agebantur
1914 1659 1925 1675 ,
1942 1634 2031 1677 Regi
2048 1634 2066 1669 a
2077 1632 2223 1679 Josepho
2238 1643 2298 1678 per
2310 1631 2404 1668 Ora-¹

367 1692 483 1719 torem
504 1683 720 1719 Ratisbonam
746 1682 972 1720 destinandum
999 1685 1138 1721 dictata.
1168 1684 1291 1720 Melior
1303 1685 1452 1729 Josepho
1477 1683 1648 1728 legatione
1664 1684 1723 1719 hac
1748 1683 1840 1729 fungi
1866 1694 1933 1718 non
1949 1683 2042 1728 posse
2057 1681 2406 1723 omnesjudicArunts

367 1744 446 1768 cum
460 1741 566 1767 tamen
582 1732 611 1766 in
627 1731 786 1768 Concilio
802 1731 991 1776 Principum
1008 1757 1019 1773 ‚
1033 1735 1127 1778 quod
1143 1745 1225 1770 auro
1238 1731 1440 1778 gemmisque
1457 1733 1597 1768 radiaret
1612 1756 1623 1770 ‚
1645 1732 1839 1777 Capucinus
1856 1731 1996 1768 Habitus
2008 1742 2075 1767 non
2091 1740 2235 1768 concors
2248 1727 2405 1765 censere-

368 1787 445 1818 tur,
471 1780 635 1814 Dominus
655 1778 786 1814 Brulart
800 1803 811 1817 ‚
831 1780 963 1815 Orator
974 1781 1077 1825 Regis
1097 1782 1138 1815 ad
1151 1781 1322 1816 Helvetos
1334 1804 1345 1820 ,
1370 1779 1463 1815 socio
1475 1778 1511 1813 P.
1522 1780 1670 1823 Joscpho
1686 1803 1697 1819 ‚
1710 1782 1755 1816 eo
1768 1781 1815 1814 ire
1830 1781 1932 1823 iussus
1947 1780 1992 1815 est
2003 1803 2014 1811 -
2042 1779 2120 1815 Post
2136 1777 2257 1815 Martis
2275 1778 2309 1813 &
2325 1774 2404 1811 artis

371 1825 463 1861 casus
481 1850 491 1865 ,
522 1826 593 1868 post
610 1825 748 1868 Politice
763 1823 849 1859 lusus
862 1827 898 1860 &
913 1827 985 1858 usus
1006 1849 1017 1864 ,
1041 1820 1173 1862 tan'dem
1189 1839 1252 1870 pax
1271 1827 1328 1862 sub
1343 1827 1511 1866 articulis,
1536 1837 1624 1869 quos
1635 1826 1769 1861 historia
1780 1827 1943 1868 temporis
1970 1827 2072 1861 variis
2097 1825 2186 1860 libris
2209 1823 2380 1860 immiscuit
2393 1845 2407 1864 ,

368 1874 434 1909 fuit
450 1872 644 1908 conciliata.
672 1872 836 1915 Josephus
852 1872 932 1906 hanc
946 1873 1082 1917 quidem
1094 1874 1228 1918 signare
1247 1874 1378 1912 renuit,
1402 1883 1475 1907 cum
1494 1871 1652 1906 Oratoris
1672 1873 1704 1905 se
1720 1872 1843 1906 socium
1857 1872 2015 1907 duntaxat
2045 1873 2224 1910 assereret,
2241 1872 2408 1916 (ignare,

370 1932 481 1958 tamen
503 1921 616 1957 debuit
628 1944 638 1959 ‚
666 1931 737 1955 cum
766 1919 845 1956 alias
855 1918 908 1955 alii
920 1919 1088 1956 Oratores
1102 1934 1174 1959 eam
1195 1922 1263 1958 sine
1279 1920 1339 1958 illo
1365 1918 1567 1957 subscribere
1581 1919 1827 1956 detrectarent.
1856 1919 2004 1967 Egerunt
2017 1919 2047 1955 in
2063 1919 2165 1956 furias
2179 1918 2305 1956 articuli
2319 1919 2409 1956 Car·

370 1970 519 2005 dinalem
537 1994 547 2009 ‚
574 1978 663 2014 quos
678 1977 744 2001 tum
759 1979 802 2002 ex
818 1968 936 2003 omisso
950 1967 1133 2006 Maiestatis
1152 1970 1252 2005 titulo
1262 1994 1274 2008 ,
1302 1970 1389 2012 Regi
1402 1969 1488 2002 haud
1506 1966 1601 2001 aliter
1611 1979 1650 2014 ac
1663 1967 1776 2011 Cesari
1790 1968 1903 2003 debito
1915 1992 1926 2007 ,
1950 1977 2020 2004 tum
2030 1979 2074 2002 ex
2091 1967 2247 2012 imposito
2258 1978 2406 2006 onere.»

375 2019 520 2052 inimicis
534 2014 744 2058 Imperatoris
756 2036 767 2051 ,
778 2024 835 2046 nec
851 2020 911 2055 ope
923 2034 935 2049 ‚
949 2013 1074 2053 consilio
1091 2037 1101 2051 ,
1122 2015 1262 2057 pecunia
1274 2036 1285 2052 ,
1311 2014 1435 2050 armis,
1464 2019 1647 2045 commeatu
1665 2034 1677 2049 ‚
1701 2011 1761 2046 vel
1769 2012 1838 2046 alia
1851 2015 1974 2058 quavis
1991 2016 2118 2048 ratione
2129 2012 2283 2056 affissendi
2299 2040 2311 2055 ,
2335 2015 2409 2050 Re·

375 2064 409 2105 gi
434 2060 614 2105 injuriosos
631 2059 715 2105 eque
727 2071 764 2094 ac
779 2057 983 2102 perniciosos
1002 2058 1115 2102 sparsit
1132 2081 1143 2092 .
1166 2060 1340 2103 Agitatum
1360 2058 1498 2105 quidem
1512 2058 1581 2097 eius
1594 2056 1762 2097 animum,
1784 2057 1917 2104 Josephi
1931 2060 2283 2100 Frater,Gubernator
2298 2061 2413 2098 Bassil·

376 2111 407 2157 le
426 2110 557 2154 placare
571 2106 762 2147 contendit,
779 2105 936 2149 rogando
950 2130 960 2146 ,
978 2113 1015 2140 ut
1031 2108 1134 2153 usque
1149 2108 1188 2141 ad
1205 2108 1302 2150 hujus
1320 2106 1505 2153 regressum
1518 2104 1680 2147 iudicium
1701 2104 1939 2151 suspenderet.
1967 2107 2059 2153 Qin
2075 2107 2262 2145 Cardinalis
2275 2111 2316 2148 ad
2333 2122 2412 2155 pre-

375 2170 432 2196 ces
447 2158 527 2205 quid
544 2155 742 2201 replicaret,
769 2153 871 2190 celeri
887 2155 1025 2189 cursore
1039 2180 1050 2197 ‚
1073 2155 1249 2202 losephum
1263 2157 1302 2191 ad
1317 2156 1408 2193 suum
1422 2154 1455 2189 S.
1467 2152 1634 2190 Honorati
1647 2154 1864 2191 Conventum
1881 2156 1976 2192 recto
1988 2157 2119 2192 tramite
2133 2158 2245 2195 redire
2259 2182 2271 2198 ,
2283 2163 2319 2196 &
2332 2159 2410 2194 Do..

377 2209 504 2243 minum
522 2204 651 2240 Brulart
668 2204 707 2239 ad
725 2202 996 2238 Ratisbonensem
1012 2205 1185 2240 tractatum
1204 2206 1297 2246 juxta
1312 2215 1432 2240 novam
1447 2199 1697 2238 instructionem
1715 2202 1960 2240 reformandum
1973 2229 1984 2245 ‚
1997 2204 2216 2242 Viennensem
2227 2207 2267 2242 ad
2284 2206 2408 2243 Aulam

376 2257 410 2292 se
430 2254 584 2292 conferre
597 2254 707 2294 juffir.
735 2250 934 2287 Indifferens
949 2251 974 2286 P
987 2252 1148 2297 Josephus
1164 2252 1370 2289 solitudinem
1385 2250 1585 2287 Conventus
1597 2262 1685 2286 anno
1703 2254 1808 2297 1630.
1821 2254 1949 2288 accessit
1962 2276 1974 2294 ‚
1991 2254 2026 2290 δε
2043 2253 2174 2300 gaudia·
2183 2254 2342 2303 religiose
2351 2255 2406 2291 vi-

376 2314 412 2351 te
433 2329 443 2345 ,
470 2302 660 2338 innocentia
675 2302 844 2337 adtionum
857 2299 988 2336 suarum
1002 2301 1179 2338 cumulavit
1197 2316 1206 2336 ι
1233 2314 1295 2337 nec
1308 2300 1393 2336 aliud
1410 2301 1427 2336 ‘a
1443 2299 1597 2335 Matre&
1611 2298 1725 2335 Fratre
1739 2301 1778 2335 ab
1794 2311 1839 2336 eo
1853 2299 2000 2338 obtineri
2016 2303 2150 2347 potuit,
2172 2304 2271 2349 quam
2284 2329 2296 2346 ,
2319 2301 2412 2350 quod

381 2352 464 2389 folia
481 2350 622 2397 quedam
634 2348 875 2390 iustificationis
890 2349 1057 2384 Cardinali
1069 2350 1216 2385 mitteret
1229 2372 1239 2380 -
1267 2348 1479 2396 Recognovit
1496 2347 1586 2384 illico
1601 2359 1645 2383 ex
1660 2347 1709 2383 his
1724 2348 1911 2385 Cardinalis
1925 2350 2093 2388 excessum
2106 2351 2160 2397 sue
2185 2351 2325 2388 actioni·
2338 2376 2350 2394 ‚
2373 2351 2411 2388 &

384 2402 485 2437 oestro
518 2400 565 2444 ire
590 2399 621 2433 in
645 2408 792 2433 amorem
815 2397 999 2437 converso,
1020 2398 1202 2444 Josephum
1230 2398 1267 2434 iis
1295 2396 1543 2436 existimationis
1565 2396 1601 2432 δι
1631 2397 1833 2445 εοηῆάεηιίς
1860 2397 1984 2435 astibus
2006 2398 2165 2435 convenit
2177 2422 2189 2440 ,
2214 2408 2252 2435 ut
2264 2401 2408 2437 secum-0

384 2450 428 2485 ad
448 2446 567 2484 Aulam
585 2446 695 2481 redire
706 2470 716 2486 ‚
741 2446 774 2480 δι
786 2456 898 2491 curam
913 2444 1069 2490 gubernii
1083 2446 1234 2485 dividere
1247 2457 1427 2493 cogeretur
1440 2471 1451 2488 ,
1477 2445 1643 2481 destinatis
1665 2446 1761 2483 variis
1776 2458 1840 2492 pro
1863 2448 1934 2487 eius
1951 2458 2046 2484 mora
2060 2446 2191 2484 Palatiis
2204 2471 2216 2487 ,
2245 2456 2414 2495 quatenus

382 2499 440 2537 fibi
457 2508 519 2542 pro
535 2496 662 2531 ratione
678 2494 852 2541 residentie
872 2505 946 2527 eum
962 2493 1091 2540 semper
1114 2497 1249 2532 haberet
1266 2495 1411 2533 vicinum
1430 2521 1441 2538 ,
1461 2497 1497 2532 &
1510 2495 1666 2540 assignata
1688 2495 1793 2543 Regia
1807 2496 1968 2540 penfione
1980 2520 1991 2537 ‚
2009 2508 2076 2543 qua
2088 2507 2164 2532 cum
2180 2506 2329 2542 quatuor
2357 2496 2414 2532 so·

381 2547 439 2584 ciis
451 2542 630 2591 Capucinis
645 2541 750 2578 labori
767 2542 829 2578 suo
840 2542 996 2578 solertius
1010 2543 1154 2580 infistere
1174 2547 1299 2590 posset,
1325 2545 1483 2591 rebusque
1498 2542 1568 2580 aliis
1589 2544 1627 2579 ad
1646 2545 1678 2580 id
1694 2544 1862 2585 reductis,
1882 2552 1916 2579 ut
1932 2569 1944 2586 ‚
1966 2545 2023 2591 qui
2039 2544 2254 2581 Cardinalem
2275 2545 2412 2581 accede-

381 2606 420 2630 re
435 2593 557 2632 vellet,
577 2591 754 2635 Josephum
780 2590 1023 2638 preterirenon
1044 2596 1148 2637 posset
1162 2618 1173 2635 ,
1186 2606 1263 2629 cum
1277 2606 1347 2630 uno
1360 2594 1426 2629 fine
1437 2592 1542 2629 altero
1555 2592 1661 2628 videri
1680 2594 1737 2628 vix
1751 2594 1888 2630 daretur
1900 2615 1910 2627 .
1933 2592 2151 2633 Hinc,contra
2168 2592 2299 2628 Ducem
2314 2591 2412 2627 Man-

383 2652 439 2690 rue
454 2654 544 2678 nova
569 2638 652 2675 bella
667 2639 824 2684 Hispania
845 2639 1002 2676 moliente
1018 2665 1029 2681 ‚
1049 2642 1256 2689 &Sabaudie
1278 2644 1373 2678 Duce
1397 2641 1484 2687 pacis
1507 2641 1716 2677 contrafium
1739 2641 1976 2686 infiringente‚
2000 2649 2144 2687 uterque
2164 2651 2239 2676 cum
2262 2640 2414 2676 exercitu

382 2693 423 2727 ad
446 2690 545 2734 Alpes
562 2689 774 2729 remearunt,
797 2696 1061 2734 expugnatoque
1076 2689 1248 2728 Pinerolio
1262 2715 1275 2732 ,
1296 2689 1397 2730 Militi
1411 2690 1514 2726 Ducis
1531 2690 1672 2738 stragem
1687 2689 1828 2727 intulere
1849 2689 1986 2727 totalem
2000 2713 2011 2730 ,
2030 2690 2075 2725 ita
2088 2714 2100 2730 ,
2123 2698 2157 2723 ut
2183 2689 2270 2733 pacis
2290 2687 2414 2725 olivam

386 2740 419 2776 in
437 2737 616 2785 presidium
632 2735 824 2772 infelicioris
837 2737 933 2771 sortis
949 2738 1083 2780 pestere
1096 2739 1271 2776 debuerit.
1298 2739 1387 2776 Italia
1409 2747 1476 2775 tota
1498 2747 1535 2774 ut
1546 2737 1736 2774 hae'eadem
1753 2739 1921 2783 potiretur
1933 2763 1944 2778 ,
1970 2740 2110 2774 Romam
2125 2738 2242 2772 denuo
2256 2737 2414 2781 Iosephus

387 2789 479 2824 adire
492 2785 607 2821 debuit
621 2810 632 2826 ,
657 2785 710 2819 ubi
724 2786 802 2822 &id
822 2812 832 2827 ‚
858 2786 949 2831 quod
964 2786 1071 2834 Gallie
1086 2789 1224 2825 Oratori
1240 2789 1332 2835 prius
1346 2789 1546 2833 denegatum
1562 2785 1673 2823 fuerat
1687 2810 1699 2827 ,
1724 2787 1952 2822 obstetricante
1967 2786 2074 2822 meriti
2090 2786 2135 2821 sui
2151 2786 2236 2822 fama
2246 2783 2338 2822 facile
2350 2785 2415 2822 ob·

387 2836 487 2872 tinuit
499 2857 510 2867 .
540 2832 663 2869 Redux
679 2833 821 2870 Parisios
835 2833 948 2869 librum
966 2860 976 2876 ,
1001 2847 1070 2881 quo
1087 2837 1238 2885 Regem,
1265 2834 1404 2882 ejusque
1423 2835 1595 2873 Ministros
1607 2835 1766 2877 defendit,
1785 2834 1961 2883 vulgavit,
1982 2834 2042 2882 qui
2056 2835 2215 2881 quantum
2228 2833 2344 2881 emulis
2357 2833 2412 2868 di-

387 2883 512 2931 splicuit
529 2907 539 2922 ‚
553 2883 678 2918 tantum
691 2882 795 2928 Regis
810 2884 947 2929 gratiam
963 2885 1018 2919 sibi
1035 2885 1227 2923 conciliavit
1240 2911 1252 2921 .

481 2929 660 2967 Historiam
674 2932 926 2967 Loudunensem
944 2933 985 2967 de
1000 2932 1202 2973 Monialibus
1214 2935 1403 2972 &Ut-sulae&
1418 2935 1573 2982 Demone
1583 2934 1716 2970 obseffis
1726 2933 1781 2970 hic
1793 2934 1967 2971 recensere
1978 2933 2257 2980 supervacaneum
2269 2932 2415 2973 iudico,

387 2987 455 3015 tum
470 2981 563 3026 quod
574 2991 645 3016 eam
657 2989 849 3016 comentum
864 2981 881 3016 ὲ
898 2980 1077 3029 Monastice
1095 2984 1288 3031 Religionis
1302 2983 1439 3020 inimicis
1451 2983 1588 3029 sparsum
1601 2995 1674 3019 curn
1688 2981 1839 3027 pluribus
1854 2989 1984 3017 teneam
2001 3005 2013 3023 ‚
2036 2990 2109 3018 turn
2119 2981 2212 3026 quod
2230 2980 2414 3026 Josephum

386 3030 406 3071 (
421 3028 444 3062 si
461 3029 582 3082 veritas
600 3029 688 3063 facto
702 3030 773 3065 insit
788 3031 806 3075 )
826 3042 861 3066 re
872 3030 1026 3076 foeminee
1041 3030 1186 3068 levitatis
1200 3058 1211 3073 ,
1237 3042 1294 3068 aut
1308 3032 1379 3068 doli
1392 3033 1422 3068 in
1434 3045 1472 3068 ea
1486 3032 1612 3068 latentis
1628 3031 1802 3076 abreptum
1816 3041 1884 3066 non
1897 3029 1990 3067 fuisse
2004 3054 2016 3072 ,
2029 3041 2075 3065 ex
2088 3029 2162 3075 ipso
2172 3032 2242 3072 eius
2254 3028 2295 3065 ad
2305 3028 2415 3068 maio·

387 3088 423 3112 ra
435 3084 513 3111 nato
527 3075 640 3118 spiritu
654 3099 664 3114 ‚
689 3087 806 3114 contra
828 3077 1006 3115 insensatos
1027 3080 1245 3118 concludam.
1268 3081 1373 3127 Egisse
1398 3090 1536 3118 econtra
1559 3079 1650 3116 illum
1673 3091 1718 3116 eo
1745 3088 1899 3124 tempore
1914 3102 1926 3119 ,
1949 3089 2021 3126 quo
2033 3088 2152 3114 rumor
2173 3077 2261 3124 diste
2279 3074 2414 3121 historie

388 3123 530 3159 Galliam
546 3121 695 3166 implevit
710 3148 721 3164 ‚
747 3134 864 3162 contra
877 3129 994 3164 se&am
1011 3130 1270 3166 Illuminatorum
1283 3141 1325 3164 ex
1339 3129 1493 3175 Hispania
1505 3128 1696 3164 exulantem
1710 3151 1722 3169 ‚
1748 3127 1783 3163 δι
1799 3128 1830 3163 ἱη
1844 3125 2039 3173 quibusdam
2049 3123 2156 3172 Gallie
2167 3125 2248 3160 locis
2266 3121 2415 3168 repullu-

392 3172 512 3208 lantem
533 3195 544 3212 9
566 3179 675 3205 certus
687 3171 733 3206 est
743 3174 809 3219 vite
824 3173 908 3211 illius
921 3176 1127 3219 articulus,&
1139 3179 1217 3213 dum
1232 3177 1308 3213 zelo
1320 3178 1451 3222 Iosephi
1465 3177 1616 3222 potentia
1627 3176 1834 3212 authoritatis
1847 3186 1914 3211 non
1928 3174 2047 3215 defuit,
2058 3172 2292 3209 exterminium
2308 3172 2415 3219 quieti

389 3221 534 3257 criminis
551 3246 561 3261 ‚
586 3220 757 3255 necessaria
772 3222 834 3258 tuit
849 3224 958 3268 vigilis
971 3227 1099 3272 semper
1111 3226 1243 3263 virtutis
1255 3226 1362 3262 afflo-
1391 3226 1544 3272 Hydram
1557 3224 1715 3269 Iosephus
1728 3231 1877 3269 patenter
1892 3223 2079 3268 serpentem
2102 3219 2195 3257 facile
2208 3220 2331 3261 deiecit
2342 3243 2355 3260 ,
2380 3226 2413 3254 at

390 3270 528 3310 majoris
544 3267 636 3303 studii
652 3279 737 3312 opus
752 3269 813 3304 fuit
825 3270 935 3316 sopire
948 3275 1230 3323 discordie-ignem
1244 3300 1255 3315 ‚
1277 3275 1335 3321 qui
1346 3274 1481 3311 subtiles
1490 3274 1523 3309 in
1533 3273 1797 3317 flammaserupit
1810 3295 1821 3312 ,
1833 3273 1869 3308 &
1879 3270 2021 3306 Matrem
2032 3270 2185 3315 Reginae
2195 3268 2411 3305 cardinalem

391 3318 581 3370 Mlnlstfflff!
598 3316 732 3359 “rls’uit
746 3342 757 3358 2
784 3322 827 3356 eo
840 3322 1059 3364 perniciosior
1069 3349 1081 3366 ‚
1106 3315 1175 3372 quo
1187 3323 1328 3360 strictior
1337 3325 1424 3369 prius
1438 3323 1526 3357 inter
1540 3332 1600 3357 eos
1617 3321 1729 3367 viguit
1741 3319 1882 3366 amicitie
1894 3329 1999 3355 nexus
2010 3332 2020 3353 ε
2031 3318 2086 3354 Ad
2102 3318 2190 3354 hunc
2203 3317 2410 3359 extinguen-

391 3366 470 3401 dum
484 3367 560 3400 Rex
574 3363 641 3409 ipse
657 3364 785 3402 felicem
799 3369 929 3414 semper
942 3371 1069 3417 Iosephi
1082 3385 1220 3419 operam
1233 3373 1377 3418 impendi
1393 3371 1499 3408 voluit
1514 3383 1525 3412 3
1538 3381 1610 3404 cum
1623 3378 1734 3404 autem
1747 3368 1799 3403 hic
1810 3368 1857 3403 ob
1871 3368 1990 3412 pedem
2005 3366 2037 3402 in
2053 3366 2173 3403 itinere
2187 3366 2228 3401 ad
2245 3364 2410 3410 Reginam

391 3414 493 3460 lesum
505 3413 668 3449 commissa
680 3417 802 3461 exequi
818 3417 901 3452 haud
916 3420 1019 3464 posset
1034 3447 1044 3463 ‚
1070 3423 1130 3469 ὴςε
1142 3422 1199 3458 sub
1212 3422 1313 3458 herba
1325 3432 1471 3467 anguem
1485 3419 1588 3454 latere
1599 3418 1741 3453 credidit
1756 3440 1767 3457 ,
1788 3416 1823 3452 &
1835 3414 2002 3451 Bruxellis
2014 3414 2140 3461 asylum
2152 3438 2164 3456 ‚
2178 3414 2267 3460 quod
2283 3413 2313 3449 in
2330 3411 2412 3448 Gal-

392 3462 436 3499 li²
451 3475 521 3498 ¹¹0⁰
536 3461 677 3506 amplius
691 3463 858 3506 speravit,
881 3468 1019 3515 quesivit
1034 3496 1045 3512 ,
1073 3471 1140 3507 imo
1155 3470 1307 3506 secessum
1321 3469 1526 3505 Florentiam
1538 3465 1703 3502 fimulavit
1713 3489 1724 3506 ,
1748 3474 1784 3500 ut
1798 3464 1904 3510 Regis
1915 3463 1987 3500 Filii
2001 3464 2145 3499 animum
2158 3462 2243 3498 fietis
2258 3461 2352 3498 minis
2369 3460 2410 3496 ad

392 3512 464 3546 suas
478 3511 626 3546 traheret
638 3519 745 3555 partes
758 3536 768 3547 .
796 3514 865 3550 Has
877 3518 954 3551 dum
971 3519 1102 3555 inutiles
1114 3518 1224 3555 doluit
1236 3543 1247 3559 ,
1263 3529 1323 3563 per
1338 3517 1450 3554 literas
1462 3515 1637 3561 Iosephum
1656 3525 1719 3559 pro
1730 3513 1920 3550 affumendo
1936 3510 2174 3549 conciliationis
2191 3510 2343 3547 remedio
2359 3519 2411 3546 re·

394 3559 527 3607 quifivit
542 3583 556 3615 .·
581 3559 724 3614 Pro-ea,
749 3573 810 3607 qua
824 3574 906 3609 erga
917 3566 1078 3612 Reginam
1091 3567 1259 3604 ferebatur
1272 3591 1283 3607 ,
1310 3566 1520 3606 reverentia,
1543 3573 1631 3608 opus
1646 3562 1768 3608 incepit
1780 3586 1793 3603 ,
1817 3562 1853 3597 &
1871 3561 1981 3597 effecit
1994 3585 2006 3603 ,
2026 3569 2061 3596 ut
2075 3561 2152 3595 Rex
2173 3561 2209 3597 &
2222 3556 2408 3595 Cardinalis

396 3611 557 3652 regressm
573 3608 702 3654 Regme
719 3610 961 3648 consenserint:
985 3615 1075 3654 Cum
1099 3625 1206 3653 autem
1222 3615 1352 3658 Regina
1372 3613 1580 3651 conditiones
1607 3611 1799 3657 prescriptas
1814 3633 1825 3650 ‚
1856 3609 1914 3646 sibi
1941 3608 2178 3655 ignominiosas
2198 3613 2381 3643 autumaret
2394 3626 2411 3650 3

399 3656 534 3709 s⁰0s<l¹¹e
549 3657 717 3692 Ministro-0»
727 3660 865 3704 pastioni
879 3661 1066 3699 Cardinalis
1076 3664 1245 3701 sacrificari
1259 3663 1386 3705 nollet,
1412 3665 1444 3700 in
1457 3661 1578 3707 Anglia
1591 3670 1700 3695 moras
1715 3659 1786 3694 suas
1799 3659 1907 3705 figere
1930 3657 2036 3694 statuit
2048 3682 2059 3699 ‚
2080 3656 2200 3698 Elusa,
2225 3665 2322 3703 quam
2346 3653 2410 3688 im·

402 3705 517 3757 pendit
531 3704 713 3749 improbam
723 3731 733 3747 ,
760 3707 890 3753 Iosephi
906 3713 1009 3753 opera
1020 3733 1031 3744 .
1056 3712 1248 3750 Gloriosior
1260 3711 1321 3750 fuit
1335 3721 1473 3749 conatus
1490 3735 1501 3752 ,
1524 3720 1595 3757 quo
1609 3707 1780 3744 Aureliani
1796 3708 1927 3743 Ducem
1938 3731 1949 3748 ,
1960 3706 2067 3753 qui&
2079 3705 2230 3742 verbis&
2239 3701 2332 3756 factis
2343 3702 2416 3737 Re-

403 3759 478 3791 gem
496 3749 642 3806 l‘mtrem
655 3754 864 3797 irritaverat,
892 3757 1049 3803 Iosephus
1062 3764 1100 3797 ad
1116 3761 1223 3798 aulam
1236 3763 1270 3797 δι
1280 3762 1419 3806 gratiam
1435 3761 1534 3802 huius
1551 3758 1594 3796 ita
1608 3757 1768 3799 reduxit,
1783 3765 1819 3794 ut
1832 3755 2087 3793 Matrimonium
2097 3765 2174 3791 cum
2184 3751 2415 3795 Principiffa.»

407 3796 621 3844 Lotharingie
634 3825 645 3841 ‚
669 3805 719 3838 cui
734 3805 790 3840 diu
806 3806 1035 3844 obluctabatur
1047 3834 1059 3851 ,
1085 3810 1214 3848 tandem
1228 3810 1440 3848 ratihabuerit
1451 3829 1462 3843 ·
2081 3839 2087 3842 -
2287 3798 2368 3836 T²¹¹¹
