<?xml version="1.0" encoding="UTF-8"?>
<!DOCTYPE html PUBLIC "-//W3C//DTD XHTML 1.0 Transitional//EN"
    "http://www.w3.org/TR/xhtml1/DTD/xhtml1-transitional.dtd">
<html xmlns="http://www.w3.org/1999/xhtml" xml:lang="en" lang="en">
 <head>
  <title>
</title>
<meta http-equiv="Content-Type" content="text/html;charset=utf-8" />
  <meta name='ocr-system' content='tesseract 3.04.00' />
  <meta name='ocr-capabilities' content='ocr_page ocr_carea ocr_par ocr_line ocrx_word'/>
</head>
<body>
  <div class='ocr_page' id='page_1' title='image "./bullariumordinis05cath_0088.png"; bbox 0 0 2612 4100; ppageno 0'>
   <div class='ocr_carea' id='block_1_1' title="bbox 422 234 532 347">
    <p class='ocr_par' dir='ltr' id='par_1_1' title="bbox 422 234 532 347">
     <span class='ocr_line' id='line_1_1' title="bbox 422 234 532 347; baseline 0 -31"><span class='ocrx_word' id='word_1_1' title='bbox 422 234 532 347; x_wconf 74' lang='lat'>58</span> 
     </span>
    </p>
   </div>
   <div class='ocr_carea' id='block_1_2' title="bbox 335 369 1341 3428">
    <p class='ocr_par' dir='ltr' id='par_1_2' title="bbox 345 369 1333 951">
     <span class='ocr_line' id='line_1_2' title="bbox 345 369 1331 439; baseline -0.006 -15"><span class='ocrx_word' id='word_1_2' title='bbox 345 379 471 424; x_wconf 86' lang='lat' dir='ltr'>bilem</span> <span class='ocrx_word' id='word_1_3' title='bbox 496 379 652 425; x_wconf 76' lang='lat' dir='ltr'>Divinae</span> <span class='ocrx_word' id='word_1_4' title='bbox 695 376 910 435; x_wconf 83' lang='lat' dir='ltr'>Sapientiae</span> <span class='ocrx_word' id='word_1_5' title='bbox 934 375 951 426; x_wconf 73' lang='lat'><em>3</em></span> <span class='ocrx_word' id='word_1_6' title='bbox 990 375 1111 426; x_wconf 83' lang='lat' dir='ltr'>atque</span> <span class='ocrx_word' id='word_1_7' title='bbox 1135 369 1331 439; x_wconf 73' lang='lat' dir='ltr'>bonitatis</span> 
     </span>
     <span class='ocr_line' id='line_1_3' title="bbox 346 431 1332 487; baseline -0.007 -4"><span class='ocrx_word' id='word_1_8' title='bbox 346 438 633 483; x_wconf 75' lang='lat' dir='ltr'>abundantiam</span> <span class='ocrx_word' id='word_1_9' title='bbox 661 440 788 483; x_wconf 65' lang='lat' dir='ltr'>evecti</span> <span class='ocrx_word' id='word_1_10' title='bbox 802 463 817 486; x_wconf 62' lang='lat'>2</span> <span class='ocrx_word' id='word_1_11' title='bbox 842 449 887 478; x_wconf 83' lang='lat' dir='ltr'>ea</span> <span class='ocrx_word' id='word_1_12' title='bbox 902 462 917 486; x_wconf 85' lang='lat'><strong>,</strong></span> <span class='ocrx_word' id='word_1_13' title='bbox 938 431 1055 487; x_wconf 68' lang='lat' dir='ltr'>quaea</span> <span class='ocrx_word' id='word_1_14' title='bbox 1069 436 1200 475; x_wconf 80' lang='lat' dir='ltr'>Sacris</span> <span class='ocrx_word' id='word_1_15' title='bbox 1212 432 1332 477; x_wconf 81' lang='lat' dir='ltr'>Anti-</span> 
     </span>
     <span class='ocr_line' id='line_1_4' title="bbox 345 489 1330 554; baseline -0.012 -11"><span class='ocrx_word' id='word_1_16' title='bbox 345 500 498 543; x_wconf 87' lang='lat' dir='ltr'>stitibus</span> <span class='ocrx_word' id='word_1_17' title='bbox 526 499 566 541; x_wconf 85' lang='lat' dir='ltr'>in</span> <span class='ocrx_word' id='word_1_18' title='bbox 591 507 742 554; x_wconf 85' lang='lat' dir='ltr'>partem</span> <span class='ocrx_word' id='word_1_19' title='bbox 769 489 1051 538; x_wconf 85' lang='lat' dir='ltr'>sollicitudinis</span> <span class='ocrx_word' id='word_1_20' title='bbox 1086 489 1224 533; x_wconf 83' lang='lat' dir='ltr'>nostrae</span> <span class='ocrx_word' id='word_1_21' title='bbox 1256 507 1330 536; x_wconf 81' lang='lat' dir='ltr'>vo-</span> 
     </span>
     <span class='ocr_line' id='line_1_5' title="bbox 348 548 1328 612; baseline -0.012 -11"><span class='ocrx_word' id='word_1_22' title='bbox 348 559 450 602; x_wconf 89' lang='lat' dir='ltr'>catis</span> <span class='ocrx_word' id='word_1_23' title='bbox 460 584 474 608; x_wconf 66' lang='lat' dir='ltr'>a</span> <span class='ocrx_word' id='word_1_24' title='bbox 488 559 528 600; x_wconf 75' lang='grc' dir='ltr'>δι</span> <span class='ocrx_word' id='word_1_25' title='bbox 542 558 756 612; x_wconf 86' lang='lat' dir='ltr'>praesertim</span> <span class='ocrx_word' id='word_1_26' title='bbox 782 550 941 595; x_wconf 88' lang='lat' dir='ltr'>sublimi</span> <span class='ocrx_word' id='word_1_27' title='bbox 957 548 1240 594; x_wconf 70' lang='lat' dir='ltr'>cardinalatus</span> <span class='ocrx_word' id='word_1_28' title='bbox 1253 552 1328 595; x_wconf 87' lang='lat' dir='ltr'>ho-</span> 
     </span>
     <span class='ocr_line' id='line_1_6' title="bbox 346 606 1329 672; baseline -0.004 -13"><span class='ocrx_word' id='word_1_29' title='bbox 346 631 446 660; x_wconf 89' lang='lat' dir='ltr'>nore</span> <span class='ocrx_word' id='word_1_30' title='bbox 472 615 724 672; x_wconf 84' lang='lat' dir='ltr'>fulgentibus</span> <span class='ocrx_word' id='word_1_31' title='bbox 750 612 799 653; x_wconf 93' lang='lat' dir='ltr'>ad</span> <span class='ocrx_word' id='word_1_32' title='bbox 816 610 954 654; x_wconf 89' lang='lat' dir='ltr'>Divini</span> <span class='ocrx_word' id='word_1_33' title='bbox 980 606 1145 662; x_wconf 68' lang='lat' dir='ltr'>cultus,</span> <span class='ocrx_word' id='word_1_34' title='bbox 1168 613 1208 654; x_wconf 90' lang='lat'>&amp;</span> <span class='ocrx_word' id='word_1_35' title='bbox 1233 613 1329 656; x_wconf 86' lang='lat' dir='ltr'>reli-</span> 
     </span>
     <span class='ocr_line' id='line_1_7' title="bbox 345 667 1329 731; baseline -0.001 -15"><span class='ocrx_word' id='word_1_36' title='bbox 345 677 474 731; x_wconf 88' lang='lat' dir='ltr'>gionis</span> <span class='ocrx_word' id='word_1_37' title='bbox 501 675 795 717; x_wconf 89' lang='lat' dir='ltr'>incrementum</span> <span class='ocrx_word' id='word_1_38' title='bbox 821 669 887 726; x_wconf 62' lang='lat' dir='ltr'>pic</span> <span class='ocrx_word' id='word_1_39' title='bbox 902 699 918 721; x_wconf 86' lang='lat'>,</span> <span class='ocrx_word' id='word_1_40' title='bbox 945 667 1251 730; x_wconf 80' lang='lat' dir='ltr'>liberaliterque</span> <span class='ocrx_word' id='word_1_41' title='bbox 1273 668 1329 715; x_wconf 85' lang='lat' dir='ltr'>fa-</span> 
     </span>
     <span class='ocr_line' id='line_1_8' title="bbox 345 727 1332 788; baseline -0.004 -11"><span class='ocrx_word' id='word_1_42' title='bbox 345 737 407 777; x_wconf 68' lang='lat' dir='ltr'>&amp;a</span> <span class='ocrx_word' id='word_1_43' title='bbox 434 733 509 775; x_wconf 83' lang='lat' dir='ltr'>effe</span> <span class='ocrx_word' id='word_1_44' title='bbox 533 732 778 782; x_wconf 75' lang='lat' dir='ltr'>noscuntur,</span> <span class='ocrx_word' id='word_1_45' title='bbox 802 740 844 770; x_wconf 86' lang='lat' dir='ltr'>ut</span> <span class='ocrx_word' id='word_1_46' title='bbox 867 727 982 771; x_wconf 86' lang='lat' dir='ltr'>firma</span> <span class='ocrx_word' id='word_1_47' title='bbox 997 728 1180 786; x_wconf 84' lang='lat' dir='ltr'>semper,</span> <span class='ocrx_word' id='word_1_48' title='bbox 1207 740 1332 788; x_wconf 90' lang='lat' dir='ltr'>atque</span> 
     </span>
     <span class='ocr_line' id='line_1_9' title="bbox 347 786 1329 844; baseline -0.004 -9"><span class='ocrx_word' id='word_1_49' title='bbox 347 793 501 835; x_wconf 87' lang='lat' dir='ltr'>illibata</span> <span class='ocrx_word' id='word_1_50' title='bbox 514 791 718 844; x_wconf 76' lang='lat' dir='ltr'>perfistant</span> <span class='ocrx_word' id='word_1_51' title='bbox 731 817 746 840; x_wconf 67' lang='lat'>2</span> <span class='ocrx_word' id='word_1_52' title='bbox 762 786 986 844; x_wconf 82' lang='lat' dir='ltr'>Apostolici</span> <span class='ocrx_word' id='word_1_53' title='bbox 1010 790 1239 833; x_wconf 86' lang='lat' dir='ltr'>muniminis</span> <span class='ocrx_word' id='word_1_54' title='bbox 1255 804 1329 832; x_wconf 90' lang='lat' dir='ltr'>no·</span> 
     </span>
     <span class='ocr_line' id='line_1_10' title="bbox 345 846 1333 906; baseline 0.001 -16"><span class='ocrx_word' id='word_1_55' title='bbox 345 851 410 893; x_wconf 81' lang='lat' dir='ltr'>stri</span> <span class='ocrx_word' id='word_1_56' title='bbox 435 849 666 904; x_wconf 86' lang='lat' dir='ltr'>patrocinio</span> <span class='ocrx_word' id='word_1_57' title='bbox 681 846 696 901; x_wconf 63' lang='lat'>‘,</span> <span class='ocrx_word' id='word_1_58' title='bbox 711 860 803 891; x_wconf 89' lang='lat' dir='ltr'>cum</span> <span class='ocrx_word' id='word_1_59' title='bbox 827 846 867 889; x_wconf 92' lang='lat' dir='ltr'>id</span> <span class='ocrx_word' id='word_1_60' title='bbox 881 848 1044 894; x_wconf 54' lang='lat' dir='ltr'>&amp;Nobis</span> <span class='ocrx_word' id='word_1_61' title='bbox 1058 849 1217 906; x_wconf 84' lang='lat' dir='ltr'>petitur</span> <span class='ocrx_word' id='word_1_62' title='bbox 1233 876 1249 902; x_wconf 67' lang='lat'><em>2</em></span> <span class='ocrx_word' id='word_1_63' title='bbox 1278 847 1333 892; x_wconf 92' lang='lat' dir='ltr'>li-</span> 
     </span>
     <span class='ocr_line' id='line_1_11' title="bbox 345 904 961 951; baseline -0.003 0"><span class='ocrx_word' id='word_1_64' title='bbox 345 910 459 951; x_wconf 90' lang='lat' dir='ltr'>benti</span> <span class='ocrx_word' id='word_1_65' title='bbox 475 909 612 950; x_wconf 89' lang='lat' dir='ltr'>animo</span> <span class='ocrx_word' id='word_1_66' title='bbox 637 904 932 950; x_wconf 85' lang='lat' dir='ltr'>constabilimus</span> <span class='ocrx_word' id='word_1_67' title='bbox 948 936 961 949; x_wconf 90' lang='lat'>.</span> 
     </span>
    </p>

    <p class='ocr_par' dir='ltr' id='par_1_3' title="bbox 335 964 1341 3428">
     <span class='ocr_line' id='line_1_12' title="bbox 457 964 1332 1025; baseline -0.001 -15"><span class='ocrx_word' id='word_1_68' title='bbox 457 966 651 1022; x_wconf 85' lang='lat' dir='ltr'>Exposuit</span> <span class='ocrx_word' id='word_1_69' title='bbox 675 964 868 1023; x_wconf 74' lang='lat' dir='ltr'>liquidem</span> <span class='ocrx_word' id='word_1_70' title='bbox 894 965 1022 1010; x_wconf 88' lang='lat' dir='ltr'>Nobis</span> <span class='ocrx_word' id='word_1_71' title='bbox 1049 980 1179 1025; x_wconf 83' lang='lat' dir='ltr'>nuper</span> <span class='ocrx_word' id='word_1_72' title='bbox 1195 969 1332 1012; x_wconf 89' lang='lat' dir='ltr'>Vene-</span> 
     </span>
     <span class='ocr_line' id='line_1_13' title="bbox 345 1025 1328 1084; baseline 0 -17"><span class='ocrx_word' id='word_1_73' title='bbox 345 1025 482 1068; x_wconf 79' lang='lat' dir='ltr'>rabilis</span> <span class='ocrx_word' id='word_1_74' title='bbox 506 1028 649 1069; x_wconf 81' lang='lat' dir='ltr'>Frater</span> <span class='ocrx_word' id='word_1_75' title='bbox 676 1025 834 1076; x_wconf 89' lang='lat' dir='ltr'>noster,</span> <span class='ocrx_word' id='word_1_76' title='bbox 849 1025 1049 1070; x_wconf 81' lang='lat' dir='ltr'>Antonius</span> <span class='ocrx_word' id='word_1_77' title='bbox 1067 1028 1328 1084; x_wconf 88' lang='lat' dir='ltr'>Barberinus,</span> 
     </span>
     <span class='ocr_line' id='line_1_14' title="bbox 344 1083 1338 1140; baseline -0.002 -12"><span class='ocrx_word' id='word_1_78' title='bbox 344 1083 571 1140; x_wconf 85' lang='lat' dir='ltr'>Episcopus</span> <span class='ocrx_word' id='word_1_79' title='bbox 606 1085 868 1128; x_wconf 74' lang='lat' dir='ltr'>Praenestinus</span> <span class='ocrx_word' id='word_1_80' title='bbox 890 1113 905 1137; x_wconf 85' lang='lat'>‚</span> <span class='ocrx_word' id='word_1_81' title='bbox 940 1084 1172 1130; x_wconf 78' lang='lat' dir='ltr'>Cardinalis</span> <span class='ocrx_word' id='word_1_82' title='bbox 1208 1088 1338 1128; x_wconf 90' lang='lat' dir='ltr'>Anto-</span> 
     </span>
     <span class='ocr_line' id='line_1_15' title="bbox 341 1142 1335 1201; baseline -0.002 -14"><span class='ocrx_word' id='word_1_83' title='bbox 341 1145 433 1187; x_wconf 84' lang='lat' dir='ltr'>nius</span> <span class='ocrx_word' id='word_1_84' title='bbox 448 1153 725 1201; x_wconf 87' lang='lat' dir='ltr'>nuncupatus,</span> <span class='ocrx_word' id='word_1_85' title='bbox 756 1145 904 1188; x_wconf 72' lang='lat' dir='ltr'>Sancta</span> <span class='ocrx_word' id='word_1_86' title='bbox 927 1145 1118 1188; x_wconf 81' lang='lat' dir='ltr'>Romanae</span> <span class='ocrx_word' id='word_1_87' title='bbox 1145 1142 1335 1188; x_wconf 86' lang='lat' dir='ltr'>Ecclefiae</span> 
     </span>
     <span class='ocr_line' id='line_1_16' title="bbox 342 1203 1334 1259; baseline -0.001 -13"><span class='ocrx_word' id='word_1_88' title='bbox 342 1204 671 1256; x_wconf 85' lang='lat' dir='ltr'>Camerarius‚&amp;</span> <span class='ocrx_word' id='word_1_89' title='bbox 693 1203 1026 1259; x_wconf 84' lang='lat' dir='ltr'>Metropolitanae</span> <span class='ocrx_word' id='word_1_90' title='bbox 1044 1203 1234 1248; x_wconf 84' lang='lat' dir='ltr'>Ecclesiae</span> <span class='ocrx_word' id='word_1_91' title='bbox 1250 1205 1334 1246; x_wconf 80' lang='lat' dir='ltr'>Re-</span> 
     </span>
     <span class='ocr_line' id='line_1_17' title="bbox 342 1261 1334 1319; baseline -0.001 -16"><span class='ocrx_word' id='word_1_92' title='bbox 342 1261 484 1304; x_wconf 84' lang='lat' dir='ltr'>menfis</span> <span class='ocrx_word' id='word_1_93' title='bbox 498 1276 544 1304; x_wconf 86' lang='lat' dir='ltr'>ex</span> <span class='ocrx_word' id='word_1_94' title='bbox 559 1262 813 1308; x_wconf 85' lang='lat' dir='ltr'>conceffione</span> <span class='ocrx_word' id='word_1_95' title='bbox 827 1288 842 1312; x_wconf 65' lang='lat'>2</span> <span class='ocrx_word' id='word_1_96' title='bbox 853 1263 893 1305; x_wconf 73' lang='grc' dir='ltr'>δι</span> <span class='ocrx_word' id='word_1_97' title='bbox 908 1261 1206 1319; x_wconf 87' lang='lat' dir='ltr'>dispensatione</span> <span class='ocrx_word' id='word_1_98' title='bbox 1222 1266 1334 1317; x_wconf 89' lang='lat' dir='ltr'>Apo-</span> 
     </span>
     <span class='ocr_line' id='line_1_18' title="bbox 342 1320 1336 1379; baseline 0 -16"><span class='ocrx_word' id='word_1_99' title='bbox 342 1320 481 1364; x_wconf 87' lang='lat' dir='ltr'>stolica</span> <span class='ocrx_word' id='word_1_100' title='bbox 507 1322 651 1366; x_wconf 85' lang='lat' dir='ltr'>Praesul</span> <span class='ocrx_word' id='word_1_101' title='bbox 667 1351 682 1375; x_wconf 84' lang='lat'><strong>,</strong></span> <span class='ocrx_word' id='word_1_102' title='bbox 710 1321 820 1379; x_wconf 92' lang='lat' dir='ltr'>quod</span> <span class='ocrx_word' id='word_1_103' title='bbox 845 1321 997 1366; x_wconf 88' lang='lat' dir='ltr'>dudum</span> <span class='ocrx_word' id='word_1_104' title='bbox 1026 1323 1093 1365; x_wconf 91' lang='lat' dir='ltr'>bo.</span> <span class='ocrx_word' id='word_1_105' title='bbox 1110 1336 1233 1365; x_wconf 88' lang='lat' dir='ltr'>mem.</span> <span class='ocrx_word' id='word_1_106' title='bbox 1252 1323 1336 1364; x_wconf 87' lang='lat' dir='ltr'>Lu-</span> 
     </span>
     <span class='ocr_line' id='line_1_19' title="bbox 341 1378 1332 1437; baseline 0 -16"><span class='ocrx_word' id='word_1_107' title='bbox 341 1379 513 1423; x_wconf 85' lang='lat' dir='ltr'>dovicus</span> <span class='ocrx_word' id='word_1_108' title='bbox 528 1381 648 1432; x_wconf 92' lang='lat' dir='ltr'>,dum</span> <span class='ocrx_word' id='word_1_109' title='bbox 666 1383 790 1434; x_wconf 85' lang='lat' dir='ltr'>vixit,</span> <span class='ocrx_word' id='word_1_110' title='bbox 810 1378 990 1437; x_wconf 86' lang='lat' dir='ltr'>ejusdem</span> <span class='ocrx_word' id='word_1_111' title='bbox 1005 1384 1155 1425; x_wconf 67' lang='lat' dir='ltr'>Sanfiae</span> <span class='ocrx_word' id='word_1_112' title='bbox 1177 1382 1332 1424; x_wconf 90' lang='lat' dir='ltr'>Roma-</span> 
     </span>
     <span class='ocr_line' id='line_1_20' title="bbox 340 1439 1332 1496; baseline -0.002 -14"><span class='ocrx_word' id='word_1_113' title='bbox 340 1451 400 1482; x_wconf 80' lang='lat' dir='ltr'>nae</span> <span class='ocrx_word' id='word_1_114' title='bbox 417 1439 604 1483; x_wconf 80' lang='lat' dir='ltr'>Ecclesia:</span> <span class='ocrx_word' id='word_1_115' title='bbox 632 1439 861 1485; x_wconf 87' lang='lat' dir='ltr'>Cardinalis</span> <span class='ocrx_word' id='word_1_116' title='bbox 887 1443 912 1487; x_wconf 66' lang='lat' dir='ltr'>a</span> <span class='ocrx_word' id='word_1_117' title='bbox 937 1441 1201 1496; x_wconf 86' lang='lat' dir='ltr'>Lotharingia</span> <span class='ocrx_word' id='word_1_118' title='bbox 1223 1452 1332 1483; x_wconf 90' lang='lat' dir='ltr'>nun-</span> 
     </span>
     <span class='ocr_line' id='line_1_21' title="bbox 339 1498 1330 1553; baseline 0.003 -14"><span class='ocrx_word' id='word_1_119' title='bbox 339 1509 512 1553; x_wconf 82' lang='lat' dir='ltr'>cupatus</span> <span class='ocrx_word' id='word_1_120' title='bbox 529 1528 543 1551; x_wconf 83' lang='lat'>‚</span> <span class='ocrx_word' id='word_1_121' title='bbox 558 1500 669 1544; x_wconf 66' lang='lat' dir='ltr'>die&#39;tae</span> <span class='ocrx_word' id='word_1_122' title='bbox 694 1498 878 1544; x_wconf 79' lang='lat' dir='ltr'>Ecclefiae</span> <span class='ocrx_word' id='word_1_123' title='bbox 913 1499 1124 1545; x_wconf 82' lang='lat' dir='ltr'>Remensis</span> <span class='ocrx_word' id='word_1_124' title='bbox 1148 1515 1198 1544; x_wconf 84' lang='lat' dir='ltr'>ex</span> <span class='ocrx_word' id='word_1_125' title='bbox 1214 1498 1330 1542; x_wconf 85' lang='lat' dir='ltr'>fimili</span> 
     </span>
     <span class='ocr_line' id='line_1_22' title="bbox 338 1556 1332 1622; baseline 0.004 -24"><span class='ocrx_word' id='word_1_126' title='bbox 338 1557 594 1622; x_wconf 71' lang='lat' dir='ltr'>conceffione</span> <span class='ocrx_word' id='word_1_127' title='bbox 617 1587 632 1611; x_wconf 86' lang='lat'>‚</span> <span class='ocrx_word' id='word_1_128' title='bbox 660 1560 700 1602; x_wconf 87' lang='lat'>&amp;</span> <span class='ocrx_word' id='word_1_129' title='bbox 724 1556 1017 1616; x_wconf 88' lang='lat' dir='ltr'>dispensatione</span> <span class='ocrx_word' id='word_1_130' title='bbox 1046 1559 1206 1612; x_wconf 79' lang='lat' dir='ltr'>Praesui,</span> <span class='ocrx_word' id='word_1_131' title='bbox 1224 1558 1332 1603; x_wconf 79' lang='lat' dir='ltr'>tria..</span> 
     </span>
     <span class='ocr_line' id='line_1_23' title="bbox 336 1617 1334 1670; baseline 0.001 -12"><span class='ocrx_word' id='word_1_132' title='bbox 336 1627 480 1670; x_wconf 70' lang='lat' dir='ltr'>jugera</span> <span class='ocrx_word' id='word_1_133' title='bbox 506 1626 625 1660; x_wconf 83' lang='lat' dir='ltr'>terrae</span> <span class='ocrx_word' id='word_1_134' title='bbox 639 1632 728 1662; x_wconf 88' lang='lat' dir='ltr'>cum</span> <span class='ocrx_word' id='word_1_135' title='bbox 745 1617 946 1668; x_wconf 80' lang='lat' dir='ltr'>dimidio,</span> <span class='ocrx_word' id='word_1_136' title='bbox 977 1619 1044 1663; x_wconf 90' lang='lat' dir='ltr'>vel</span> <span class='ocrx_word' id='word_1_137' title='bbox 1072 1620 1242 1663; x_wconf 88' lang='lat' dir='ltr'>circiter</span> <span class='ocrx_word' id='word_1_138' title='bbox 1259 1618 1334 1660; x_wconf 70' lang='lat' dir='ltr'>iri-2</span> 
     </span>
     <span class='ocr_line' id='line_1_24' title="bbox 337 1674 1334 1732; baseline 0.006 -18"><span class='ocrx_word' id='word_1_139' title='bbox 337 1674 527 1717; x_wconf 81' lang='lat' dir='ltr'>Civitate</span> <span class='ocrx_word' id='word_1_140' title='bbox 547 1677 735 1722; x_wconf 81' lang='lat' dir='ltr'>Remensi</span> <span class='ocrx_word' id='word_1_141' title='bbox 752 1676 866 1732; x_wconf 85' lang='lat' dir='ltr'>juxta</span> <span class='ocrx_word' id='word_1_142' title='bbox 895 1677 983 1720; x_wconf 90' lang='lat' dir='ltr'>suos</span> <span class='ocrx_word' id='word_1_143' title='bbox 1010 1689 1155 1730; x_wconf 83' lang='lat' dir='ltr'>notos,</span> <span class='ocrx_word' id='word_1_144' title='bbox 1179 1679 1217 1720; x_wconf 92' lang='lat'>&amp;</span> <span class='ocrx_word' id='word_1_145' title='bbox 1238 1687 1334 1720; x_wconf 91' lang='lat' dir='ltr'>tunc</span> 
     </span>
     <span class='ocr_line' id='line_1_25' title="bbox 341 1732 1337 1791; baseline 0.002 -16"><span class='ocrx_word' id='word_1_146' title='bbox 341 1732 548 1784; x_wconf 73' lang='lat' dir='ltr'>expressos</span> <span class='ocrx_word' id='word_1_147' title='bbox 563 1734 664 1780; x_wconf 81' lang='lat' dir='ltr'>fines</span> <span class='ocrx_word' id='word_1_148' title='bbox 689 1735 760 1778; x_wconf 84' lang='lat' dir='ltr'>lita</span> <span class='ocrx_word' id='word_1_149' title='bbox 772 1764 786 1787; x_wconf 76' lang='lat'><strong>,</strong></span> <span class='ocrx_word' id='word_1_150' title='bbox 805 1752 852 1779; x_wconf 88' lang='lat' dir='ltr'>ac</span> <span class='ocrx_word' id='word_1_151' title='bbox 864 1736 914 1779; x_wconf 89' lang='lat' dir='ltr'>ad</span> <span class='ocrx_word' id='word_1_152' title='bbox 928 1737 1104 1780; x_wconf 88' lang='lat' dir='ltr'>Mensam</span> <span class='ocrx_word' id='word_1_153' title='bbox 1120 1735 1337 1791; x_wconf 88' lang='lat' dir='ltr'>Archiepi-</span> 
     </span>
     <span class='ocr_line' id='line_1_26' title="bbox 335 1787 1336 1846; baseline 0.007 -17"><span class='ocrx_word' id='word_1_154' title='bbox 335 1787 544 1841; x_wconf 85' lang='lat' dir='ltr'>scopalem</span> <span class='ocrx_word' id='word_1_155' title='bbox 561 1793 802 1832; x_wconf 83' lang='lat' dir='ltr'>Remensem</span> <span class='ocrx_word' id='word_1_156' title='bbox 832 1794 1015 1845; x_wconf 67' lang='lat' dir='ltr'>legitime</span> <span class='ocrx_word' id='word_1_157' title='bbox 1055 1794 1304 1846; x_wconf 67' lang='lat' dir='ltr'>spectantia...</span> <span class='ocrx_word' id='word_1_158' title='bbox 1320 1817 1336 1840; x_wconf 69' lang='lat'>2</span> 
     </span>
     <span class='ocr_line' id='line_1_27' title="bbox 336 1846 1335 1891; baseline -0.002 -2"><span class='ocrx_word' id='word_1_159' title='bbox 336 1847 556 1889; x_wconf 85' lang='lat' dir='ltr'>Fratribus</span> <span class='ocrx_word' id='word_1_160' title='bbox 585 1846 815 1889; x_wconf 87' lang='lat' dir='ltr'>Minoribus</span> <span class='ocrx_word' id='word_1_161' title='bbox 846 1848 1017 1890; x_wconf 85' lang='lat' dir='ltr'>Ordinis</span> <span class='ocrx_word' id='word_1_162' title='bbox 1054 1853 1100 1891; x_wconf 88' lang='lat' dir='ltr'>S.</span> <span class='ocrx_word' id='word_1_163' title='bbox 1130 1848 1335 1889; x_wconf 85' lang='lat' dir='ltr'>Francisci</span> 
     </span>
     <span class='ocr_line' id='line_1_28' title="bbox 337 1905 1337 1961; baseline -0.002 -14"><span class='ocrx_word' id='word_1_164' title='bbox 337 1905 540 1960; x_wconf 86' lang='lat' dir='ltr'>Capucini</span> <span class='ocrx_word' id='word_1_165' title='bbox 585 1905 856 1961; x_wconf 78' lang='lat' dir='ltr'>nuncupatis,</span> <span class='ocrx_word' id='word_1_166' title='bbox 879 1919 956 1961; x_wconf 87' lang='lat' dir='ltr'>pro</span> <span class='ocrx_word' id='word_1_167' title='bbox 982 1905 1229 1950; x_wconf 71' lang='lat' dir='ltr'>aedificandis</span> <span class='ocrx_word' id='word_1_168' title='bbox 1258 1905 1337 1946; x_wconf 87' lang='lat' dir='ltr'>ibi-</span> 
     </span>
     <span class='ocr_line' id='line_1_29' title="bbox 337 1962 1337 2013; baseline -0.003 -10"><span class='ocrx_word' id='word_1_169' title='bbox 337 1962 432 2004; x_wconf 88' lang='lat' dir='ltr'>dem</span> <span class='ocrx_word' id='word_1_170' title='bbox 451 1966 531 2004; x_wconf 85' lang='lat' dir='ltr'>Ecc</span> <span class='ocrx_word' id='word_1_171' title='bbox 554 1963 630 2004; x_wconf 84' lang='lat' dir='ltr'>efia</span> <span class='ocrx_word' id='word_1_172' title='bbox 645 1989 660 2008; x_wconf 90' lang='lat'><strong>,</strong></span> <span class='ocrx_word' id='word_1_173' title='bbox 684 1966 726 2003; x_wconf 88' lang='lat'>&amp;</span> <span class='ocrx_word' id='word_1_174' title='bbox 741 1967 961 2004; x_wconf 80' lang='lat' dir='ltr'>Conventu</span> <span class='ocrx_word' id='word_1_175' title='bbox 976 1965 1154 2013; x_wconf 67' lang='lat' dir='ltr'>ejusdem</span> <span class='ocrx_word' id='word_1_176' title='bbox 1168 1962 1337 2003; x_wconf 87' lang='lat' dir='ltr'>Ordinis</span> 
     </span>
     <span class='ocr_line' id='line_1_30' title="bbox 337 2017 1336 2071; baseline -0.007 -10"><span class='ocrx_word' id='word_1_177' title='bbox 337 2018 390 2061; x_wconf 86' lang='lat' dir='ltr'>ad</span> <span class='ocrx_word' id='word_1_178' title='bbox 406 2018 532 2060; x_wconf 76' lang='lat' dir='ltr'>divini</span> <span class='ocrx_word' id='word_1_179' title='bbox 546 2017 681 2060; x_wconf 70' lang='lat' dir='ltr'>cultus</span> <span class='ocrx_word' id='word_1_180' title='bbox 695 2043 710 2065; x_wconf 86' lang='lat'>‚</span> <span class='ocrx_word' id='word_1_181' title='bbox 740 2017 986 2070; x_wconf 89' lang='lat' dir='ltr'>piorumque</span> <span class='ocrx_word' id='word_1_182' title='bbox 1014 2029 1182 2071; x_wconf 90' lang='lat' dir='ltr'>operum</span> <span class='ocrx_word' id='word_1_183' title='bbox 1204 2018 1336 2058; x_wconf 88' lang='lat' dir='ltr'>incre-</span> 
     </span>
     <span class='ocr_line' id='line_1_31' title="bbox 338 2072 1338 2129; baseline -0.006 -10"><span class='ocrx_word' id='word_1_184' title='bbox 338 2086 554 2125; x_wconf 88' lang='lat' dir='ltr'>mentum,</span> <span class='ocrx_word' id='word_1_185' title='bbox 578 2077 618 2117; x_wconf 89' lang='lat'>&amp;</span> <span class='ocrx_word' id='word_1_186' title='bbox 637 2075 859 2117; x_wconf 90' lang='lat' dir='ltr'>animarum</span> <span class='ocrx_word' id='word_1_187' title='bbox 892 2072 1060 2118; x_wconf 87' lang='lat' dir='ltr'>salutem</span> <span class='ocrx_word' id='word_1_188' title='bbox 1089 2086 1338 2129; x_wconf 89' lang='lat' dir='ltr'>promoven-</span> 
     </span>
     <span class='ocr_line' id='line_1_32' title="bbox 337 2131 1337 2191; baseline -0.006 -13"><span class='ocrx_word' id='word_1_189' title='bbox 337 2135 461 2186; x_wconf 80' lang='lat' dir='ltr'>dam,</span> <span class='ocrx_word' id='word_1_190' title='bbox 493 2132 559 2191; x_wconf 69' lang='lat' dir='ltr'>pia</span> <span class='ocrx_word' id='word_1_191' title='bbox 575 2133 819 2177; x_wconf 89' lang='lat' dir='ltr'>liberalitate</span> <span class='ocrx_word' id='word_1_192' title='bbox 833 2133 1003 2177; x_wconf 88' lang='lat' dir='ltr'>donavit</span> <span class='ocrx_word' id='word_1_193' title='bbox 1021 2162 1036 2184; x_wconf 89' lang='lat'><strong>,</strong></span> <span class='ocrx_word' id='word_1_194' title='bbox 1059 2144 1182 2188; x_wconf 88' lang='lat' dir='ltr'>prout</span> <span class='ocrx_word' id='word_1_195' title='bbox 1198 2135 1238 2175; x_wconf 92' lang='lat' dir='ltr'>in</span> <span class='ocrx_word' id='word_1_196' title='bbox 1251 2131 1337 2184; x_wconf 87' lang='lat' dir='ltr'>ejus</span> 
     </span>
     <span class='ocr_line' id='line_1_33' title="bbox 337 2191 1336 2250; baseline -0.006 -12"><span class='ocrx_word' id='word_1_197' title='bbox 337 2195 469 2238; x_wconf 88' lang='lat' dir='ltr'>literis</span> <span class='ocrx_word' id='word_1_198' title='bbox 525 2192 694 2250; x_wconf 81' lang='lat' dir='ltr'>desuper</span> <span class='ocrx_word' id='word_1_199' title='bbox 739 2194 934 2236; x_wconf 87' lang='lat' dir='ltr'>emanatis</span> <span class='ocrx_word' id='word_1_200' title='bbox 976 2192 1142 2235; x_wconf 85' lang='lat' dir='ltr'>uberius</span> <span class='ocrx_word' id='word_1_201' title='bbox 1185 2191 1336 2235; x_wconf 88' lang='lat' dir='ltr'>dicitur</span> 
     </span>
     <span class='ocr_line' id='line_1_34' title="bbox 338 2247 1336 2305; baseline -0.007 -11"><span class='ocrx_word' id='word_1_202' title='bbox 338 2253 542 2299; x_wconf 83' lang='lat' dir='ltr'>contineri</span> <span class='ocrx_word' id='word_1_203' title='bbox 558 2282 570 2294; x_wconf 84' lang='lat'><strong>.</strong></span> <span class='ocrx_word' id='word_1_204' title='bbox 585 2256 693 2297; x_wconf 88' lang='lat' dir='ltr'>Cum</span> <span class='ocrx_word' id='word_1_205' title='bbox 708 2261 845 2295; x_wconf 88' lang='lat' dir='ltr'>autem</span> <span class='ocrx_word' id='word_1_206' title='bbox 862 2276 878 2301; x_wconf 92' lang='lat'><strong><em>,</em></strong></span> <span class='ocrx_word' id='word_1_207' title='bbox 898 2251 996 2295; x_wconf 83' lang='lat' dir='ltr'>ficut</span> <span class='ocrx_word' id='word_1_208' title='bbox 1021 2250 1165 2294; x_wconf 88' lang='lat' dir='ltr'>eadem</span> <span class='ocrx_word' id='word_1_209' title='bbox 1179 2247 1336 2305; x_wconf 84' lang='lat' dir='ltr'>expofi-</span> 
     </span>
     <span class='ocr_line' id='line_1_35' title="bbox 339 2306 1338 2366; baseline -0.008 -11"><span class='ocrx_word' id='word_1_210' title='bbox 339 2315 401 2355; x_wconf 91' lang='lat' dir='ltr'>tio</span> <span class='ocrx_word' id='word_1_211' title='bbox 426 2309 718 2366; x_wconf 80' lang='lat' dir='ltr'>subjungebat,</span> <span class='ocrx_word' id='word_1_212' title='bbox 735 2310 866 2353; x_wconf 64' lang='lat' dir='ltr'>dietus</span> <span class='ocrx_word' id='word_1_213' title='bbox 887 2310 1091 2354; x_wconf 90' lang='lat' dir='ltr'>Antonius</span> <span class='ocrx_word' id='word_1_214' title='bbox 1115 2306 1338 2364; x_wconf 85' lang='lat' dir='ltr'>Episcopus</span> 
     </span>
     <span class='ocr_line' id='line_1_36' title="bbox 338 2365 1339 2424; baseline -0.008 -10"><span class='ocrx_word' id='word_1_215' title='bbox 338 2369 596 2420; x_wconf 85' lang='lat' dir='ltr'>Cardinalis,</span> <span class='ocrx_word' id='word_1_216' title='bbox 611 2371 651 2413; x_wconf 88' lang='lat'>&amp;</span> <span class='ocrx_word' id='word_1_217' title='bbox 669 2367 811 2412; x_wconf 85' lang='lat' dir='ltr'>Praesul</span> <span class='ocrx_word' id='word_1_218' title='bbox 837 2368 1114 2411; x_wconf 90' lang='lat' dir='ltr'>donationem</span> <span class='ocrx_word' id='word_1_219' title='bbox 1139 2365 1339 2424; x_wconf 78' lang='lat' dir='ltr'>hujusmo-</span> 
     </span>
     <span class='ocr_line' id='line_1_37' title="bbox 337 2423 1339 2485; baseline -0.007 -12"><span class='ocrx_word' id='word_1_220' title='bbox 337 2431 379 2474; x_wconf 88' lang='lat' dir='ltr'>di</span> <span class='ocrx_word' id='word_1_221' title='bbox 403 2443 474 2485; x_wconf 89' lang='lat' dir='ltr'>per</span> <span class='ocrx_word' id='word_1_222' title='bbox 485 2428 677 2485; x_wconf 88' lang='lat' dir='ltr'>quasdam</span> <span class='ocrx_word' id='word_1_223' title='bbox 692 2428 778 2471; x_wconf 81' lang='lat' dir='ltr'>suas</span> <span class='ocrx_word' id='word_1_224' title='bbox 794 2426 860 2472; x_wconf 87' lang='lat' dir='ltr'>die</span> <span class='ocrx_word' id='word_1_225' title='bbox 878 2441 1004 2470; x_wconf 83' lang='lat' dir='ltr'>xxtx.</span> <span class='ocrx_word' id='word_1_226' title='bbox 1027 2425 1122 2483; x_wconf 86' lang='lat' dir='ltr'>Maji</span> <span class='ocrx_word' id='word_1_227' title='bbox 1152 2423 1339 2483; x_wconf 70' lang='lat' dir='ltr'>proxime</span> 
     </span>
     <span class='ocr_line' id='line_1_38' title="bbox 340 2487 1336 2545; baseline -0.006 -14"><span class='ocrx_word' id='word_1_228' title='bbox 340 2489 534 2545; x_wconf 82' lang='lat' dir='ltr'>praeteriti</span> <span class='ocrx_word' id='word_1_229' title='bbox 563 2488 774 2544; x_wconf 84' lang='lat' dir='ltr'>expeditas</span> <span class='ocrx_word' id='word_1_230' title='bbox 787 2487 930 2531; x_wconf 88' lang='lat' dir='ltr'>literas</span> <span class='ocrx_word' id='word_1_231' title='bbox 943 2515 958 2538; x_wconf 88' lang='lat'><strong>‚</strong></span> <span class='ocrx_word' id='word_1_232' title='bbox 980 2487 1187 2529; x_wconf 88' lang='lat' dir='ltr'>reservato</span> <span class='ocrx_word' id='word_1_233' title='bbox 1201 2494 1336 2527; x_wconf 89' lang='lat' dir='ltr'>tamen</span> 
     </span>
     <span class='ocr_line' id='line_1_39' title="bbox 339 2544 1334 2604; baseline -0.005 -14"><span class='ocrx_word' id='word_1_234' title='bbox 339 2547 511 2604; x_wconf 86' lang='lat' dir='ltr'>desuper</span> <span class='ocrx_word' id='word_1_235' title='bbox 526 2546 644 2604; x_wconf 86' lang='lat' dir='ltr'>hujus</span> <span class='ocrx_word' id='word_1_236' title='bbox 667 2548 819 2589; x_wconf 70' lang='lat' dir='ltr'>Sanstae</span> <span class='ocrx_word' id='word_1_237' title='bbox 845 2545 966 2591; x_wconf 83' lang='lat' dir='ltr'>Sedis</span> <span class='ocrx_word' id='word_1_238' title='bbox 994 2544 1237 2601; x_wconf 86' lang='lat' dir='ltr'>Apostolicae</span> <span class='ocrx_word' id='word_1_239' title='bbox 1262 2544 1334 2586; x_wconf 89' lang='lat' dir='ltr'>be·</span> 
     </span>
     <span class='ocr_line' id='line_1_40' title="bbox 340 2604 1334 2663; baseline -0.005 -14"><span class='ocrx_word' id='word_1_240' title='bbox 340 2607 542 2663; x_wconf 86' lang='lat' dir='ltr'>neplacito</span> <span class='ocrx_word' id='word_1_241' title='bbox 556 2607 903 2662; x_wconf 76' lang='lat' dir='ltr'>,approbaverit,</span> <span class='ocrx_word' id='word_1_242' title='bbox 926 2606 966 2646; x_wconf 75' lang='grc' dir='ltr'>δι</span> <span class='ocrx_word' id='word_1_243' title='bbox 995 2604 1303 2648; x_wconf 83' lang='lat' dir='ltr'>confirmaverit</span> <span class='ocrx_word' id='word_1_244' title='bbox 1320 2628 1334 2653; x_wconf 83' lang='lat'>,</span> 
     </span>
     <span class='ocr_line' id='line_1_41' title="bbox 341 2660 1335 2720; baseline -0.006 -12"><span class='ocrx_word' id='word_1_245' title='bbox 341 2679 390 2708; x_wconf 85' lang='lat' dir='ltr'>ea</span> <span class='ocrx_word' id='word_1_246' title='bbox 420 2666 512 2720; x_wconf 88' lang='lat' dir='ltr'>lege</span> <span class='ocrx_word' id='word_1_247' title='bbox 526 2694 540 2716; x_wconf 83' lang='lat'>,</span> <span class='ocrx_word' id='word_1_248' title='bbox 555 2673 626 2716; x_wconf 87' lang='lat' dir='ltr'>ut,</span> <span class='ocrx_word' id='word_1_249' title='bbox 647 2664 671 2706; x_wconf 82' lang='lat' dir='ltr'>si</span> <span class='ocrx_word' id='word_1_250' title='bbox 699 2664 923 2720; x_wconf 88' lang='lat' dir='ltr'>aliquando</span> <span class='ocrx_word' id='word_1_251' title='bbox 936 2663 1165 2714; x_wconf 89' lang='lat' dir='ltr'>acciderit,</span> <span class='ocrx_word' id='word_1_252' title='bbox 1192 2660 1335 2718; x_wconf 87' lang='lat' dir='ltr'>praedi·</span> 
     </span>
     <span class='ocr_line' id='line_1_42' title="bbox 339 2721 1334 2778; baseline -0.003 -12"><span class='ocrx_word' id='word_1_253' title='bbox 339 2727 426 2766; x_wconf 65' lang='lat' dir='ltr'>fios</span> <span class='ocrx_word' id='word_1_254' title='bbox 445 2727 612 2767; x_wconf 80' lang='lat' dir='ltr'>Fratres</span> <span class='ocrx_word' id='word_1_255' title='bbox 635 2723 864 2778; x_wconf 84' lang='lat' dir='ltr'>Capucinos</span> <span class='ocrx_word' id='word_1_256' title='bbox 878 2721 1090 2765; x_wconf 76' lang='lat' dir='ltr'>discedere</span> <span class='ocrx_word' id='word_1_257' title='bbox 1104 2749 1118 2772; x_wconf 80' lang='lat'><strong>‚</strong></span> <span class='ocrx_word' id='word_1_258' title='bbox 1147 2723 1186 2763; x_wconf 88' lang='lat'>&amp;</span> <span class='ocrx_word' id='word_1_259' title='bbox 1208 2721 1334 2764; x_wconf 89' lang='lat' dir='ltr'>relin-</span> 
     </span>
     <span class='ocr_line' id='line_1_43' title="bbox 341 2777 1337 2838; baseline -0.002 -13"><span class='ocrx_word' id='word_1_260' title='bbox 341 2796 468 2838; x_wconf 88' lang='lat' dir='ltr'>quere</span> <span class='ocrx_word' id='word_1_261' title='bbox 489 2779 703 2825; x_wconf 72' lang='lat' dir='ltr'>Ecclesiam</span> <span class='ocrx_word' id='word_1_262' title='bbox 718 2809 733 2831; x_wconf 82' lang='lat'><em>‚</em></span> <span class='ocrx_word' id='word_1_263' title='bbox 759 2781 1047 2833; x_wconf 85' lang='lat' dir='ltr'>Conventum‚</span> <span class='ocrx_word' id='word_1_264' title='bbox 1078 2777 1337 2836; x_wconf 61' lang='lat' dir='ltr'>hortosque.)</span> 
     </span>
     <span class='ocr_line' id='line_1_44' title="bbox 341 2839 1337 2897; baseline -0.008 -12"><span class='ocrx_word' id='word_1_265' title='bbox 341 2855 548 2891; x_wconf 79' lang='lat' dir='ltr'>annexos,</span> <span class='ocrx_word' id='word_1_266' title='bbox 575 2840 721 2897; x_wconf 86' lang='lat' dir='ltr'>quibus</span> <span class='ocrx_word' id='word_1_267' title='bbox 738 2839 790 2884; x_wconf 91' lang='lat' dir='ltr'>de</span> <span class='ocrx_word' id='word_1_268' title='bbox 815 2840 996 2895; x_wconf 86' lang='lat' dir='ltr'>praesenti</span> <span class='ocrx_word' id='word_1_269' title='bbox 1015 2849 1192 2882; x_wconf 88' lang='lat' dir='ltr'>utuntur</span> <span class='ocrx_word' id='word_1_270' title='bbox 1210 2841 1337 2883; x_wconf 89' lang='lat' dir='ltr'>virtu.</span> 
     </span>
     <span class='ocr_line' id='line_1_45' title="bbox 342 2899 1340 2955; baseline -0.01 -10"><span class='ocrx_word' id='word_1_271' title='bbox 342 2911 386 2945; x_wconf 88' lang='lat' dir='ltr'>te</span> <span class='ocrx_word' id='word_1_272' title='bbox 417 2899 649 2945; x_wconf 86' lang='lat' dir='ltr'>donationis</span> <span class='ocrx_word' id='word_1_273' title='bbox 679 2899 877 2955; x_wconf 62' lang='lat' dir='ltr'>praediaae</span> <span class='ocrx_word' id='word_1_274' title='bbox 905 2928 919 2951; x_wconf 86' lang='lat'><strong>,</strong></span> <span class='ocrx_word' id='word_1_275' title='bbox 950 2899 990 2941; x_wconf 92' lang='lat' dir='ltr'>id</span> <span class='ocrx_word' id='word_1_276' title='bbox 1030 2907 1166 2941; x_wconf 86' lang='lat' dir='ltr'>totum</span> <span class='ocrx_word' id='word_1_277' title='bbox 1205 2899 1340 2942; x_wconf 90' lang='lat' dir='ltr'>denuo</span> 
     </span>
     <span class='ocr_line' id='line_1_46' title="bbox 345 2952 1341 3014; baseline -0.006 -11"><span class='ocrx_word' id='word_1_278' title='bbox 345 2959 488 3003; x_wconf 85' lang='lat' dir='ltr'>Mensae</span> <span class='ocrx_word' id='word_1_279' title='bbox 515 2952 860 3013; x_wconf 77' lang='lat' dir='ltr'>Archiepii‘copali</span> <span class='ocrx_word' id='word_1_280' title='bbox 882 2957 1080 3014; x_wconf 60' lang='lat' dir='ltr'>praediffiae</span> <span class='ocrx_word' id='word_1_281' title='bbox 1108 2959 1341 3012; x_wconf 78' lang='lat' dir='ltr'>incorpora—</span> 
     </span>
     <span class='ocr_line' id='line_1_47' title="bbox 345 3014 1337 3073; baseline -0.004 -11"><span class='ocrx_word' id='word_1_282' title='bbox 345 3019 382 3063; x_wconf 87' lang='lat' dir='ltr'>ri</span> <span class='ocrx_word' id='word_1_283' title='bbox 405 3018 551 3061; x_wconf 90' lang='lat' dir='ltr'>debeat</span> <span class='ocrx_word' id='word_1_284' title='bbox 577 3045 590 3058; x_wconf 87' lang='lat'><strong>.</strong></span> <span class='ocrx_word' id='word_1_285' title='bbox 618 3017 747 3059; x_wconf 87' lang='lat' dir='ltr'>Nobis</span> <span class='ocrx_word' id='word_1_286' title='bbox 769 3025 987 3073; x_wconf 87' lang='lat' dir='ltr'>propterea</span> <span class='ocrx_word' id='word_1_287' title='bbox 1009 3015 1115 3059; x_wconf 90' lang='lat' dir='ltr'>idem</span> <span class='ocrx_word' id='word_1_288' title='bbox 1140 3014 1337 3059; x_wconf 88' lang='lat' dir='ltr'>Antonius</span> 
     </span>
     <span class='ocr_line' id='line_1_48' title="bbox 345 3072 1338 3133; baseline -0.003 -16"><span class='ocrx_word' id='word_1_289' title='bbox 345 3077 586 3133; x_wconf 81' lang='lat' dir='ltr'>Episcopus,</span> <span class='ocrx_word' id='word_1_290' title='bbox 603 3076 863 3126; x_wconf 79' lang='lat' dir='ltr'>Cardinaiis,</span> <span class='ocrx_word' id='word_1_291' title='bbox 888 3080 928 3121; x_wconf 75' lang='grc' dir='ltr'>δι</span> <span class='ocrx_word' id='word_1_292' title='bbox 950 3074 1091 3120; x_wconf 85' lang='lat' dir='ltr'>Praesul</span> <span class='ocrx_word' id='word_1_293' title='bbox 1109 3103 1123 3126; x_wconf 62' lang='lat'>2</span> <span class='ocrx_word' id='word_1_294' title='bbox 1138 3074 1260 3118; x_wconf 83' lang='lat' dir='ltr'>etiam</span> <span class='ocrx_word' id='word_1_295' title='bbox 1275 3072 1338 3114; x_wconf 82' lang='lat' dir='ltr'>di-</span> 
     </span>
     <span class='ocr_line' id='line_1_49' title="bbox 345 3132 1337 3186; baseline -0.007 -7"><span class='ocrx_word' id='word_1_296' title='bbox 345 3137 543 3179; x_wconf 55' lang='lat' dir='ltr'>lectorum</span> <span class='ocrx_word' id='word_1_297' title='bbox 561 3132 758 3178; x_wconf 81' lang='lat' dir='ltr'>Filiorum</span> <span class='ocrx_word' id='word_1_298' title='bbox 789 3135 1017 3179; x_wconf 87' lang='lat' dir='ltr'>Guardiani</span> <span class='ocrx_word' id='word_1_299' title='bbox 1038 3163 1052 3186; x_wconf 82' lang='lat'>‚</span> <span class='ocrx_word' id='word_1_300' title='bbox 1078 3137 1116 3176; x_wconf 88' lang='lat'>&amp;</span> <span class='ocrx_word' id='word_1_301' title='bbox 1147 3136 1337 3176; x_wconf 88' lang='lat' dir='ltr'>Fratrum</span> 
     </span>
     <span class='ocr_line' id='line_1_50' title="bbox 346 3190 1337 3246; baseline -0.005 -10"><span class='ocrx_word' id='word_1_302' title='bbox 346 3193 444 3236; x_wconf 61' lang='lat' dir='ltr'>dicti</span> <span class='ocrx_word' id='word_1_303' title='bbox 458 3191 697 3238; x_wconf 70' lang='lat' dir='ltr'>Conventus</span> <span class='ocrx_word' id='word_1_304' title='bbox 719 3206 884 3236; x_wconf 77' lang='lat' dir='ltr'>nomine</span> <span class='ocrx_word' id='word_1_305' title='bbox 905 3222 917 3240; x_wconf 57' lang='lat'><em>2</em></span> <span class='ocrx_word' id='word_1_306' title='bbox 944 3193 1152 3237; x_wconf 86' lang='lat' dir='ltr'>humiliter</span> <span class='ocrx_word' id='word_1_307' title='bbox 1180 3190 1337 3246; x_wconf 90' lang='lat' dir='ltr'>suppli-</span> 
     </span>
     <span class='ocr_line' id='line_1_51' title="bbox 354 3249 1339 3308; baseline -0.004 -15"><span class='ocrx_word' id='word_1_308' title='bbox 354 3251 464 3294; x_wconf 86' lang='lat' dir='ltr'>cavit</span> <span class='ocrx_word' id='word_1_309' title='bbox 492 3279 507 3299; x_wconf 78' lang='lat'>,</span> <span class='ocrx_word' id='word_1_310' title='bbox 531 3263 575 3294; x_wconf 89' lang='lat' dir='ltr'>ut</span> <span class='ocrx_word' id='word_1_311' title='bbox 600 3253 640 3293; x_wconf 91' lang='lat' dir='ltr'>in</span> <span class='ocrx_word' id='word_1_312' title='bbox 658 3249 855 3306; x_wconf 75' lang='lat' dir='ltr'>praemiffis</span> <span class='ocrx_word' id='word_1_313' title='bbox 880 3252 1110 3307; x_wconf 70' lang='lat' dir='ltr'>opportune</span> <span class='ocrx_word' id='word_1_314' title='bbox 1148 3249 1339 3308; x_wconf 82' lang='lat' dir='ltr'>provide-</span> 
     </span>
     <span class='ocr_line' id='line_1_52' title="bbox 348 3308 1339 3368; baseline -0.002 -16"><span class='ocrx_word' id='word_1_315' title='bbox 348 3310 558 3359; x_wconf 79' lang='lat' dir='ltr'>re‚&amp;‚ut</span> <span class='ocrx_word' id='word_1_316' title='bbox 586 3308 688 3351; x_wconf 84' lang='lat' dir='ltr'>infra</span> <span class='ocrx_word' id='word_1_317' title='bbox 705 3337 718 3360; x_wconf 90' lang='lat'>,</span> <span class='ocrx_word' id='word_1_318' title='bbox 743 3309 982 3367; x_wconf 86' lang='lat' dir='ltr'>indulgere,</span> <span class='ocrx_word' id='word_1_319' title='bbox 1006 3311 1058 3356; x_wconf 88' lang='lat' dir='ltr'>de</span> <span class='ocrx_word' id='word_1_320' title='bbox 1079 3309 1339 3368; x_wconf 80' lang='lat' dir='ltr'>benignitate</span> 
     </span>
     <span class='ocr_line' id='line_1_53' title="bbox 351 3367 880 3428; baseline -0.006 -14"><span class='ocrx_word' id='word_1_321' title='bbox 351 3367 585 3428; x_wconf 82' lang='lat' dir='ltr'>Apostolica</span> <span class='ocrx_word' id='word_1_322' title='bbox 598 3368 880 3423; x_wconf 86' lang='lat' dir='ltr'>dignaremur.</span> 
     </span>
    </p>
   </div>
   <div class='ocr_carea' id='block_1_3' title="bbox 1092 3502 1313 3571">
    <p class='ocr_par' dir='ltr' id='par_1_4' title="bbox 1092 3502 1313 3571">
     <span class='ocr_line' id='line_1_54' title="bbox 1092 3502 1313 3571; baseline -0.014 0"><span class='ocrx_word' id='word_1_323' title='bbox 1092 3502 1313 3571; x_wconf 89' lang='grc' dir='ltr'>ΝΟ</span> 
     </span>
    </p>
   </div>
   <div class='ocr_carea' id='block_1_4' title="bbox 430 3705 858 3760">
    <p class='ocr_par' dir='ltr' id='par_1_5' title="bbox 430 3705 858 3760">
     <span class='ocr_line' id='line_1_55' title="bbox 430 3705 858 3760; baseline 0.023 -20"><span class='ocrx_word' id='word_1_324' title='bbox 430 3705 493 3743; x_wconf 73' lang='lat' dir='ltr'>tuit</span> <span class='ocrx_word' id='word_1_325' title='bbox 519 3711 647 3749; x_wconf 83' lang='lat' dir='ltr'>tenoris</span> <span class='ocrx_word' id='word_1_326' title='bbox 667 3710 835 3760; x_wconf 89' lang='lat' dir='ltr'>sequentis</span> <span class='ocrx_word' id='word_1_327' title='bbox 847 3723 858 3760; x_wconf 67' lang='grc' dir='ltr'>ς</span> 
     </span>
    </p>
   </div>
   <div class='ocr_carea' id='block_1_5' title="bbox 1120 226 1708 322">
    <p class='ocr_par' dir='ltr' id='par_1_6' title="bbox 1043 226 1708 338">
     <span class='ocr_line' id='line_1_56' title="bbox 1120 226 1708 322; baseline 0.012 -7.074"><span class='ocrx_word' id='word_1_328' title='bbox 1120 226 1708 322; x_wconf 78' lang='lat' dir='ltr'>Provincia</span> 
     </span>
    </p>
   </div>
   <div class='ocr_carea' id='block_1_6' title="bbox 1386 374 2401 1960">
    <p class='ocr_par' dir='ltr' id='par_1_7' title="bbox 1386 374 2401 1960">
     <span class='ocr_line' id='line_1_57' title="bbox 1405 374 2383 436; baseline 0.001 -18"><span class='ocrx_word' id='word_1_329' title='bbox 1405 423 1407 429; x_wconf 24' lang='lat' dir='ltr'><strong><em>s</em></strong></span> <span class='ocrx_word' id='word_1_330' title='bbox 1506 378 1594 418; x_wconf 85' lang='lat' dir='ltr'>Nos</span> <span class='ocrx_word' id='word_1_331' title='bbox 1606 375 1730 432; x_wconf 85' lang='lat' dir='ltr'>igitur</span> <span class='ocrx_word' id='word_1_332' title='bbox 1743 374 1856 430; x_wconf 82' lang='lat' dir='ltr'>ipsius</span> <span class='ocrx_word' id='word_1_333' title='bbox 1874 376 2040 419; x_wconf 79' lang='lat' dir='ltr'>Antonii</span> <span class='ocrx_word' id='word_1_334' title='bbox 2056 379 2257 436; x_wconf 81' lang='lat' dir='ltr'>Episcopi,</span> <span class='ocrx_word' id='word_1_335' title='bbox 2275 385 2383 427; x_wconf 72' lang='lat' dir='ltr'>Car.</span> 
     </span>
     <span class='ocr_line' id='line_1_58' title="bbox 1389 434 2380 496; baseline 0.009 -18"><span class='ocrx_word' id='word_1_336' title='bbox 1389 434 1540 478; x_wconf 87' lang='lat' dir='ltr'>dinalis</span> <span class='ocrx_word' id='word_1_337' title='bbox 1554 465 1570 487; x_wconf 90' lang='lat'>,</span> <span class='ocrx_word' id='word_1_338' title='bbox 1583 437 1623 478; x_wconf 86' lang='lat'><strong>&amp;</strong></span> <span class='ocrx_word' id='word_1_339' title='bbox 1655 434 1836 478; x_wconf 85' lang='lat' dir='ltr'>Praesulis</span> <span class='ocrx_word' id='word_1_340' title='bbox 1852 435 1958 479; x_wconf 91' lang='lat' dir='ltr'>votis</span> <span class='ocrx_word' id='word_1_341' title='bbox 1973 436 2045 478; x_wconf 88' lang='lat' dir='ltr'>hac</span> <span class='ocrx_word' id='word_1_342' title='bbox 2059 437 2096 479; x_wconf 89' lang='lat' dir='ltr'>in</span> <span class='ocrx_word' id='word_1_343' title='bbox 2110 453 2170 491; x_wconf 83' lang='lat' dir='ltr'>re,</span> <span class='ocrx_word' id='word_1_344' title='bbox 2184 448 2380 496; x_wconf 77' lang='lat' dir='ltr'>quantum</span> 
     </span>
     <span class='ocr_line' id='line_1_59' title="bbox 1388 492 2388 551; baseline 0.004 -15"><span class='ocrx_word' id='word_1_345' title='bbox 1388 492 1483 536; x_wconf 87' lang='lat' dir='ltr'>cum</span> <span class='ocrx_word' id='word_1_346' title='bbox 1516 495 1692 536; x_wconf 86' lang='lat' dir='ltr'>Domino</span> <span class='ocrx_word' id='word_1_347' title='bbox 1725 494 1933 551; x_wconf 81' lang='lat' dir='ltr'>poffumus</span> <span class='ocrx_word' id='word_1_348' title='bbox 1962 525 1978 546; x_wconf 90' lang='lat'>,</span> <span class='ocrx_word' id='word_1_349' title='bbox 2011 493 2284 542; x_wconf 82' lang='lat' dir='ltr'>favorabiliter</span> <span class='ocrx_word' id='word_1_350' title='bbox 2312 518 2388 545; x_wconf 89' lang='lat' dir='ltr'>an-</span> 
     </span>
     <span class='ocr_line' id='line_1_60' title="bbox 1387 553 2391 613; baseline 0.005 -18"><span class='ocrx_word' id='word_1_351' title='bbox 1387 567 1512 598; x_wconf 89' lang='lat' dir='ltr'>nuere</span> <span class='ocrx_word' id='word_1_352' title='bbox 1526 556 1734 609; x_wconf 84' lang='lat' dir='ltr'>cupientes</span> <span class='ocrx_word' id='word_1_353' title='bbox 1750 583 1765 605; x_wconf 89' lang='lat'>,</span> <span class='ocrx_word' id='word_1_354' title='bbox 1793 553 2000 610; x_wconf 67' lang='lat' dir='ltr'>dictosque</span> <span class='ocrx_word' id='word_1_355' title='bbox 2029 557 2332 613; x_wconf 68' lang='lat' dir='ltr'>Guardianum·²</span> <span class='ocrx_word' id='word_1_356' title='bbox 2349 563 2391 604; x_wconf 73' lang='grc' dir='ltr'>ὃς</span> 
     </span>
     <span class='ocr_line' id='line_1_61' title="bbox 1388 613 2391 669; baseline 0.006 -14"><span class='ocrx_word' id='word_1_357' title='bbox 1388 614 1551 656; x_wconf 87' lang='lat' dir='ltr'>Fratres</span> <span class='ocrx_word' id='word_1_358' title='bbox 1569 613 1810 669; x_wconf 89' lang='lat' dir='ltr'>specialibus</span> <span class='ocrx_word' id='word_1_359' title='bbox 1820 614 2149 667; x_wconf 85' lang='lat' dir='ltr'>&amp;c.volentes‚&amp;</span> <span class='ocrx_word' id='word_1_360' title='bbox 2162 630 2300 659; x_wconf 88' lang='lat' dir='ltr'>earum</span> <span class='ocrx_word' id='word_1_361' title='bbox 2313 618 2391 662; x_wconf 83' lang='lat' dir='ltr'>fin-</span> 
     </span>
     <span class='ocr_line' id='line_1_62' title="bbox 1386 672 2391 732; baseline 0.007 -18"><span class='ocrx_word' id='word_1_362' title='bbox 1386 674 1546 726; x_wconf 82' lang='lat' dir='ltr'>gulares</span> <span class='ocrx_word' id='word_1_363' title='bbox 1570 674 1779 728; x_wconf 86' lang='lat' dir='ltr'>personas,</span> <span class='ocrx_word' id='word_1_364' title='bbox 1797 676 1821 718; x_wconf 76' lang='lat' dir='ltr'>a</span> <span class='ocrx_word' id='word_1_365' title='bbox 1841 672 2044 729; x_wconf 89' lang='lat' dir='ltr'>quibusvis</span> <span class='ocrx_word' id='word_1_366' title='bbox 2058 675 2135 716; x_wconf 87' lang='lat' dir='ltr'>&amp;c.</span> <span class='ocrx_word' id='word_1_367' title='bbox 2157 677 2391 732; x_wconf 87' lang='lat' dir='ltr'>censentes,</span> 
     </span>
     <span class='ocr_line' id='line_1_63' title="bbox 1392 731 2388 788; baseline 0.007 -14"><span class='ocrx_word' id='word_1_368' title='bbox 1392 731 1616 786; x_wconf 84' lang='lat' dir='ltr'>hujusmodi</span> <span class='ocrx_word' id='word_1_369' title='bbox 1632 731 1991 788; x_wconf 84' lang='lat' dir='ltr'>supplicationibus</span> <span class='ocrx_word' id='word_1_370' title='bbox 2009 733 2230 786; x_wconf 80' lang='lat' dir='ltr'>inclinati,</span> <span class='ocrx_word' id='word_1_371' title='bbox 2253 736 2388 780; x_wconf 79' lang='lat' dir='ltr'>dona-</span> 
     </span>
     <span class='ocr_line' id='line_1_64' title="bbox 1392 788 2393 848; baseline 0.006 -14"><span class='ocrx_word' id='word_1_372' title='bbox 1392 792 1547 834; x_wconf 87' lang='lat' dir='ltr'>tionem</span> <span class='ocrx_word' id='word_1_373' title='bbox 1579 790 1784 848; x_wconf 80' lang='lat' dir='ltr'>praefatam</span> <span class='ocrx_word' id='word_1_374' title='bbox 1812 793 2046 833; x_wconf 88' lang='lat' dir='ltr'>memoratis</span> <span class='ocrx_word' id='word_1_375' title='bbox 2083 788 2290 836; x_wconf 83' lang='lat' dir='ltr'>Fratribus</span> <span class='ocrx_word' id='word_1_376' title='bbox 2312 799 2393 839; x_wconf 76' lang='lat' dir='ltr'>Ca-</span> 
     </span>
     <span class='ocr_line' id='line_1_65' title="bbox 1391 849 2395 910; baseline 0.008 -22"><span class='ocrx_word' id='word_1_377' title='bbox 1391 850 1550 906; x_wconf 78' lang='lat' dir='ltr'>pncinis</span> <span class='ocrx_word' id='word_1_378' title='bbox 1563 853 1587 894; x_wconf 76' lang='lat' dir='ltr'>a</span> <span class='ocrx_word' id='word_1_379' title='bbox 1611 852 1717 893; x_wconf 54' lang='lat' dir='ltr'>dieto</span> <span class='ocrx_word' id='word_1_380' title='bbox 1734 849 1945 895; x_wconf 83' lang='lat' dir='ltr'>Ludovico</span> <span class='ocrx_word' id='word_1_381' title='bbox 1958 851 2177 895; x_wconf 87' lang='lat' dir='ltr'>Cardinale</span> <span class='ocrx_word' id='word_1_382' title='bbox 2192 878 2208 902; x_wconf 65' lang='lat'>2</span> <span class='ocrx_word' id='word_1_383' title='bbox 2224 855 2264 895; x_wconf 74' lang='grc' dir='ltr'>δι</span> <span class='ocrx_word' id='word_1_384' title='bbox 2280 856 2395 910; x_wconf 47' lang='grc' dir='ltr'>Ριω-,ἵ</span> 
     </span>
     <span class='ocr_line' id='line_1_66' title="bbox 1392 906 2383 968; baseline 0.005 -18"><span class='ocrx_word' id='word_1_385' title='bbox 1392 907 1477 952; x_wconf 91' lang='lat' dir='ltr'>sule</span> <span class='ocrx_word' id='word_1_386' title='bbox 1505 908 1645 951; x_wconf 61' lang='lat' dir='ltr'>faciam</span> <span class='ocrx_word' id='word_1_387' title='bbox 1660 939 1674 961; x_wconf 81' lang='lat'>,</span> <span class='ocrx_word' id='word_1_388' title='bbox 1692 911 1732 952; x_wconf 77' lang='grc' dir='ltr'>δι</span> <span class='ocrx_word' id='word_1_389' title='bbox 1755 910 1776 952; x_wconf 70' lang='grc' dir='ltr'><em>ὲ</em></span> <span class='ocrx_word' id='word_1_390' title='bbox 1800 909 1972 953; x_wconf 83' lang='lat' dir='ltr'>Praesato</span> <span class='ocrx_word' id='word_1_391' title='bbox 2000 906 2183 953; x_wconf 87' lang='lat' dir='ltr'>Antonio</span> <span class='ocrx_word' id='word_1_392' title='bbox 2209 911 2383 968; x_wconf 62' lang='lat' dir='ltr'>Episcod</span> 
     </span>
     <span class='ocr_line' id='line_1_67' title="bbox 1390 967 2390 1026; baseline 0.004 -17"><span class='ocrx_word' id='word_1_393' title='bbox 1390 981 1444 1023; x_wconf 94' lang='lat' dir='ltr'>po</span> <span class='ocrx_word' id='word_1_394' title='bbox 1473 968 1721 1022; x_wconf 81' lang='lat' dir='ltr'>Cardinale‚</span> <span class='ocrx_word' id='word_1_395' title='bbox 1742 970 1783 1011; x_wconf 87' lang='lat'>&amp;</span> <span class='ocrx_word' id='word_1_396' title='bbox 1809 967 1979 1012; x_wconf 86' lang='lat' dir='ltr'>Praesule</span> <span class='ocrx_word' id='word_1_397' title='bbox 2011 971 2272 1026; x_wconf 86' lang='lat' dir='ltr'>approbatam</span> <span class='ocrx_word' id='word_1_398' title='bbox 2302 998 2316 1023; x_wconf 84' lang='lat'>,</span> <span class='ocrx_word' id='word_1_399' title='bbox 2346 972 2390 1013; x_wconf 83' lang='lat'>&amp;</span> 
     </span>
     <span class='ocr_line' id='line_1_68' title="bbox 1391 1025 2394 1086; baseline 0.008 -19"><span class='ocrx_word' id='word_1_400' title='bbox 1391 1025 1671 1069; x_wconf 86' lang='lat' dir='ltr'>confirmatam</span> <span class='ocrx_word' id='word_1_401' title='bbox 1690 1056 1706 1079; x_wconf 79' lang='lat'>‚</span> <span class='ocrx_word' id='word_1_402' title='bbox 1733 1038 1777 1070; x_wconf 90' lang='lat' dir='ltr'>ut</span> <span class='ocrx_word' id='word_1_403' title='bbox 1801 1026 2040 1084; x_wconf 67' lang='lat' dir='ltr'>praefertur,</span> <span class='ocrx_word' id='word_1_404' title='bbox 2073 1027 2394 1086; x_wconf 61' lang='lat' dir='ltr'>confectasque)</span> 
     </span>
     <span class='ocr_line' id='line_1_69' title="bbox 1397 1085 2388 1145; baseline 0.002 -17"><span class='ocrx_word' id='word_1_405' title='bbox 1397 1085 1569 1141; x_wconf 86' lang='lat' dir='ltr'>desuper</span> <span class='ocrx_word' id='word_1_406' title='bbox 1589 1086 1808 1130; x_wconf 89' lang='lat' dir='ltr'>eorundem</span> <span class='ocrx_word' id='word_1_407' title='bbox 1829 1085 2049 1141; x_wconf 69' lang='lat' dir='ltr'>respective</span> <span class='ocrx_word' id='word_1_408' title='bbox 2077 1087 2217 1131; x_wconf 84' lang='lat' dir='ltr'>literas</span> <span class='ocrx_word' id='word_1_409' title='bbox 2242 1087 2388 1145; x_wconf 79' lang='lat' dir='ltr'>supra-</span> 
     </span>
     <span class='ocr_line' id='line_1_70' title="bbox 1395 1143 2385 1197; baseline 0.002 -11"><span class='ocrx_word' id='word_1_410' title='bbox 1395 1143 1525 1187; x_wconf 60' lang='lat' dir='ltr'>dietas</span> <span class='ocrx_word' id='word_1_411' title='bbox 1537 1174 1551 1196; x_wconf 91' lang='lat'><strong>,</strong></span> <span class='ocrx_word' id='word_1_412' title='bbox 1568 1158 1657 1187; x_wconf 91' lang='lat' dir='ltr'>cum</span> <span class='ocrx_word' id='word_1_413' title='bbox 1681 1145 1862 1187; x_wconf 90' lang='lat' dir='ltr'>omnibus</span> <span class='ocrx_word' id='word_1_414' title='bbox 1888 1146 1926 1186; x_wconf 90' lang='lat' dir='ltr'>in</span> <span class='ocrx_word' id='word_1_415' title='bbox 1942 1145 2000 1187; x_wconf 88' lang='lat' dir='ltr'>eis</span> <span class='ocrx_word' id='word_1_416' title='bbox 2016 1147 2220 1188; x_wconf 82' lang='lat' dir='ltr'>contentis</span> <span class='ocrx_word' id='word_1_417' title='bbox 2236 1174 2251 1197; x_wconf 84' lang='lat'><strong>‚</strong></span> <span class='ocrx_word' id='word_1_418' title='bbox 2286 1146 2385 1190; x_wconf 71' lang='lat' dir='ltr'>alias</span> 
     </span>
     <span class='ocr_line' id='line_1_71' title="bbox 1395 1202 2395 1261; baseline 0 -14"><span class='ocrx_word' id='word_1_419' title='bbox 1395 1214 1531 1247; x_wconf 90' lang='lat' dir='ltr'>tamen</span> <span class='ocrx_word' id='word_1_420' title='bbox 1555 1202 1678 1246; x_wconf 86' lang='lat' dir='ltr'>licitis</span> <span class='ocrx_word' id='word_1_421' title='bbox 1692 1233 1708 1254; x_wconf 93' lang='lat'>,</span> <span class='ocrx_word' id='word_1_422' title='bbox 1723 1204 1763 1245; x_wconf 93' lang='lat'>&amp;</span> <span class='ocrx_word' id='word_1_423' title='bbox 1778 1203 1951 1247; x_wconf 88' lang='lat' dir='ltr'>honestis</span> <span class='ocrx_word' id='word_1_424' title='bbox 1969 1231 1984 1254; x_wconf 88' lang='lat'>‚</span> <span class='ocrx_word' id='word_1_425' title='bbox 2013 1203 2258 1246; x_wconf 59' lang='lat' dir='ltr'>auctoritate</span> <span class='ocrx_word' id='word_1_426' title='bbox 2282 1208 2395 1261; x_wconf 87' lang='lat' dir='ltr'>Apo-</span> 
     </span>
     <span class='ocr_line' id='line_1_72' title="bbox 1394 1259 2395 1317; baseline -0.002 -10"><span class='ocrx_word' id='word_1_427' title='bbox 1394 1263 1533 1307; x_wconf 77' lang='lat' dir='ltr'>stoliea</span> <span class='ocrx_word' id='word_1_428' title='bbox 1548 1290 1563 1313; x_wconf 89' lang='lat'><strong>,</strong></span> <span class='ocrx_word' id='word_1_429' title='bbox 1578 1271 1720 1305; x_wconf 89' lang='lat' dir='ltr'>tenore</span> <span class='ocrx_word' id='word_1_430' title='bbox 1745 1261 2006 1317; x_wconf 86' lang='lat' dir='ltr'>praesentium</span> <span class='ocrx_word' id='word_1_431' title='bbox 2023 1259 2311 1305; x_wconf 81' lang='lat' dir='ltr'>confirmamus</span> <span class='ocrx_word' id='word_1_432' title='bbox 2326 1291 2339 1315; x_wconf 85' lang='lat'>,</span> <span class='ocrx_word' id='word_1_433' title='bbox 2352 1264 2395 1305; x_wconf 77' lang='grc' dir='ltr'>δε</span> 
     </span>
     <span class='ocr_line' id='line_1_73' title="bbox 1394 1318 2396 1435; baseline -0.001 -11"><span class='ocrx_word' id='word_1_434' title='bbox 1394 1318 2396 1435; x_wconf 50' lang='lat' dir='ltr'>zssffissisffsszidi-“523312:205&#39;2‘33322300323?</span> 
     </span>
     <span class='ocr_line' id='line_1_74' title="bbox 1982 1400 2398 1428; baseline 0.002 -1"><span class='ocrx_word' id='word_1_435' title='bbox 1982 1404 1999 1427; x_wconf 71' lang='lat'>9</span> <span class='ocrx_word' id='word_1_436' title='bbox 2233 1405 2248 1428; x_wconf 67' lang='lat'>2</span> <span class='ocrx_word' id='word_1_437' title='bbox 2375 1400 2398 1413; x_wconf 65' lang='lat'>⁸</span> 
     </span>
     <span class='ocr_line' id='line_1_75' title="bbox 1391 1436 2396 1498; baseline -0.003 -15"><span class='ocrx_word' id='word_1_438' title='bbox 1391 1441 1508 1498; x_wconf 88' lang='lat' dir='ltr'>gulos</span> <span class='ocrx_word' id='word_1_439' title='bbox 1522 1439 1701 1497; x_wconf 84' lang='lat' dir='ltr'>juris‚&amp;</span> <span class='ocrx_word' id='word_1_440' title='bbox 1717 1439 1809 1482; x_wconf 62' lang='lat' dir='ltr'>fani</span> <span class='ocrx_word' id='word_1_441' title='bbox 1824 1436 2005 1481; x_wconf 63' lang='lat' dir='ltr'>defectus</span> <span class='ocrx_word' id='word_1_442' title='bbox 2025 1465 2042 1490; x_wconf 82' lang='lat'><strong>,</strong></span> <span class='ocrx_word' id='word_1_443' title='bbox 2071 1437 2096 1480; x_wconf 87' lang='lat' dir='ltr'>fi</span> <span class='ocrx_word' id='word_1_444' title='bbox 2126 1439 2196 1495; x_wconf 86' lang='lat' dir='ltr'>qui</span> <span class='ocrx_word' id='word_1_445' title='bbox 2223 1436 2396 1494; x_wconf 86' lang='lat' dir='ltr'>desuper</span> 
     </span>
     <span class='ocr_line' id='line_1_76' title="bbox 1396 1497 2393 1556; baseline -0.004 -14"><span class='ocrx_word' id='word_1_446' title='bbox 1396 1498 1708 1556; x_wconf 86' lang='lat' dir='ltr'>quomodolibet</span> <span class='ocrx_word' id='word_1_447' title='bbox 1751 1497 2049 1542; x_wconf 85' lang='lat' dir='ltr'>intervenerint</span> <span class='ocrx_word' id='word_1_448' title='bbox 2076 1525 2093 1548; x_wconf 88' lang='lat'>‚</span> <span class='ocrx_word' id='word_1_449' title='bbox 2125 1498 2393 1554; x_wconf 82' lang='lat' dir='ltr'>supplemus.</span> 
     </span>
     <span class='ocr_line' id='line_1_77' title="bbox 1396 1554 2401 1612; baseline -0.005 -9"><span class='ocrx_word' id='word_1_450' title='bbox 1396 1561 1678 1603; x_wconf 90' lang='lat' dir='ltr'>Decernentes</span> <span class='ocrx_word' id='word_1_451' title='bbox 1717 1556 1873 1601; x_wconf 88' lang='lat' dir='ltr'>easdem</span> <span class='ocrx_word' id='word_1_452' title='bbox 1897 1555 2108 1612; x_wconf 71' lang='lat' dir='ltr'>praesentes</span> <span class='ocrx_word' id='word_1_453' title='bbox 2134 1556 2271 1600; x_wconf 89' lang='lat' dir='ltr'>literas</span> <span class='ocrx_word' id='word_1_454' title='bbox 2292 1554 2401 1598; x_wconf 85' lang='lat' dir='ltr'>sem-</span> 
     </span>
     <span class='ocr_line' id='line_1_78' title="bbox 1397 1613 2400 1674; baseline -0.007 -12"><span class='ocrx_word' id='word_1_455' title='bbox 1397 1633 1472 1674; x_wconf 88' lang='lat' dir='ltr'>per</span> <span class='ocrx_word' id='word_1_456' title='bbox 1486 1616 1645 1667; x_wconf 78' lang='lat' dir='ltr'>firmaS‚</span> <span class='ocrx_word' id='word_1_457' title='bbox 1660 1615 1816 1660; x_wconf 86' lang='lat' dir='ltr'>validas</span> <span class='ocrx_word' id='word_1_458' title='bbox 1840 1643 1854 1667; x_wconf 82' lang='lat'>‚</span> <span class='ocrx_word' id='word_1_459' title='bbox 1870 1613 2109 1659; x_wconf 82' lang='lat' dir='ltr'>&amp;efficaces</span> <span class='ocrx_word' id='word_1_460' title='bbox 2135 1615 2303 1658; x_wconf 86' lang='lat' dir='ltr'>existere</span> <span class='ocrx_word' id='word_1_461' title='bbox 2317 1642 2332 1665; x_wconf 87' lang='lat'>‚</span> <span class='ocrx_word' id='word_1_462' title='bbox 2357 1613 2400 1655; x_wconf 73' lang='grc' dir='ltr'>δι</span> 
     </span>
     <span class='ocr_line' id='line_1_79' title="bbox 1397 1672 2399 1732; baseline -0.008 -11"><span class='ocrx_word' id='word_1_463' title='bbox 1397 1677 1486 1721; x_wconf 81' lang='lat' dir='ltr'>fore</span> <span class='ocrx_word' id='word_1_464' title='bbox 1499 1705 1513 1726; x_wconf 67' lang='lat'>2</span> <span class='ocrx_word' id='word_1_465' title='bbox 1529 1674 1698 1732; x_wconf 89' lang='lat' dir='ltr'>suosque</span> <span class='ocrx_word' id='word_1_466' title='bbox 1715 1675 1923 1730; x_wconf 83' lang='lat' dir='ltr'>plenarios</span> <span class='ocrx_word' id='word_1_467' title='bbox 1940 1701 1955 1724; x_wconf 71' lang='lat' dir='ltr'>a</span> <span class='ocrx_word' id='word_1_468' title='bbox 1975 1673 2211 1728; x_wconf 80' lang='lat' dir='ltr'>&amp;integros</span> <span class='ocrx_word' id='word_1_469' title='bbox 2234 1672 2399 1715; x_wconf 67' lang='lat' dir='ltr'>effeetus</span> 
     </span>
     <span class='ocr_line' id='line_1_80' title="bbox 1398 1730 2400 1790; baseline -0.008 -11"><span class='ocrx_word' id='word_1_470' title='bbox 1398 1736 1564 1786; x_wconf 91' lang='lat' dir='ltr'>sortiri,</span> <span class='ocrx_word' id='word_1_471' title='bbox 1589 1737 1631 1777; x_wconf 73' lang='grc' dir='ltr'>δε</span> <span class='ocrx_word' id='word_1_472' title='bbox 1656 1735 1868 1785; x_wconf 84' lang='lat' dir='ltr'>obtinere,</span> <span class='ocrx_word' id='word_1_473' title='bbox 1891 1747 1936 1776; x_wconf 90' lang='lat' dir='ltr'>ac</span> <span class='ocrx_word' id='word_1_474' title='bbox 1955 1733 2035 1774; x_wconf 88' lang='lat' dir='ltr'>illis</span> <span class='ocrx_word' id='word_1_475' title='bbox 2057 1760 2072 1783; x_wconf 84' lang='lat'><strong>,</strong></span> <span class='ocrx_word' id='word_1_476' title='bbox 2092 1733 2141 1775; x_wconf 88' lang='lat' dir='ltr'>ad</span> <span class='ocrx_word' id='word_1_477' title='bbox 2170 1747 2274 1790; x_wconf 89' lang='lat' dir='ltr'>quos</span> <span class='ocrx_word' id='word_1_478' title='bbox 2306 1730 2400 1787; x_wconf 48' lang='lat' dir='ltr'>spe.-</span> 
     </span>
     <span class='ocr_line' id='line_1_81' title="bbox 1396 1789 2399 1846; baseline -0.006 -12"><span class='ocrx_word' id='word_1_479' title='bbox 1396 1797 1477 1834; x_wconf 68' lang='lat' dir='ltr'>&amp;at</span> <span class='ocrx_word' id='word_1_480' title='bbox 1494 1822 1509 1841; x_wconf 94' lang='lat'>,</span> <span class='ocrx_word' id='word_1_481' title='bbox 1530 1795 1571 1833; x_wconf 75' lang='grc' dir='ltr'>δε</span> <span class='ocrx_word' id='word_1_482' title='bbox 1584 1807 1658 1846; x_wconf 91' lang='lat' dir='ltr'>pro</span> <span class='ocrx_word' id='word_1_483' title='bbox 1671 1803 1858 1846; x_wconf 89' lang='lat' dir='ltr'>tempore</span> <span class='ocrx_word' id='word_1_484' title='bbox 1882 1791 2076 1844; x_wconf 69' lang='lat' dir='ltr'>spectabit</span> <span class='ocrx_word' id='word_1_485' title='bbox 2091 1818 2108 1839; x_wconf 87' lang='lat'><strong>,</strong></span> <span class='ocrx_word' id='word_1_486' title='bbox 2127 1790 2168 1831; x_wconf 91' lang='lat' dir='ltr'>in</span> <span class='ocrx_word' id='word_1_487' title='bbox 2190 1789 2399 1838; x_wconf 84' lang='lat' dir='ltr'>omnibus,</span> 
     </span>
     <span class='ocr_line' id='line_1_82' title="bbox 1397 1844 2400 1904; baseline -0.004 -15"><span class='ocrx_word' id='word_1_488' title='bbox 1397 1851 1439 1889; x_wconf 74' lang='grc' dir='ltr'>δι</span> <span class='ocrx_word' id='word_1_489' title='bbox 1454 1862 1526 1904; x_wconf 89' lang='lat' dir='ltr'>per</span> <span class='ocrx_word' id='word_1_490' title='bbox 1545 1848 1680 1889; x_wconf 88' lang='lat' dir='ltr'>omnia</span> <span class='ocrx_word' id='word_1_491' title='bbox 1713 1846 1935 1902; x_wconf 71' lang='lat' dir='ltr'>plenissime</span> <span class='ocrx_word' id='word_1_492' title='bbox 1956 1844 2188 1900; x_wconf 83' lang='lat' dir='ltr'>suffragari,</span> <span class='ocrx_word' id='word_1_493' title='bbox 2209 1849 2247 1888; x_wconf 85' lang='lat'>&amp;</span> <span class='ocrx_word' id='word_1_494' title='bbox 2271 1848 2321 1889; x_wconf 89' lang='lat' dir='ltr'>ab</span> <span class='ocrx_word' id='word_1_495' title='bbox 2347 1845 2400 1888; x_wconf 83' lang='lat' dir='ltr'>ii.</span> 
     </span>
     <span class='ocr_line' id='line_1_83' title="bbox 1400 1903 2400 1960; baseline -0.003 -12"><span class='ocrx_word' id='word_1_496' title='bbox 1400 1906 1448 1949; x_wconf 89' lang='lat' dir='ltr'>lis</span> <span class='ocrx_word' id='word_1_497' title='bbox 1473 1904 1689 1960; x_wconf 65' lang='lat' dir='ltr'>respective</span> <span class='ocrx_word' id='word_1_498' title='bbox 1712 1903 2011 1948; x_wconf 84' lang='lat' dir='ltr'>inviolabiliter</span> <span class='ocrx_word' id='word_1_499' title='bbox 2039 1903 2276 1947; x_wconf 85' lang='lat' dir='ltr'>observari.</span> <span class='ocrx_word' id='word_1_500' title='bbox 2310 1903 2400 1948; x_wconf 65' lang='lat' dir='ltr'>Sic-</span> 
     </span>
    </p>
   </div>
   <div class='ocr_carea' id='block_1_7' title="bbox 1381 1961 2402 2018">
    <p class='ocr_par' dir='ltr' id='par_1_8' title="bbox 1381 1961 2402 2018">
     <span class='ocr_line' id='line_1_84' title="bbox 1381 1961 2402 2018; baseline 0.001 -14"><span class='ocrx_word' id='word_1_501' title='bbox 1381 1976 1477 2015; x_wconf 15' lang='lat' dir='ltr'>*que</span> <span class='ocrx_word' id='word_1_502' title='bbox 1512 1964 1551 2001; x_wconf 90' lang='lat' dir='ltr'>in</span> <span class='ocrx_word' id='word_1_503' title='bbox 1582 1961 1781 2011; x_wconf 81' lang='lat' dir='ltr'>praemiffis</span> <span class='ocrx_word' id='word_1_504' title='bbox 1814 1975 1886 2013; x_wconf 91' lang='lat' dir='ltr'>per</span> <span class='ocrx_word' id='word_1_505' title='bbox 1915 1963 2191 2016; x_wconf 73' lang='lat' dir='ltr'>quoscumque</span> <span class='ocrx_word' id='word_1_506' title='bbox 2231 1962 2402 2018; x_wconf 62' lang='lat' dir='ltr'>judices</span> 
     </span>
    </p>
   </div>
   <div class='ocr_carea' id='block_1_8' title="bbox 1393 2016 2403 3119">
    <p class='ocr_par' dir='ltr' id='par_1_9' title="bbox 1393 2016 2403 2898">
     <span class='ocr_line' id='line_1_85' title="bbox 1396 2016 2398 2072; baseline 0.004 -13"><span class='ocrx_word' id='word_1_507' title='bbox 1396 2016 1639 2059; x_wconf 84' lang='lat' dir='ltr'>ordinarios</span> <span class='ocrx_word' id='word_1_508' title='bbox 1654 2043 1668 2064; x_wconf 85' lang='lat'>‚</span> <span class='ocrx_word' id='word_1_509' title='bbox 1691 2018 1995 2072; x_wconf 75' lang='lat' dir='ltr'>&amp;Delegatos‚</span> <span class='ocrx_word' id='word_1_510' title='bbox 2024 2017 2149 2059; x_wconf 80' lang='lat' dir='ltr'>etiam</span> <span class='ocrx_word' id='word_1_511' title='bbox 2172 2019 2398 2069; x_wconf 74' lang='lat' dir='ltr'>Causarum</span> 
     </span>
     <span class='ocr_line' id='line_1_86' title="bbox 1399 2073 2401 2128; baseline 0.002 -10"><span class='ocrx_word' id='word_1_512' title='bbox 1399 2074 1544 2118; x_wconf 87' lang='lat' dir='ltr'>Palatii</span> <span class='ocrx_word' id='word_1_513' title='bbox 1561 2073 1786 2127; x_wconf 88' lang='lat' dir='ltr'>Apostolici</span> <span class='ocrx_word' id='word_1_514' title='bbox 1800 2075 2022 2118; x_wconf 87' lang='lat' dir='ltr'>Auditores</span> <span class='ocrx_word' id='word_1_515' title='bbox 2039 2073 2236 2128; x_wconf 79' lang='lat' dir='ltr'>judicari,</span> <span class='ocrx_word' id='word_1_516' title='bbox 2260 2081 2301 2121; x_wconf 73' lang='grc' dir='ltr'>δι</span> <span class='ocrx_word' id='word_1_517' title='bbox 2322 2078 2401 2120; x_wconf 86' lang='lat' dir='ltr'>de-</span> 
     </span>
     <span class='ocr_line' id='line_1_87' title="bbox 1397 2133 2402 2193; baseline 0.007 -20"><span class='ocrx_word' id='word_1_518' title='bbox 1397 2133 1505 2176; x_wconf 86' lang='lat' dir='ltr'>finiri</span> <span class='ocrx_word' id='word_1_519' title='bbox 1521 2133 1704 2182; x_wconf 89' lang='lat' dir='ltr'>debere,</span> <span class='ocrx_word' id='word_1_520' title='bbox 1726 2148 1772 2176; x_wconf 90' lang='lat' dir='ltr'>ac</span> <span class='ocrx_word' id='word_1_521' title='bbox 1788 2133 1949 2176; x_wconf 89' lang='lat' dir='ltr'>irritum</span> <span class='ocrx_word' id='word_1_522' title='bbox 1967 2163 1980 2185; x_wconf 88' lang='lat'>,</span> <span class='ocrx_word' id='word_1_523' title='bbox 2005 2134 2046 2174; x_wconf 75' lang='grc' dir='ltr'>δι</span> <span class='ocrx_word' id='word_1_524' title='bbox 2066 2135 2212 2182; x_wconf 72' lang='lat' dir='ltr'>inane..</span> <span class='ocrx_word' id='word_1_525' title='bbox 2238 2136 2261 2179; x_wconf 84' lang='lat' dir='ltr'>fi</span> <span class='ocrx_word' id='word_1_526' title='bbox 2298 2136 2402 2193; x_wconf 81' lang='lat' dir='ltr'>quid</span> 
     </span>
     <span class='ocr_line' id='line_1_88' title="bbox 1397 2190 2399 2247; baseline 0.007 -15"><span class='ocrx_word' id='word_1_527' title='bbox 1397 2191 1518 2245; x_wconf 88' lang='lat' dir='ltr'>super</span> <span class='ocrx_word' id='word_1_528' title='bbox 1536 2190 1594 2230; x_wconf 86' lang='lat' dir='ltr'>his</span> <span class='ocrx_word' id='word_1_529' title='bbox 1609 2218 1624 2239; x_wconf 91' lang='lat'><strong>,</strong></span> <span class='ocrx_word' id='word_1_530' title='bbox 1640 2190 1661 2231; x_wconf 72' lang='grc' dir='ltr'>ἑ</span> <span class='ocrx_word' id='word_1_531' title='bbox 1675 2204 1934 2247; x_wconf 87' lang='lat' dir='ltr'>quocumque</span> <span class='ocrx_word' id='word_1_532' title='bbox 1948 2221 1962 2242; x_wconf 80' lang='lat'>,</span> <span class='ocrx_word' id='word_1_533' title='bbox 1980 2193 2121 2247; x_wconf 89' lang='lat' dir='ltr'>quavis</span> <span class='ocrx_word' id='word_1_534' title='bbox 2149 2198 2399 2239; x_wconf 68' lang='lat' dir='ltr'>auctoritate</span> 
     </span>
     <span class='ocr_line' id='line_1_89' title="bbox 1397 2247 2401 2304; baseline 0.004 -12"><span class='ocrx_word' id='word_1_535' title='bbox 1397 2248 1566 2292; x_wconf 85' lang='lat' dir='ltr'>scienter</span> <span class='ocrx_word' id='word_1_536' title='bbox 1584 2247 1647 2291; x_wconf 85' lang='lat' dir='ltr'>vel</span> <span class='ocrx_word' id='word_1_537' title='bbox 1662 2249 1896 2304; x_wconf 85' lang='lat' dir='ltr'>ignoranter</span> <span class='ocrx_word' id='word_1_538' title='bbox 1922 2252 2144 2304; x_wconf 86' lang='lat' dir='ltr'>contigerit</span> <span class='ocrx_word' id='word_1_539' title='bbox 2174 2255 2401 2301; x_wconf 76' lang='lat' dir='ltr'>attentari.</span> 
     </span>
     <span class='ocr_line' id='line_1_90' title="bbox 1398 2307 2403 2358; baseline 0.006 -8"><span class='ocrx_word' id='word_1_540' title='bbox 1398 2311 1495 2353; x_wconf 91' lang='lat' dir='ltr'>Non</span> <span class='ocrx_word' id='word_1_541' title='bbox 1521 2307 1771 2351; x_wconf 79' lang='lat' dir='ltr'>obstantibus</span> <span class='ocrx_word' id='word_1_542' title='bbox 1803 2307 1935 2351; x_wconf 89' lang='lat' dir='ltr'>felicis</span> <span class='ocrx_word' id='word_1_543' title='bbox 1963 2311 2264 2357; x_wconf 89' lang='lat' dir='ltr'>recordationis</span> <span class='ocrx_word' id='word_1_544' title='bbox 2291 2317 2403 2358; x_wconf 82' lang='lat' dir='ltr'>Pau-</span> 
     </span>
     <span class='ocr_line' id='line_1_91' title="bbox 1398 2366 2400 2424; baseline 0.005 -13"><span class='ocrx_word' id='word_1_545' title='bbox 1398 2367 1427 2411; x_wconf 90' lang='lat' dir='ltr'>li</span> <span class='ocrx_word' id='word_1_546' title='bbox 1451 2368 1508 2408; x_wconf 91' lang='lat'>11.</span> <span class='ocrx_word' id='word_1_547' title='bbox 1541 2366 1789 2424; x_wconf 88' lang='lat' dir='ltr'>aliorumque</span> <span class='ocrx_word' id='word_1_548' title='bbox 1828 2370 2107 2412; x_wconf 83' lang='lat' dir='ltr'>Romanorum</span> <span class='ocrx_word' id='word_1_549' title='bbox 2151 2372 2400 2423; x_wconf 76' lang='lat' dir='ltr'>Pontificum</span> 
     </span>
     <span class='ocr_line' id='line_1_92' title="bbox 1397 2424 2397 2480; baseline 0.002 -9"><span class='ocrx_word' id='word_1_550' title='bbox 1397 2424 1735 2471; x_wconf 83' lang='lat' dir='ltr'>Praedecefforum</span> <span class='ocrx_word' id='word_1_551' title='bbox 1750 2427 1977 2471; x_wconf 86' lang='lat' dir='ltr'>nostrorum</span> <span class='ocrx_word' id='word_1_552' title='bbox 1995 2427 2048 2470; x_wconf 87' lang='lat' dir='ltr'>de</span> <span class='ocrx_word' id='word_1_553' title='bbox 2067 2429 2187 2473; x_wconf 87' lang='lat' dir='ltr'>rebus</span> <span class='ocrx_word' id='word_1_554' title='bbox 2207 2429 2397 2480; x_wconf 65' lang='lat' dir='ltr'>Ecclesia</span> 
     </span>
     <span class='ocr_line' id='line_1_93' title="bbox 1397 2484 2399 2543; baseline 0.004 -15"><span class='ocrx_word' id='word_1_555' title='bbox 1397 2499 1475 2528; x_wconf 90' lang='lat' dir='ltr'>non</span> <span class='ocrx_word' id='word_1_556' title='bbox 1498 2484 1725 2530; x_wconf 88' lang='lat' dir='ltr'>alienandis</span> <span class='ocrx_word' id='word_1_557' title='bbox 1750 2514 1766 2537; x_wconf 82' lang='lat'><strong>,</strong></span> <span class='ocrx_word' id='word_1_558' title='bbox 1791 2484 1957 2542; x_wconf 88' lang='lat' dir='ltr'>aliisque</span> <span class='ocrx_word' id='word_1_559' title='bbox 1981 2488 2366 2534; x_wconf 79' lang='lat' dir='ltr'>Constitutionibus</span> <span class='ocrx_word' id='word_1_560' title='bbox 2381 2517 2399 2543; x_wconf 82' lang='lat'>‚</span> 
     </span>
     <span class='ocr_line' id='line_1_94' title="bbox 1394 2544 2399 2603; baseline 0.002 -16"><span class='ocrx_word' id='word_1_561' title='bbox 1394 2545 1432 2587; x_wconf 87' lang='lat'>&amp;</span> <span class='ocrx_word' id='word_1_562' title='bbox 1460 2544 1795 2587; x_wconf 82' lang='lat' dir='ltr'>ordinationibus</span> <span class='ocrx_word' id='word_1_563' title='bbox 1811 2544 2053 2600; x_wconf 84' lang='lat' dir='ltr'>Apostolicis</span> <span class='ocrx_word' id='word_1_564' title='bbox 2069 2575 2084 2598; x_wconf 86' lang='lat'>‚</span> <span class='ocrx_word' id='word_1_565' title='bbox 2110 2560 2156 2591; x_wconf 88' lang='lat' dir='ltr'>ac</span> <span class='ocrx_word' id='word_1_566' title='bbox 2170 2576 2184 2599; x_wconf 92' lang='lat'>‚</span> <span class='ocrx_word' id='word_1_567' title='bbox 2202 2558 2399 2603; x_wconf 85' lang='lat' dir='ltr'>quatenus</span> 
     </span>
     <span class='ocr_line' id='line_1_95' title="bbox 1393 2601 2400 2664; baseline 0.004 -19"><span class='ocrx_word' id='word_1_568' title='bbox 1393 2616 1494 2660; x_wconf 86' lang='lat' dir='ltr'>opus</span> <span class='ocrx_word' id='word_1_569' title='bbox 1509 2601 1570 2654; x_wconf 76' lang='lat' dir='ltr'>fit,</span> <span class='ocrx_word' id='word_1_570' title='bbox 1583 2603 1771 2647; x_wconf 84' lang='lat' dir='ltr'>Ecclefiae</span> <span class='ocrx_word' id='word_1_571' title='bbox 1789 2603 2001 2648; x_wconf 80' lang='lat' dir='ltr'>Remenfis</span> <span class='ocrx_word' id='word_1_572' title='bbox 2014 2633 2029 2657; x_wconf 69' lang='lat' dir='ltr'>a</span> <span class='ocrx_word' id='word_1_573' title='bbox 2045 2604 2086 2647; x_wconf 83' lang='grc' dir='ltr'>8ι</span> <span class='ocrx_word' id='word_1_574' title='bbox 2114 2605 2283 2648; x_wconf 84' lang='lat' dir='ltr'>Ordinis</span> <span class='ocrx_word' id='word_1_575' title='bbox 2293 2621 2400 2664; x_wconf 57' lang='grc' dir='ltr'>ρης-η</span> 
     </span>
     <span class='ocr_line' id='line_1_96' title="bbox 1395 2661 2399 2716; baseline 0.005 -11"><span class='ocrx_word' id='word_1_576' title='bbox 1395 2661 1573 2707; x_wconf 87' lang='lat' dir='ltr'>fatorum.</span> <span class='ocrx_word' id='word_1_577' title='bbox 1596 2663 1719 2707; x_wconf 90' lang='lat' dir='ltr'>etiam</span> <span class='ocrx_word' id='word_1_578' title='bbox 1733 2663 1811 2704; x_wconf 89' lang='lat' dir='ltr'>&amp;c.</span> <span class='ocrx_word' id='word_1_579' title='bbox 1834 2662 1990 2706; x_wconf 83' lang='lat' dir='ltr'>statutis</span> <span class='ocrx_word' id='word_1_580' title='bbox 2006 2691 2020 2716; x_wconf 85' lang='lat'>,</span> <span class='ocrx_word' id='word_1_581' title='bbox 2034 2664 2075 2706; x_wconf 74' lang='grc' dir='ltr'>δι</span> <span class='ocrx_word' id='word_1_582' title='bbox 2093 2663 2399 2710; x_wconf 73' lang='lat' dir='ltr'>consuetudini-¹</span> 
     </span>
     <span class='ocr_line' id='line_1_97' title="bbox 1398 2721 2398 2782; baseline 0.003 -18"><span class='ocrx_word' id='word_1_583' title='bbox 1398 2723 1502 2772; x_wconf 83' lang='lat' dir='ltr'>bus,</span> <span class='ocrx_word' id='word_1_584' title='bbox 1526 2721 1750 2778; x_wconf 88' lang='lat' dir='ltr'>privilegiis</span> <span class='ocrx_word' id='word_1_585' title='bbox 1776 2723 1854 2764; x_wconf 76' lang='lat' dir='ltr'>&amp;c-</span> <span class='ocrx_word' id='word_1_586' title='bbox 1881 2721 2282 2782; x_wconf 81' lang='lat' dir='ltr'>innovatis.Q1ibus</span> <span class='ocrx_word' id='word_1_587' title='bbox 2307 2737 2398 2767; x_wconf 85' lang='lat' dir='ltr'>om-</span> 
     </span>
     <span class='ocr_line' id='line_1_98' title="bbox 1399 2779 2398 2835; baseline 0.002 -12"><span class='ocrx_word' id='word_1_588' title='bbox 1399 2781 1511 2823; x_wconf 90' lang='lat' dir='ltr'>nibus</span> <span class='ocrx_word' id='word_1_589' title='bbox 1528 2809 1543 2832; x_wconf 77' lang='lat'>,</span> <span class='ocrx_word' id='word_1_590' title='bbox 1559 2781 1599 2823; x_wconf 85' lang='lat'>&amp;</span> <span class='ocrx_word' id='word_1_591' title='bbox 1612 2780 1792 2835; x_wconf 79' lang='lat' dir='ltr'>singulis,</span> <span class='ocrx_word' id='word_1_592' title='bbox 1804 2779 1969 2823; x_wconf 89' lang='lat' dir='ltr'>illorum</span> <span class='ocrx_word' id='word_1_593' title='bbox 1987 2789 2150 2825; x_wconf 89' lang='lat' dir='ltr'>tenores</span> <span class='ocrx_word' id='word_1_594' title='bbox 2173 2784 2250 2824; x_wconf 77' lang='lat' dir='ltr'>&amp;c-</span> <span class='ocrx_word' id='word_1_595' title='bbox 2274 2782 2398 2826; x_wconf 87' lang='lat' dir='ltr'>dero-</span> 
     </span>
     <span class='ocr_line' id='line_1_99' title="bbox 1402 2838 2395 2898; baseline 0.005 -20"><span class='ocrx_word' id='word_1_596' title='bbox 1402 2852 1542 2894; x_wconf 86' lang='lat' dir='ltr'>gamus</span> <span class='ocrx_word' id='word_1_597' title='bbox 1555 2867 1570 2889; x_wconf 81' lang='lat'>,</span> <span class='ocrx_word' id='word_1_598' title='bbox 1585 2838 1818 2894; x_wconf 83' lang='lat' dir='ltr'>caeterisque</span> <span class='ocrx_word' id='word_1_599' title='bbox 1831 2839 2046 2884; x_wconf 87' lang='lat' dir='ltr'>contrariis</span> <span class='ocrx_word' id='word_1_600' title='bbox 2061 2839 2395 2898; x_wconf 78' lang='lat' dir='ltr'>quibuscumque·</span> 
     </span>
    </p>

    <p class='ocr_par' dir='ltr' id='par_1_10' title="bbox 1399 2897 2399 3119">
     <span class='ocr_line' id='line_1_100' title="bbox 1519 2897 2398 2952; baseline 0.002 -14"><span class='ocrx_word' id='word_1_601' title='bbox 1519 2899 1670 2938; x_wconf 87' lang='lat' dir='ltr'>Datum</span> <span class='ocrx_word' id='word_1_602' title='bbox 1700 2898 1842 2938; x_wconf 85' lang='lat' dir='ltr'>Romae</span> <span class='ocrx_word' id='word_1_603' title='bbox 1874 2897 1980 2951; x_wconf 86' lang='lat' dir='ltr'>apud</span> <span class='ocrx_word' id='word_1_604' title='bbox 2017 2900 2199 2942; x_wconf 61' lang='lat' dir='ltr'>sanciam</span> <span class='ocrx_word' id='word_1_605' title='bbox 2227 2900 2398 2952; x_wconf 78' lang='lat' dir='ltr'>Mariam</span> 
     </span>
     <span class='ocr_line' id='line_1_101' title="bbox 1399 2953 2399 3014; baseline -0.003 -15"><span class='ocrx_word' id='word_1_606' title='bbox 1399 2953 1593 3011; x_wconf 72' lang='lat' dir='ltr'>Maiorem</span> <span class='ocrx_word' id='word_1_607' title='bbox 1616 2953 1683 2997; x_wconf 92' lang='lat' dir='ltr'>sub</span> <span class='ocrx_word' id='word_1_608' title='bbox 1712 2956 1862 2997; x_wconf 82' lang='lat' dir='ltr'>annulo</span> <span class='ocrx_word' id='word_1_609' title='bbox 1891 2955 2111 2999; x_wconf 75' lang='lat' dir='ltr'>piscatoris</span> <span class='ocrx_word' id='word_1_610' title='bbox 2133 2959 2200 3000; x_wconf 91' lang='lat' dir='ltr'>die</span> <span class='ocrx_word' id='word_1_611' title='bbox 2227 2969 2295 2999; x_wconf 82' lang='lat' dir='ltr'>vr.</span> <span class='ocrx_word' id='word_1_612' title='bbox 2323 2960 2399 3014; x_wconf 75' lang='lat' dir='ltr'>Ju-</span> 
     </span>
     <span class='ocr_line' id='line_1_102' title="bbox 1400 3012 2397 3061; baseline 0.005 -5"><span class='ocrx_word' id='word_1_613' title='bbox 1400 3016 1441 3059; x_wconf 87' lang='lat' dir='ltr'>lii</span> <span class='ocrx_word' id='word_1_614' title='bbox 1467 3029 1500 3056; x_wconf 87' lang='lat' dir='ltr'><strong>M</strong></span> <span class='ocrx_word' id='word_1_615' title='bbox 1519 3031 1546 3058; x_wconf 83' lang='lat' dir='ltr'>n</span> <span class='ocrx_word' id='word_1_616' title='bbox 1560 3029 1580 3056; x_wconf 90' lang='lat' dir='ltr'>c</span> <span class='ocrx_word' id='word_1_617' title='bbox 1596 3030 1616 3060; x_wconf 76' lang='grc' dir='ltr'>ι.</span> <span class='ocrx_word' id='word_1_618' title='bbox 1632 3028 1655 3056; x_wconf 86' lang='lat' dir='ltr'>x</span> <span class='ocrx_word' id='word_1_619' title='bbox 1670 3027 1694 3057; x_wconf 90' lang='lat' dir='ltr'>v</span> <span class='ocrx_word' id='word_1_620' title='bbox 1712 3025 1805 3056; x_wconf 83' lang='lat'>111.</span> <span class='ocrx_word' id='word_1_621' title='bbox 1832 3012 2100 3061; x_wconf 76' lang='lat' dir='ltr'>Pontificatfis</span> <span class='ocrx_word' id='word_1_622' title='bbox 2126 3015 2252 3060; x_wconf 87' lang='lat' dir='ltr'>nostri</span> <span class='ocrx_word' id='word_1_623' title='bbox 2278 3019 2397 3061; x_wconf 84' lang='lat' dir='ltr'>Anno</span> 
     </span>
     <span class='ocr_line' id='line_1_103' title="bbox 1399 3072 1598 3119; baseline -0.02 0"><span class='ocrx_word' id='word_1_624' title='bbox 1399 3072 1598 3119; x_wconf 89' lang='lat' dir='ltr'>secundo.</span> 
     </span>
    </p>
   </div>
   <div class='ocr_carea' id='block_1_9' title="bbox 1459 3186 2394 3247">
    <p class='ocr_par' dir='ltr' id='par_1_11' title="bbox 1459 3186 2394 3247">
     <span class='ocr_line' id='line_1_104' title="bbox 1459 3186 2394 3247; baseline 0 -13"><span class='ocrx_word' id='word_1_625' title='bbox 1459 3191 1704 3247; x_wconf 80' lang='lat' dir='ltr'>Autograpb.</span> <span class='ocrx_word' id='word_1_626' title='bbox 1726 3193 1770 3234; x_wconf 77' lang='lat' dir='ltr'>in</span> <span class='ocrx_word' id='word_1_627' title='bbox 1793 3186 1966 3233; x_wconf 75' lang='lat' dir='ltr'>Archivo</span> <span class='ocrx_word' id='word_1_628' title='bbox 1989 3193 2135 3233; x_wconf 79' lang='lat' dir='ltr'>Secret.</span> <span class='ocrx_word' id='word_1_629' title='bbox 2165 3191 2394 3237; x_wconf 49' lang='lat' dir='ltr'>Brevs&#39;um„</span> 
     </span>
    </p>
   </div>
   <div class='ocr_carea' id='block_1_10' title="bbox 1509 3247 2392 3367">
    <p class='ocr_par' dir='ltr' id='par_1_12' title="bbox 1509 3247 2392 3367">
     <span class='ocr_line' id='line_1_105' title="bbox 1517 3247 2392 3306; baseline 0.007 -17"><span class='ocrx_word' id='word_1_630' title='bbox 1517 3249 1820 3306; x_wconf 80' lang='lat' dir='ltr'>Apostolicorum</span> <span class='ocrx_word' id='word_1_631' title='bbox 1853 3247 2010 3305; x_wconf 79' lang='lat' dir='ltr'><em>Regesto</em></span> <span class='ocrx_word' id='word_1_632' title='bbox 2028 3247 2188 3306; x_wconf 61' lang='lat' dir='ltr'>mensti,</span> <span class='ocrx_word' id='word_1_633' title='bbox 2219 3250 2267 3299; x_wconf 65' lang='grc' dir='ltr'>δ’</span> <span class='ocrx_word' id='word_1_634' title='bbox 2295 3254 2392 3295; x_wconf 62' lang='lat' dir='ltr'>anne</span> 
     </span>
     <span class='ocr_line' id='line_1_106' title="bbox 1509 3303 2337 3367; baseline -0.011 -15"><span class='ocrx_word' id='word_1_635' title='bbox 1509 3306 1828 3367; x_wconf 67' lang='lat' dir='ltr'>praedibJ.fil.7.</span> <span class='ocrx_word' id='word_1_636' title='bbox 2332 3303 2337 3311; x_wconf 84' lang='lat'>&#39;</span> 
     </span>
    </p>
   </div>
   <div class='ocr_carea' id='block_1_11' title="bbox 1405 3499 1652 3565">
    <p class='ocr_par' dir='ltr' id='par_1_13' title="bbox 1405 3499 1652 3565">
     <span class='ocr_line' id='line_1_107' title="bbox 1405 3499 1652 3565; baseline -0.008 0"><span class='ocrx_word' id='word_1_637' title='bbox 1405 3499 1652 3565; x_wconf 90' lang='lat' dir='ltr'>TA.</span> 
     </span>
    </p>
   </div>
   <div class='ocr_carea' id='block_1_12' title="bbox 359 3640 2385 3744">
    <p class='ocr_par' dir='ltr' id='par_1_14' title="bbox 359 3640 2385 3744">
     <span class='ocr_line' id='line_1_108' title="bbox 359 3640 2385 3744; baseline 0.001 -50"><span class='ocrx_word' id='word_1_638' title='bbox 359 3656 404 3744; x_wconf 86' lang='lat' dir='ltr'>I</span> <span class='ocrx_word' id='word_1_639' title='bbox 418 3657 679 3698; x_wconf 81' lang='lat' dir='ltr'>Nstrumentum</span> <span class='ocrx_word' id='word_1_640' title='bbox 702 3660 935 3709; x_wconf 78' lang='lat' dir='ltr'>Donationis,</span> <span class='ocrx_word' id='word_1_641' title='bbox 960 3663 1056 3712; x_wconf 86' lang='lat' dir='ltr'>quod</span> <span class='ocrx_word' id='word_1_642' title='bbox 1080 3664 1102 3702; x_wconf 72' lang='lat' dir='ltr'>a</span> <span class='ocrx_word' id='word_1_643' title='bbox 1125 3663 1312 3704; x_wconf 74' lang='lat' dir='ltr'>Cardinnle</span> <span class='ocrx_word' id='word_1_644' title='bbox 1341 3660 1524 3702; x_wconf 83' lang='lat' dir='ltr'>Ludovico</span> <span class='ocrx_word' id='word_1_645' title='bbox 1547 3659 1769 3707; x_wconf 60' lang='lat' dir='ltr'>confeaum,</span> <span class='ocrx_word' id='word_1_646' title='bbox 1791 3659 1903 3702; x_wconf 79' lang='lat' dir='ltr'>Breve</span> <span class='ocrx_word' id='word_1_647' title='bbox 1932 3658 2177 3710; x_wconf 77' lang='lat' dir='ltr'>Apostolieum</span> <span class='ocrx_word' id='word_1_648' title='bbox 2188 3640 2353 3702; x_wconf 53' lang='lat' dir='ltr'>membru</span> <span class='ocrx_word' id='word_1_649' title='bbox 2368 3681 2385 3707; x_wconf 82' lang='lat'><strong>,</strong></span> 
     </span>
    </p>
   </div>
   <div class='ocr_carea' id='block_1_13' title="bbox 2204 3892 2334 3937">
    <p class='ocr_par' dir='ltr' id='par_1_15' title="bbox 2204 3892 2334 3937">
     <span class='ocr_line' id='line_1_109' title="bbox 2204 3892 2334 3937; baseline -0.023 0"><span class='ocrx_word' id='word_1_650' title='bbox 2204 3892 2334 3937; x_wconf 71' lang='lat' dir='ltr'>ludo-</span> 
     </span>
    </p>
   </div>
  </div>
 </body>
</html>
