2612 4100
959 225 1425 344 Paristen
1485 232 1610 314 rs}

2114 250 2232 349 37

262 374 590 429 Monasterium
606 378 881 429 Monialium
895 381 1256 445 Capucinarum‚
1315 377 1497 422 Mulieris
1541 378 1675 423 Mariae
1703 378 1755 422 de
1787 379 2072 436 Luxemburgo
2103 412 2118 434 ³
2149 388 2294 430 remae

324 447 439 498 aliis
462 466 518 499 ex
544 447 829 518 dispositione
849 447 1249 507 Ludovicae,Fran-

328 518 408 568 cite
425 520 611 588 Reginae
621 517 758 571 &min
776 518 1249 579 initateBituricenfi

325 587 639 642 aedificandum
671 622 688 647 ‚
713 587 772 638 ad
801 587 1027 638 instantias
1055 589 1247 638 Henrici

326 660 470 728 Regis
490 657 580 711 dcc.
599 662 646 712 in
663 659 868 709 Civitate
889 656 1116 708 Parifienfi
1129 693 1145 716 ,
1165 656 1245 708 sub

321 730 590 782 omnimoda
626 727 820 780 Ordinis
850 727 1104 779 obedientia
1142 746 1245 778 con·

321 796 435 848 strui
453 798 873 859 concedit3cadaver
891 796 1088 866 ejusdem
1108 800 1244 868 Regi-

319 884 388 917 nae
402 887 455 918 ex
472 867 668 919 Ecclesia
686 869 949 920 Monasterii
964 870 1242 919 Monialium

320 941 370 988 S.
396 940 542 988 Clarae
575 939 665 988 loci
694 938 750 989 de
787 941 978 990 Molinis
1002 938 1060 988 ad
1098 941 1246 988 Eccle-

314 1004 427 1055 fiam
445 1006 711 1058 Monasterii
729 1010 906 1058 noviter
929 1009 1142 1067 extrut‘ii,
1162 1027 1241 1059 nec

315 1092 407 1124 non
428 1077 654 1127 Moniales
680 1095 734 1128 ex
755 1096 1024 1148 quocunque
1044 1082 1240 1131 Franciae

314 1145 597 1196 Monasterio
631 1148 688 1198 ad
728 1151 970 1202 arbitrium
1016 1151 1175 1201 Mariae
1213 1152 1237 1200 ὲ

316 1216 676 1288 Luxemburgo,
707 1219 764 1270 ad
785 1221 915 1284 hujus
941 1219 1236 1270 directionem

313 1285 446 1335 trans
466 1290 609 1337 ortari
624 1289 829 1359 indulget
844 1310 859 1350 ;
877 1309 928 1340 ac
943 1292 1234 1358 Capelianos,

314 1358 420 1406 Con
445 1356 619 1408 effarios
635 1397 652 1419 ,
683 1379 735 1409 ac
753 1359 1020 1411 Vifitatores
1053 1361 1233 1411 ordina-

313 1428 406 1475 rios
418 1428 458 1546 da
491 1431 623 1482 Patre
648 1429 862 1483 Ministro
878 1434 1093 1486 Generali
1124 1434 1232 1501 eligi

309 1513 414 1546 man
449 1511 495 1549 at
513 1534 526 1548 .

286 1638 679 1695 CLEMENs
716 1646 1195 1719 EPISCOPVUS

446 1771 623 1815 Sr-:Rvus
655 1773 907 1819 Smwonum
941 1777 1023 1818 Dm

404 1882 475 1925 Ad
487 1891 720 1936 perpetuam
747 1891 807 1930 ret·
836 1886 1083 1928 memoriam.‘

240 2027 247 2031 .
376 1996 539 2036 Ebitum
566 1999 778 2037 Pastor-alis
792 1999 926 2038 Officii
953 1999 1082 2038 Nobis
1105 2010 1152 2035 ex
1169 1999 1230 2035 al·

393 2060 436 2091 to
466 2053 656 2094 commiffi
695 2053 898 2108 requirit,
927 2053 967 2092 &
996 2055 1079 2093 Nos
1105 2050 1154 2092 ad
1187 2049 1227 2090 id

228 2118 448 2163 *promptos
473 2110 624 2152 excitat
644 2139 661 2161 ,
687 2121 729 2151 ut
748 2110 805 2162 *ad
836 2123 880 2152 ea
897 2138 910 2160 ,
935 2124 1003 2164 per
1027 2122 1110 2165 quae
1139 2110 1227 2149 Mo-

236 2165 408 2209 nasteria
429 2193 444 2215 ,
478 2168 515 2208 &
540 2167 618 2210 alia
650 2168 851 2224 Religiosa
887 2169 977 2210 loca
1002 2168 1226 2209 incremen-

237 2230 323 2265 tum
342 2223 541 2280 suscipere
555 2255 569 2278 ‚
584 2241 628 2268 ac
656 2229 695 2270 in
714 2229 771 2270 eis
785 2225 1001 2284 prudentes
1020 2225 1221 2281 Virgines,

164 2322 169 2327 .
233 2295 282 2324 ac
297 2281 382 2325 aliae
410 2285 581 2327 honeflae
595 2287 780 2329 mulieres
799 2285 936 2342 spretis
967 2283 1224 2338 hujusinfeli-

232 2339 289 2382 cis
305 2341 448 2385 Saeculi
464 2343 667 2388 illecebris
692 2343 758 2387 (ub
774 2346 881 2388 suavi
915 2344 1140 2397 Religionis
1165 2342 1225 2399 ju-

227 2410 315 2452 ·g0,
352 2415 397 2443 ac
415 2400 551 2445 debita
575 2403 755 2446 clausura
773 2403 976 2446 Altiffimo
1002 2401 1222 2452 famulari,

233 2457 372 2514 suique
395 2459 504 2503 sexus
529 2460 789 2516 fragilitatem
821 2463 1026 2518 effugere,
1053 2463 1220 2503 &aeter-

230 2527 324 2557 nam
356 2520 659 2563 Beatitudinem
692 2521 908 2564 consectari
940 2521 1134 2570 valeant,
1175 2531 1219 2559 ac

232 2573 377 2618 exinde
393 2578 514 2621 flores
531 2580 696 2623 honoris
710 2607 724 2630 a
750 2582 785 2623 &
802 2579 951 2623 fruetus
980 2578 1191 2622 honestatis
1205 2602 1219 2625 ³

230 2633 528 2693 Regularisque
564 2640 651 2681 vitae
681 2640 915 2696 propagatio
951 2640 1217 2694 proven-iant,

226 2689 406 2736 libenter
420 2696 674 2740 intendamus
690 2700 811 2748 ,&in
838 2699 897 2740 his
923 2695 1101 2754 ejusdem
1121 2692 1199 2736 Offi

229 2750 280 2792 cii
299 2753 420 2795 nostri
435 2764 572 2810 partes
601 2754 877 2799 favorabiliter
896 2758 1216 2808 interponamus,

225 2808 312 2863 pias
327 2811 556 2855 testantium
577 2814 834 2863 voluntates,
861 2827 945 2868 quae
958 2813 1052 2853 alias
1068 2812 1118 2852 ad
1148 2808 1217 2850 de-

224 2866 411 2911 ssinatum
427 2869 607 2913 effectum
635 2869 802 2927 perduci
833 2881 1035 2926 nequeunt
1055 2898 1068 2920 ,
1089 2870 1215 2910 inter-

225 2922 322 2964 dum
344 2929 655 2977 commutando,
672 2938 788 2983 prout
803 2929 1118 2972 Catholicorum·
1131 2928 1213 2968 Re-

226 2995 349 3037 gum,
365 2999 412 3027 ac
441 2988 563 3030 etiam
593 2987 845 3030 voluntatum
861 2986 1084 3041 hujustnodi
1107 2988 1213 3027 Exe-

227 3051 417 3084 cutorum
448 3055 570 3095 vota,
596 3047 636 3087 &
660 3046 918 3087 rationabiles
944 3047 1064 3087 causae
1089 3057 1214 3098 expo-

221 3098 366 3153 scunt,
397 3104 732 3159 personarumque
747 3134 762 3155 ‚
784 3106 1021 3147 &locorum
1037 3102 1212 3158 qualita-

221 3157 335 3201 tibus
369 3161 409 3202 δε
440 3163 752 3207 circumstantiis
773 3164 913 3207 debite
942 3161 1140 3218 pensatis,
1169 3159 1210 3201 id

222 3218 485 3271 conspicimus
506 3222 543 3263 in
562 3223 740 3264 Domino
754 3220 963 3266 salubriter
974 3220 1182 3275 expedire.

281 3276 385 3320 Sane
411 3279 653 3324 chariffimus
684 3281 725 3323 in
737 3282 901 3325 Christo
932 3280 1056 3323 Filius
1084 3279 1212 3320 noster

224 3333 455 3390 Henricus,
484 3342 729 3382 Francorum
760 3343 796 3383 &
826 3344 1016 3383 Navarrae
1030 3338 1142 3388 Rex,
1172 3338 1212 3377 &

226 3393 444 3439 chariffima
472 3399 513 3440 in
546 3399 708 3441 Christo
725 3400 852 3451 Filia,
869 3401 996 3442 Maria
1011 3428 1026 3448 ,
1061 3409 1206 3439 eorun-

226 3448 319 3514 flem
343 3456 586 3499 Francorum
608 3486 622 3508 a
635 3459 675 3499 δε
692 3463 879 3502 Navarrae
895 3459 1047 3513 Regina
1063 3485 1078 3506 ,
1095 3459 1208 3497 Con-

223 3520 337 3575 )uges
362 3514 689 3566 christianfflinst,
702 3527 784 3561 tarn
799 3518 883 3568 su0,
899 3519 1016 3572 quam
1031 3517 1208 3556 Venera-

222 3566 315 3610 bilis
341 3571 488 3615 Fratris
506 3574 990 3631 Nostri,Henrici,Episco
997 3575 1038 3631 pi
1050 3570 1213 3616 verdu—

222 3627 377 3676 nensis,
391 3631 679 3676 &dilectorum
698 3635 891 3680 Filiorum
916 3635 1085 3677 aliorum
1107 3635 1213 3674 Exe-

226 3693 415 3731 cutorum
444 3688 686 3735 Testamenti
713 3723 728 3743 ,
760 3695 877 3737 clarae
903 3694 1102 3736 memoria:
1130 3695 1210 3734 Lu·

224 3743 391 3799 dovicae‚
405 3746 503 3789 olim
519 3748 684 3803 Reginae
699 3754 898 3801 Franciae,
921 3767 994 3795 nec
1012 3766 1089 3793 non
1106 3750 1209 3791 dile-

221 3805 291 3847 &ae
323 3806 444 3850 etiam
476 3807 602 3850 Nobis
627 3809 667 3851 in
692 3809 854 3865 Christo
880 3811 1018 3864 Filiae,
1045 3809 1205 3855 Nobilis

1313 436 1513 488 quondam
1541 438 1714 494 Philippi
1731 439 2002 480 Emmanuelis
2014 440 2064 482 de
2080 442 2294 487 Lotharin-

1310 492 1398 544 gia,
1428 497 1619 539 Mercurii
1643 498 1795 549 Ducis,
1827 497 2051 540 nominibus
2070 499 2194 540 Nobis
2222 516 2294 542 nu-

1308 562 1381 603 per
1406 556 1549 608 exponi
1569 556 1753 599 fecerunt
1765 582 1780 605 ,
1804 555 1911 610 quod
1925 556 2019 599 alias
2034 555 2134 598 dieta
2151 558 2290 600 Ludo—

1308 608 1394 650 vica
1412 612 1564 666 Regina
1579 638 1593 659 ,
1609 624 1702 656 tunc
1729 616 1768 657 in
1783 614 1964 656 humanis
1990 628 2111 670 agens
2129 643 2143 665 ‚
2157 616 2197 656 δι
2212 624 2292 657 ter-

1304 678 1402 708 rena
1424 669 1464 709 in
1492 670 1668 713 coelestia
1685 701 1699 723 ‚
1725 688 1768 717 ac
1793 674 2015 715 tranfitoria
2042 673 2078 715 in
2110 683 2291 715 aeterna-³

1303 722 1408 790 bona
1427 724 1536 768 felici
1561 731 1807 773 commercio
1837 732 1887 773 ad
1914 731 2074 774 laudem
2093 758 2107 779 2
2134 733 2173 773 δι
2199 732 2292 785 glo-

1304 795 1404 824 riam
1429 785 1685 840 praepotentis
1703 789 1792 837 Dei,
1808 791 1962 844 Regum
1982 790 2102 844 Regis
2115 815 2128 838 ³
2143 804 2190 832 ac
2205 803 2290 832 om-

1303 840 1412 882 nium
1443 843 1642 886 bonorum
1667 843 1866 900 largitoris
1893 849 2032 903 optimi
2062 877 2077 899 ‚
2110 850 2291 903 piorum-

1303 913 1383 954 que
1426 914 1593 956 operum
1630 912 1885 955 augmentum
1923 915 2170 948 commutare
2192 905 2293 949 defi·

1305 957 1448 1000 derans
1464 987 1477 1011 ‚
1493 961 1530 1001 in
1558 959 1627 1002 suo
1643 960 1881 1003 testamento
1897 988 1911 1010 2
1938 962 2006 1004 sub
2030 964 2141 1019 cujus
2155 962 2291 1020 dispo:-

1305 1015 1445 1059 fitione
1469 1019 1517 1060 ab
1534 1019 1605 1060 hac
1635 1017 1727 1060 luce
1757 1020 1973 1075 migravit,
2001 1036 2120 1063 unum
2144 1026 2290 1066 Mona-

1301 1075 1462 1118 sterium
1492 1076 1729 1118 Monialium
1742 1079 2039 1134 Capucinarum
2057 1094 2288 1136 nuncupan-

1298 1133 1552 1185 darum‚sub
1574 1134 1753 1178 instituto
1767 1137 1931 1178 Ordinis
1956 1139 2144 1179 Fratrum
2159 1166 2174 1188 ,
2205 1142 2288 1181 Ca*

1299 1192 1534 1248 pucinorum
1566 1194 1683 1236 etiam
1719 1203 2035 1250 nuncupatorum
2072 1200 2112 1238 S.
2127 1196 2291 1243 Franci-1

1299 1251 1351 1293 sci
1362 1277 1376 1298 s
1393 1251 1430 1292 in
1444 1253 1628 1295 Civitate
1644 1253 1876 1295 Bituricenfi
1889 1283 1903 1306 ‚
1918 1255 1957 1295 &
1971 1253 2042 1295 situ
2056 1254 2123 1302 ,vin
2137 1268 2181 1296 ea
2217 1266 2288 1307 per

1296 1307 1501 1366 praefatum
1516 1311 1742 1368 Philippum
1762 1313 2065 1354 Emmanuelem
2089 1311 2174 1365 ejus
2191 1313 2290 1352 Fra-

1299 1379 1401 1410 trem
1428 1383 1822 1427 germanum,quem
1848 1380 1943 1413 tunc
1970 1370 2008 1411 in
2026 1368 2206 1412 humanis
2237 1382 2283 1410 a-

1295 1437 1457 1483 gentem
1487 1430 1684 1472 haeredem
1711 1430 1778 1471 fibi
1811 1427 2075 1472 universalem
2104 1427 2283 1468 institue·

1294 1497 1388 1539 rat,
1413 1502 1456 1529 ac
1477 1487 1627 1531 dietum
1646 1489 1867 1530 Henricum
1898 1485 2164 1542 Episcopum,
2181 1485 2284 1527 fimi-

1295 1546 1391 1588 liter
1406 1546 1490 1600 ejus
1507 1548 1713 1597 Fratrem,
1735 1546 1886 1588 &alios
1914 1549 2163 1588 executores
2186 1558 2284 1599 prae-

1291 1604 1418 1648 dirtos
1438 1604 1836 1659 eligend0,extrui‚&
1850 1603 2035 1648 fabricati
2059 1602 2282 1650 mandavit,

1291 1677 1338 1706 ac
1355 1665 1499 1720 viginti
1515 1663 1628 1705 mille
1654 1663 1760 1707 scuta
1775 1668 1796 1708 a
1815 1662 2000 1719 Philippo
2018 1660 2281 1704 Emmanuele

1291 1725 1438 1774 Duce,
1452 1724 1491 1764 &
1519 1723 1689 1766 Haerede
1703 1737 1775 1773 ‚ac
1796 1723 1924 1765 Maria
1947 1720 2127 1776 praedidta
2143 1747 2157 1768 ‚
2178 1732 2278 1774 quos

1291 1781 1474 1836 Dominij
1492 1780 1803 1835 deBoussay,seu
1813 1781 1937 1823 Feudi
1954 1776 2282 1828 usufrunuarios,

1291 1839 1373 1878 vita
1387 1853 1525 1878 eorum
1540 1840 1711 1878 durante
1726 1852 1820 1877 cum
1835 1851 1960 1876 onere
1975 1834 2202 1887 hujusmodi
2216 1848 2280 1874 re·

1290 1892 1407 1946 liquit
1429 1893 1718 1945 persolvendo,
1747 1905 1794 1933 ex
1819 1893 1960 1947 quibus
1986 1894 2160 1946 quinque
2178 1890 2280 1932 mil-J

1292 1947 1350 1998 le,
1367 1949 1560 1990 videlicet
1577 1978 1590 1999 s
1605 1951 1641 1990 in
1670 1948 1859 1991 fabricam
1878 1949 1993 2003 ipfius
2013 1949 2274 2001 Monasterii3'

1289 2004 1442 2054 reliqua
1485 2007 1581 2042 vero
1620 2005 1729 2043 scuta
1764 2005 1984 2055 hujusmodi
2030 2007 2071 2045 in
2104 2008 2277 2058 emptio-

1288 2071 1379 2099 nem
1402 2057 1600 2099 bonorum
1616 2085 1628 2108 ‚
1642 2059 1681 2097 ἃ
1695 2058 1928 2101 reddituum
1956 2071 2031 2113 pro
2046 2058 2130 2114 ejus
2147 2061 2246 2104 dote
2259 2083 2275 2113 ·,

1289 2130 1332 2157 ac
1358 2114 1595 2157 Monialium
1628 2115 1667 2156 in
1693 2116 1766 2158 illo
1788 2130 1862 2171 pro
1890 2119 2075 2172 tempore
2097 2118 2274 2161 existen-

1286 2175 1387 2217 tium
1406 2173 1690 2218 sustentatione
1716 2176 1870 2230 erogari
1900 2176 2131 2227 deberent,
2159 2178 2275 2232 lega-

1285 2233 1372 2276 vit.
1389 2235 1547 2288 Corpus
1572 2243 1704 2275 autem
1722 2232 1829 2275 suum
1860 2248 1908 2276 ex
1926 2234 2101 2277 Ecclefia
2130 2238 2274 2278 Mona-

1287 2292 1391 2335 sterii
1419 2290 1662 2333 Monialium
1685 2291 1831 2334 Sanaae
1856 2292 1988 2335 Clarae
2010 2292 2157 2348 Oppidi
2181 2294 2272 2338 de)

1288 2351 1463 2402 Molins,
1494 2350 1660 2391 Ordinis
1687 2349 1862 2405 ejusdem
1891 2354 1929 2392 S.
1961 2351 2104 2401 Clarae,
2122 2353 2270 2394 Niver-

1281 2408 1423 2451 nienfis
1453 2406 1674 2457 Dioecefis,
1691 2409 1758 2450 ubi
1785 2422 1833 2450 ex
1859 2408 1969 2450 illius
1983 2406 2266 2462 dispositione,

1281 2469 1320 2509 δε
1343 2467 1555 2509 voluntate
1585 2465 1807 2519 depolitum
1833 2467 1915 2517 est,
1940 2466 1987 2507 ad
2017 2466 2268 2510 Ecclefiam..

1280 2525 1454 2581 praedicti
1480 2524 1705 2566 Monasterii
1720 2551 1733 2575 ,
1747 2523 1950 2579 postquam
1979 2524 2028 2564 fic
2049 2527 2268 2566 extruetum

1280 2583 1386 2625 foret
1402 2610 1416 2632 ‚
1437 2581 1489 2623 ibi
1518 2580 1784 2637 sepeliendum
1799 2610 1816 2632 ‚
1841 2581 2052 2623 transferri
2082 2581 2184 2636 juffit
2199 2608 2212 2630 ,
2227 2583 2267 2622 &

1279 2643 1374 2687 alifas
1387 2671 1399 2692 ,
1417 2648 1536 2696 prout
1550 2642 1588 2682 in
1609 2639 1716 2682 dicio
1742 2640 1976 2683 testamento
1992 2638 2144 2694 plenius
2161 2639 2265 2683 dici-

1280 2710 1346 2741 tur
1374 2700 1602 2740 contineri.
1617 2702 1723 2741 Cum
1737 2709 1869 2740 autem
1883 2726 1897 2748 ,
1925 2698 2020 2740 ficut
2038 2697 2176 2740 eadem
2191 2710 2264 2739 ex-

1279 2758 1419 2813 politio
1445 2756 1707 2814 subjungebat
1722 2757 2023 2804 ,dista-Civitas
2039 2757 2076 2798 in
2098 2757 2163 2798 suo
2176 2770 2259 2797 am-

1279 2817 1366 2858 bitu
1391 2816 1530 2870 exigua
1559 2846 1573 2866 ‚
1605 2818 1641 2857 &
1670 2816 1829 2869 angusta
1847 2831 1872 2865 ·‚
1897 2829 1942 2856 ac
1967 2815 2142 2868 pluribus
2172 2813 2259 2854 aliis

1277 2874 1591 2917 Mendicantium
1606 2874 1905 2924 Ordinum,tam
1923 2873 2129 2920 Virorum,
2141 2870 2258 2925 quim

1278 2934 1491 2976 mulierum
1521 2931 1769 2972 Monasteriis
1796 2938 1958 2984 gravata
1984 2928 2046 2978 fit,
2069 2930 2147 2969 &si
2171 2931 2257 2969 Μο-

1277 2990 1490 3035 nasterium
1512 2987 1806 3042 Capucinarum
1848 2986 2104 3040 hujusmodi,
2146 2984 2255 3038 quod

1274 3051 1383 3108 juxta
1400 3047 1591 3103 regularia
1608 3045 1789 3086 Instituta
1817 3045 1945 3099 primo
1972 3043 2066 3085 disti
2090 3043 2253 3086 Ordinis

1275 3108 1409 3152 dotari
1436 3121 1512 3147 non
1532 3102 1686 3159 potest,
1702 3102 1768 3145 sed
1785 3115 1835 3144 ex
1850 3102 2006 3156 piorum
2034 3101 2255 3155 eleemosy-

1274 3170 1333 3211 nis
1350 3164 1552 3210 sustentari
1577 3163 1727 3209 debet,
1756 3171 1817 3202 tot
1833 3161 1921 3202 aliis
1938 3160 2135 3210 addatur,
2169 3159 2253 3214 spes

1273 3226 1381 3269 nulla
1400 3230 1536 3272 extat,
1563 3231 1608 3263 ut
1625 3222 1661 3262 in
1677 3218 1778 3262 dicta
1795 3220 1979 3262 Civitate
2007 3234 2052 3261 ea
2079 3220 2254 3262 eleemo-

1274 3286 1454 3340 synarum
1479 3279 1704 3333 quantiam,
1735 3293 1819 3334 quae
1841 3278 1888 3320 ad
1909 3279 2015 3318 illius
2045 3287 2249 3320 manuten-

1271 3344 1423 3386 tionem
1440 3336 1600 3381 sufficiat
1616 3367 1630 3389 ‚
1643 3337 1857 3379 commode
1882 3336 2024 3393 colligi
2040 3336 2171 3392 poffit,
2188 3333 2251 3375 vel

1269 3402 1415 3443 debeat
1439 3410 1453 3449 ;
1481 3399 1527 3437 ln
1556 3396 1735 3439 Civitate
1769 3395 1866 3437 vero
1890 3394 2106 3444 Parifienfi,
2125 3393 2249 3435 totius

1272 3459 1401 3514 Regni
1428 3451 1599 3498 Franciae
1622 3454 1886 3497 celeberrima
1902 3481 1915 3503 ‚
1942 3455 1981 3495 δι
2006 3448 2251 3509 populatisli-

1273 3533 1334 3561 ma
1358 3515 1510 3560 nullum
1536 3512 1817 3555 Monasteriurn
1848 3513 2084 3553 Monialium
2115 3512 2249 3562 Capu·

1273 3577 1450 3619 cinarum
1465 3569 1683 3627 hujusmodi
1700 3569 1950 3626 reperiatur,
1976 3572 2015 3612 δι
2037 3566 2249 3623 quamplu-

1274 3649 1336 3677 res
1368 3630 1550 3686 virgines
1584 3629 1760 3686 ejusdem
1780 3629 1969 3671 Civitatis
1995 3624 2247 3673 Pmifienfis,

1272 3696 1361 3735 Deo
1374 3686 1537 3744 Optimo
1551 3689 1728 3732 Maximo
1749 3689 1786 3728 in
1812 3686 2034 3728 humilitate
2057 3681 2213 3738 spiritus
2228 3700 2246 3731 3

1268 3753 1307 3792 &
1332 3749 1502 3792 candore
1533 3748 1771 3801 virginitatis
1799 3744 1866 3785 sub
1892 3743 1996 3784 suavi
2017 3742 2242 3797 Religionis

1265 3808 1360 3865 jugo
1380 3806 1563 3863 famulari
1593 3805 1840 3850 intendentes
1856 3828 1871 3853 ,
1895 3801 2123 3845 Institutum
2141 3798 2241 3853 ipsas

2100 3872 2186 3900 rum
