2592 4094
363 200 470 286 18

311 366 322 374 ·
346 347 471 388 *st-
506 376 510 385 ‚

286 402 654 458 sacramentales
704 396 934 451 fidelium
981 389 1278 445 confeffiones

350 472 634 542 excipiendi,
652 465 875 536 generalis
903 460 1096 516 facultas
1125 463 1279 513 eidem

352 550 430 600 Fr.
448 537 713 594 cherubino
729 531 947 597 concessa,
959 531 1277 589 confirmatur.

315 681 472 728 Dua-570
490 677 594 726 Filio
605 702 620 725 ,
632 672 853 720 Cherubim
868 674 915 721 de
928 677 1069 728 Novas,
1086 675 1248 723 Ordinis

380 741 578 787 Fratrum
589 735 797 780 Minorum
809 731 946 778 sanffl
959 734 1166 792 Franclfii

471 794 759 852 capuanorum
774 802 1088 851 nuncupatorum

659 849 896 915 Profiffiri.

293 971 759 1030 CLEMENS
824 973 1041 1026 PAPA
1104 972 1281 1026 XII·

357 1100 514 1149 Diche
527 1098 613 1150 Fili
621 1125 637 1153 2
667 1096 845 1154 filatem
860 1129 874 1151 ‚
890 1099 940 1152 29·
955 1098 1213 1158 Apostolicam

626 1158 939 1206 Benedeenoncm
950 1188 964 1206 .

409 1276 612 1334 Eligionis
628 1276 757 1326 Zelus
771 1304 787 1330 ,
807 1273 903 1323 vitae
917 1291 965 1321 ac
984 1290 1142 1326 morum
1158 1276 1286 1319 hone-

439 1337 510 1382 stas
522 1367 539 1391 ,
550 1338 709 1393 aliaque
737 1335 958 1380 laudabilia
979 1336 1200 1392 probitatis
1215 1360 1229 1381 a
1244 1335 1284 1377 8:

286 1403 488 1442 virtutum
505 1396 664 1447 merita,
679 1397 797 1452 super
810 1395 957 1451 quibus
972 1396 1078 1452 apud
1099 1399 1184 1438 Nos
1201 1391 1283 1437 fide

285 1458 410 1514 digno
421 1454 714 1499 commendaris
727 1453 1282 1508 testimonio,Nosinducunt,

285 1527 333 1563 ut
349 1527 390 1562 te
404 1513 641 1570 specialibus
658 1513 860 1558 favoribus
881 1539 895 1562 2
918 1515 960 1559 δι
975 1514 1114 1570 gratiis
1143 1509 1282 1568 prose-

286 1587 455 1632 quamur
470 1587 483 1618 :
500 1574 659 1627 Exponi
683 1572 875 1629 siquidem
893 1573 1020 1616 Nobis
1037 1586 1165 1627 nuper
1179 1570 1281 1615 feci-

285 1635 331 1678 sti
345 1631 478 1688 ‚quod
493 1630 590 1676 alias
618 1629 688 1675 fel.
714 1645 795 1676 rec.
809 1631 1046 1677 Benedictus
1061 1633 1138 1674 ΡΡ.
1160 1631 1280 1676 x111.

289 1687 562 1737 Praedecessor
574 1688 710 1732 noster
724 1689 799 1733 tibi
814 1717 828 1741 ,
844 1691 910 1745 qui
925 1689 999 1747 (ut
1014 1691 1165 1748 asseris)
1184 1691 1281 1733 Fra·

286 1761 352 1795 ter
381 1747 570 1802 expresse
597 1746 800 1790 Professus
816 1748 986 1792 Ordinis
1015 1751 1164 1790 Minor.
1181 1750 1281 1791 San-

286 1807 338 1853 ai
358 1803 559 1855 Francisci
587 1805 891 1858 Capucinorum
921 1813 1250 1859 nuncupatorum
1267 1827 1283 1850 ³

289 1881 335 1910 ac
355 1862 586 1908 Miffionum
600 1871 838 1908 exterarum
855 1890 869 1913 ,
896 1874 980 1917 quae
1005 1861 1212 1907 Fratribus
1237 1873 1283 1902 e-

291 1923 447 1984 jusdem
469 1921 664 1970 Ordinis,
689 1919 930 1964 subditione
964 1919 1175 1965 charisiimi
1209 1919 1281 1962 iit-2

289 1982 456 2027 Christo
474 1980 563 2025 Pilii
578 1980 699 2025 nostri
719 1978 916 2023 Ludovici
935 1981 1181 2024 Francorum
1199 1980 1285 2019 Re-

291 2044 351 2097 gis
364 2037 700 2082 Christianissimi,
710 2037 953 2079 demandatae
971 2036 1118 2083 sunt,in
1134 2036 1282 2076 Roma.

289 2112 340 2142 na
355 2094 483 2138 Curia
503 2092 755 2134 Procurator
777 2089 911 2134 existis
930 2117 944 2140 ,
971 2103 1042 2144 per
1066 2089 1176 2130 suum
1192 2089 1274 2128 Re‘-

289 2155 487 2210 scriptum
518 2151 586 2194 die
612 2160 732 2193 νιιι.
752 2147 996 2191 Novembris
1027 2158 1280 2193 Moccxxix.

294 2214 456 2258 editum
474 2237 488 2260 ,
504 2208 742 2254 facultatem
758 2206 988 2263 excipiendi
1017 2205 1287 2249 sacramenta-

288 2274 349 2320 les
363 2266 697 2314 Christifidelium
726 2265 995 2309 Saecularium
1025 2264 1287 2308 consessiones

291 2326 514 2375 conceffit:
540 2326 706 2379 Nosque
731 2324 994 2378 postmodum
1022 2337 1094 2378 per
1121 2322 1285 2365 alium„

295 2388 479 2435 nostrum
511 2383 774 2436 Rescriptum
814 2382 883 2424 die
913 2396 997 2425 xix.
1011 2381 1106 2439 Julii
1138 2393 1288 2423 mocc-

296 2461 391 2495 xxx.
405 2441 587 2489 eamdem
604 2439 846 2485 facultatem
872 2440 949 2482 tibi
974 2442 993 2480 a
1008 2439 1197 2494 praedie‘to
1212 2439 1292 2483 ne-

293 2503 458 2553 nedisto
474 2496 760 2557 praedecess'ore
785 2497 1011 2544 concessam
1040 2495 1295 2541 confirmavi-

293 2578 383 2610 mus
396 2590 410 2611 ,
426 2564 465 2607 &
479 2560 576 2606 alias
595 2587 608 2610 ‚
624 2567 748 2614 prout
776 2558 815 2600 in
831 2558 967 2601 nostro
979 2583 994 2606 2
1017 2561 1056 2600 ἃ
1075 2553 1292 2601 memorati

296 2619 510 2671 BenediCti
539 2615 848 2663 Praedecessoris
873 2617 1092 2673 Rescripto
1120 2614 1292 2671 desuper

294 2690 486 2726 emanato
500 2676 658 2733 plenius
689 2677 931 2721 continetur
955 2705 970 2720 .
1005 2680 1113 2722 Cum
1129 2685 1264 2721 autern
1279 2699 1294 2726 ‚

298 2742 396 2788 ficut
412 2738 551 2783 eadem
569 2735 767 2794 expositio
781 2735 1109 2794 subjungebat‚ut
1126 2731 1298 2791 praemis·

299 2800 353 2851 sa,
366 2798 450 2856 quo
473 2794 630 2839 firmius
650 2793 745 2839 subs»
755 2794 874 2847 stant,
888 2793 1131 2851 Apostolicae
1154 2789 1297 2838 confir-

298 2856 490 2902 mationis
505 2854 647 2899 nostrae
663 2853 894 2909 patrocinio
924 2853 1170 2899 communiri
1187 2851 1294 2898 sum-

300 2915 468 2972 mopere
481 2913 681 2959 desideres
697 2940 711 2963 ‚
736 2915 823 2956 Nos
845 2922 887 2955 te
904 2911 1192 2966 praemissorum
1213 2923 1294 2952 me-

301 2977 477 3019 ritorum
491 2982 656 3019 tuorum
673 2971 1025 3026 intuitu‚specialis
1043 2970 1079 3012 fa
1089 2985 1186 3018 vore
1202 2983 1293 3025 gra-

304 3035 366 3079 tiae
382 3033 562 3087 prosequi
579 3031 768 3078 volentes
782 3059 796 3081 ,
814 3033 854 3076 &
866 3033 889 3074 a
904 3028 1108 3086 quibusvis
1128 3041 1292 3073 excom·

305 3091 586 3136 municationis
599 3116 613 3138 ,
626 3088 884 3147 suspensionis
900 3091 979 3136 διε.
1007 3087 1265 3134 absolventes
1278 3111 1293 3136 2

303 3154 346 3197 δε.
361 3147 584 3191 absolutum
615 3146 702 3192 fore
725 3148 965 3198 censentes,
988 3145 1293 3204 supplicationi·-

302 3212 378 3257 bus
407 3217 479 3249 tuo
505 3205 664 3249 nomine
687 3209 818 3251 Nobis
841 3206 959 3262 super
984 3209 1059 3254 hoc
1082 3205 1295 3253 humiliter

304 3265 499 3327 poi-tediis
524 3263 708 3307 inclinati
736 3296 752 3318 ,
794 3266 1035 3314 facultatem
1064 3263 1295 3323 excipiendi

306 3324 614 3372 sacramentales
640 3324 980 3370 Christifidelium
1011 3326 1298 3378 confessiones,

306 3387 384 3431 tibi
409 3386 458 3427 ab
476 3383 623 3426 eodem
640 3383 856 3428 Benedicta
884 3383 1181 3434 Praedecessore
1199 3398 1300 3427 con-

306 3445 445 3491 cessam
461 3472 475 3495 ,
488 3445 529 3488 δι
541 3445 562 3485 a
585 3445 715 3487 Nobis
731 3444 1009 3491 confirmatam
1024 3473 1038 3496 ‚
1055 3456 1099 3488 ut
1117 3444 1292 3499 petitur,

306 3504 547 3551 aquritate
572 3502 824 3557 Apostolica,
839 3516 983 3549 tenore
1004 3503 1296 3560 praesentium

308 3569 465 3620 pariter
488 3561 772 3606 confirmamus
788 3592 801 3614 ,
816 3566 855 3609 δε
880 3565 1143 3620 approbamus
1167 3594 1182 3615 ‚
1216 3559 1297 3603 illi·

308 3638 384 3677 que
415 3621 662 3666 inviolabilis
689 3622 1141 3676 Apostolicaefirmitatis
1174 3620 1299 3664 robur

309 3681 535 3734 adjicimus,
551 3695 613 3730 ac,
632 3690 822 3737 quatenus
841 3697 940 3737 opus
966 3683 1026 3732 sit,
1039 3683 1173 3726 denuo
1203 3693 1300 3722 con-

311 3739 494 3780 cedimus
512 3769 523 3781 .
547 3743 846 3798 Decernentes,
870 3743 1074 3801 Rcssduum
1093 3742 1182 3799 ,uti
1194 3740 1290 3788 ira-a

316 3799 512 3843 anteriore
530 3799 647 3845 Brevi
659 3828 672 3855 9

1014 188 1616 281 Provincia

1459 333 1614 376 Datum
1628 332 1769 375 Romae
1783 330 1891 387 apud
1906 332 2087 374 Sancum
2120 333 2332 378 Mariam

1338 389 1547 449 Maiorem
1564 391 1632 435 sub
1664 390 1832 433 Annulo
1849 387 2064 432 Piscatoris
2088 388 2156 432 die
2170 406 2237 434 xi.
2253 395 2333 435 Fe-

1339 451 1489 497 bruarii
1503 463 1787 498 moccxxxiv.
1813 445 2076 494 Pontificatfis
2093 448 2217 492 nostri
2235 454 2324 494 An-

1339 525 1393 557 no
1407 522 1555 572 quarto
1569 537 1583 554 .

1334 655 1450 671 ἡ
1980 647 2331 664 ———

1333 749 1486 805 Semel
1519 749 1563 798 in
1580 763 1699 797 anno
1724 744 1909 797 cuilibet
1933 739 2334 804 Christifidelium,

1403 816 1654 890 praesertim
1685 817 1942 888 Peregrinis
1970 850 1986 874 ,
2016 815 2064 864 in
2090 811 2351 866 Ecclesia-..⁴

1413 895 1630 941 Fratrum
1662 889 1752 939 loci
1776 883 2046 940 Tarasconis
2062 920 2080 945 ,
2095 883 2334 956 indulgen-

1414 963 1478 1016 tia
1490 962 1690 1035 plenaria
1707 960 1974 1014 conceditur
1991 993 2006 1009 .

1344 1103 1899 1159 BENEDICTUS
1939 1100 2146 1151 PAPA
2183 1098 2333 1151 XIV.

1348 1222 1546 1278 Universt's
1583 1217 1910 1278 christifidelibus
1939 1217 2146 1274 praelbntes
2177 1216 2338 1261 litteras

1460 1280 1698 1344 inspclffuris
1722 1309 1738 1332 ‚
1751 1281 1928 1337 filulem
1942 1304 1956 1326 a
1982 1277 2030 1325 (ς’
2058 1275 2225 1335 Apostoe

1558 1394 1565 1402 .
1604 1340 1720 1383 licam
1743 1335 2076 1384 Benediffloncm.

1467 1460 1506 1502 D
1520 1456 1747 1515 augendam
1775 1454 1974 1501 Fidelium
1991 1451 2269 1510 Religionem,
2283 1453 2327 1497 δι

1496 1519 1716 1563 animarum
1731 1513 1898 1561 salutem
1914 1543 1928 1566 ,
1953 1513 2130 1558 coelestis
2147 1512 2339 1556 Ecclefiae

1341 1579 1537 1623 thesauris
1552 1577 1618 1633 pia
1641 1573 1839 1618 charitate
1858 1573 2022 1621 intenti,
2038 1571 2223 1614 omnibus
2238 1571 2342 1614 utri-

1339 1635 1464 1695 usque
1481 1634 1592 1681 sexfis
1610 1633 1956 1678 christifidelibus
1979 1631 2078 1676 vere
2094 1628 2338 1686 poenitenti-

1339 1699 1415 1743 bus
1434 1726 1449 1748 ,
1461 1699 1500 1740 δι
1517 1693 1698 1741 confessis
1714 1707 1786 1744 ‚ac
1800 1691 1909 1737 sacra
1931 1689 2220 1733 communione
2233 1687 2343 1733 refe-

1341 1757 1413 1799 ctis
1431 1781 1446 1803 ,
1475 1755 1543 1809 qui
1573 1750 1794 1796 Ecclesiam
1810 1754 1928 1796 Fratr
1941 1764 2006 1792 um
2025 1748 2190 1790 Ordinis
2206 1749 2347 1792 Mino·

1342 1826 1434 1854 rum
1462 1814 1499 1852 S·
1516 1810 1713 1853 francisci
1738 1808 2047 1862 Capucinorum
2092 1815 2347 1860 nuncupato-

1343 1883 1450 1920 rum,
1465 1867 1616 1925 Oppidi
1634 1866 1886 1916 Tarasconis‚
1904 1862 2196 1908 Avenionensis
2224 1863 2344 1907 Dioe-

1343 1930 1457 1977 cesis,
1471 1927 1522 1971 ad
1537 1940 1676 1982 quam,
1696 1934 1742 1969 ut
1757 1923 1958 1975 asseritur,
1973 1921 2207 1966 devotionis
2219 1918 2342 1966 caus&

1345 1999 1510 2041 magnus
1527 1984 1674 2039 Populi
1701 1982 1901 2025 christiani
1921 2010 1934 2032 ,
1965 1978 2238 2036 &prasertim
2267 1983 2347 2024 Pe-

1343 2043 1603 2095 regrinorum
1618 2038 1664 2081 fit
1677 2037 1952 2083 concursusnn
1971 2051 2226 2092 quocumque
2250 2035 2344 2079 anni

1339 2100 1408 2142 die
1422 2093 1574 2138 devote
1601 2094 1882 2143 visitaverint,
1911 2094 1951 2135 &
1969 2093 2025 2134 ibi
2043 2107 2116 2147 pro
2129 2093 2329 2136 Christia-

1346 2167 1490 2203 norum
1514 2153 1752 2211 Principum
1765 2152 2017 2201 concordia,
2045 2151 2231 2194 haeresum
2263 2166 2331 2194 ex.

1346 2213 1571 2270 tirpatione
1585 2239 1600 2263 ,
1613 2225 1660 2254 ac
1677 2214 1830 2255 Sanetae
1852 2209 1994 2254 Matris
2021 2210 2206 2253 Ecclefiae
2221 2210 2339 2254 exal-

1348 2273 1608 2326 tatione‚pias
1627 2270 1679 2312 ad
1697 2273 1828 2315 Deum
1842 2283 1983 2324 preces
2003 2268 2236 2322 effuderint,
2251 2271 2345 2327 ple-·

1347 2332 1517 2379 nariam,
1536 2329 1657 2377 semel
1671 2328 1828 2373 tantum
1843 2327 2033 2383 quolibet
2063 2341 2169 2370 anno
2195 2343 2269 2382 per
2290 2343 2342 2378 μ-

1355 2402 1654 2446 numquemque
1693 2384 2026 2430 Christifidelium
2084 2385 2345 2430 lucrifacien-

1351 2449 1646 2503 dam,omnium
1662 2455 1922 2501 peccatorum
1947 2441 2107 2488 suorum
2126 2442 2344 2501 indulgen·

1352 2509 1446 2555 tiam
1462 2538 1476 2562 ,
1498 2508 1538 2552 δι
1555 2505 1838 2554 remiffionem‚
1853 2502 2164 2550 misericorditer
2184 2504 2223 2546 in
2253 2506 2341 2548 Do-

1351 2569 1463 2612 mino
1488 2566 1780 2619 concedimusg,
1811 2561 2068 2620 praes'entibus
2095 2561 2145 2604 ad
2174 2561 2341 2618 septeni

1352 2628 1466 2674 nium
1481 2626 1638 2673 tantum
1653 2623 1839 2670 valituris
1854 2649 1864 2662 ·
1879 2621 2078 2666 Volumus
2107 2629 2260 2672 autem,
2276 2632 2341 2672 ut,

1356 2687 1382 2731 si
1413 2701 1485 2743 pro
1505 2683 1798 2742 impetratione
1810 2710 1826 2734 2
1838 2680 2144 2738 praesentatione
2157 2708 2174 2732 ‚
2198 2679 2344 2723 admis-

1356 2749 1464 2794 sione
1478 2774 1493 2797 s
1518 2744 1583 2791 seu
1600 2742 1878 2800 publicatione
1901 2737 2152 2797 praesentium
2169 2738 2341 2795 aliquid,

1357 2805 1427 2849 vel
1454 2803 1661 2850 minimum
1674 2800 1794 2845 detur
1815 2826 1831 2850 ,
1844 2799 1908 2842 vel
1926 2801 2067 2855 sponte
2081 2798 2266 2841 oblatum
2277 2811 2346 2841 re·

1352 2865 1531 2922 cipiatur
1549 2890 1564 2915 ,
1578 2862 1791 2920 praesentes
1808 2858 1928 2905 nullae
1944 2857 2020 2904 sint
2039 2883 2052 2897 .

1469 2924 1621 2965 Datum
1647 2922 1790 2965 Romae
1814 2916 1919 2974 apud
1957 2917 2143 2959 Sanctam
2169 2913 2341 2960 Mariam

1353 2981 1555 3038 Maiorem
1585 2979 1654 3022 sub
1679 2977 1848 3023 Annulo
1875 2974 2089 3020 Piscatoris
2117 2974 2185 3017 die
2217 2987 2341 3016 xxvi.

1354 3039 1495 3085 Martii
1514 3050 1715 3085 unccxni
1729 3051 1743 3084 1
1757 3049 1790 3079 ι.
1819 3030 2086 3079 Pontificatfis
2114 3033 2237 3076 nostri
2251 3035 2338 3079 An-

1354 3115 1410 3146 no
1424 3100 1549 3144 tertio
1563 3127 1576 3144 0

1356 3223 1482 3267 Breve
1491 3214 1720 3277 firmatum
1732 3219 1776 3260 tn
1795 3210 1917 3258 arch.
1938 3204 2154 3255 Conventffs
2165 3233 2180 3248 .

2089 3843 2247 3893 NOTA
2266 3872 2279 3885 .
