2612 4100
867 220 1486 308 Bretanniae.
2003 257 2157 342 103

187 358 425 417 bentibus,
462 360 554 427 quo
569 360 768 412 crebrius
782 358 906 414 fama
935 363 992 414 de
1004 365 1245 415 austeriore
1275 369 1488 415 Fratrum
1527 364 1621 415 vita
1638 399 1654 424 ,
1689 365 1864 434 pietatis
1897 374 2116 435 exemplis
2130 409 2146 430 ,
2178 371 2229 424 δι

187 430 442 480 animarum
458 432 559 480 zelo
578 434 776 503 Regium
797 433 1068 502 impleverat
1083 436 1299 485 thronum
1314 469 1328 484 .
1365 436 1521 487 Testes
1552 438 1682 500 hujus
1696 435 1797 487 sunt
1811 434 1941 486 sacrae
1959 441 2194 489 Miffiones
2209 478 2227 500 ,

189 510 297 566 quas
314 499 583 562 instituunt,
617 501 666 557 δι
686 519 878 569 quarum
891 502 1042 568 plures
1062 519 1147 569 pro
1163 506 1215 552 iis
1232 505 1459 571 privative
1487 525 1576 557 non
1603 506 1750 559 solum
1776 508 1822 557 in
1839 510 2112 564 Provincia.
2151 510 2227 559 sed

184 567 238 620 ὅ(
253 587 380 621 extra
398 589 498 622 eam
514 575 558 624 in
576 573 722 644 plagis
739 567 1011 630 infidelium,
1025 572 1238 623 videlicet
1256 576 1383 627 Siriae
1403 611 1418 632 ,
1457 576 1684 629 Palestinae
1701 614 1717 637 ‚
1753 579 1943 629 Guineae
1960 576 2051 629 ἃς.
2072 576 2230 627 funda·

185 651 254 688 tas
271 657 484 706 exercent
502 678 516 701 ‚
553 641 602 694 ἃ
628 639 946 693 administrant
963 675 977 689 .
1016 643 1360 695 commendant
1377 662 1483 695 eum
1503 646 1625 697 sacra
1644 647 1804 699 Rostra
1820 684 1835 705 ,
1871 651 1916 697 in
1931 648 2094 716 quibus
2113 652 2231 698 Ver-

186 707 298 759 bum
315 713 404 762 Dei
424 710 678 784 dispensant
690 711 740 764 ei
757 709 934 764 fruftfis
947 711 1082 764 laude
1100 747 1116 771 ,
1153 715 1267 762 utin
1287 711 1378 765 sola
1394 715 1675 767 Rhodonenfi
1695 721 1897 769 Civitate
1927 721 2123 785 quinque
2138 722 2229 768 Ca-

185 777 359 836 thedrae
381 783 690 834 Dominicales
727 780 930 851 ipsorum
958 799 1078 831 curae
1109 780 1195 833 fint
1211 781 1454 835 commiffae
1470 821 1483 834 .
1524 787 1658 835 Plura
1687 789 1786 837 loca
1813 788 1861 840 ὅ(
1895 788 2101 840 Ecclesiae
2129 792 2227 839 Ca-

184 849 410 903 thedrales
427 869 484 904 ex
501 850 620 904 fama
641 853 776 925 igniti
793 852 994 920 eloquii,
1030 869 1123 922 quo
1157 857 1333 905 Fratres
1362 856 1600 906 Britannos
1634 857 1803 923 pollere
1832 875 2050 910 noverant
2067 895 2083 917 ,
2118 859 2230 908 alle·

182 919 265 972 &ae
281 957 297 980 ,
332 939 389 972 ex
420 923 501 972 hac
516 924 757 974 Provincia
787 927 1018 974 Praecones
1033 948 1036 950 ·
1054 923 1353 995 quadragenae
1380 926 1657 992 poenitentiae
1689 927 1958 978 mutuarunt
1974 964 1988 977 .
2027 927 2228 979 Resonat

182 991 330 1042 adhuc
361 993 408 1040 in
424 991 551 1041 Echo
566 992 713 1043 laudis
731 990 999 1061 Apostolica
1014 1011 1105 1044 vox
1124 1029 1140 1051 ,
1178 994 1269 1064 qua
1304 998 1396 1044 FF.
1410 996 1629 1046 Clemens
1649 997 1966 1047 Maelovienfis
1983 1032 2000 1055 ,
2040 1003 2235 1048 Bernar··

180 1061 265 1111 dus
285 1059 526 1111 Niduanus
543 1095 560 1118 ,
594 1063 824 1113 Antonius
845 1061 1156 1115 Rhedonenfis
1171 1067 1263 1116 (irc.
1293 1066 1466 1133 populo
1497 1068 1734 1117 veritatem
1756 1069 1994 1137 Evangelii
2019 1069 2076 1117 de
2104 1067 2230 1117 sacro

179 1128 435 1200 vulgali-unt
467 1128 678 1201 suggestu
694 1168 707 1182 .
750 1137 993 1201 Reperitur
1015 1135 1163 1184 adhuc
1190 1152 1355 1186 nomen
1386 1134 1655 1205 Fr.Josephi
1672 1136 1876 1187 aMonte
1895 1138 2047 1186 relaxo
2062 1139 2108 1187 in
2123 1142 2228 1187 Ma·

178 1203 344 1253 tricula
361 1201 567 1254 Eccleliae
576 1203 864 1255 cathedralis
883 1203 1130 1259 Parifienfis
1146 1207 1260 1257 inter
1271 1207 1529 1258 Canonicos
1548 1208 1834 1260 Honorarios
1852 1204 2090 1275 scriptum,
2117 1208 2227 1256 cum

181 1273 287 1324 bina
302 1273 408 1322 vice
424 1271 545 1323 sacra
560 1274 693 1336 hujus
706 1277 970 1342 penetralia,
983 1274 1193 1339 facundia
1205 1275 1443 1337 sermonis,
1459 1275 1507 1328 ὅ(
1524 1275 1684 1347 spiritu
1698 1279 1801 1337 zeli,
1812 1277 2060 1346 praedicans
2073 1277 2222 1345 bapti-v

180 1342 334 1396 smum
354 1345 630 1409 poenitentiae
647 1347 905 1412 impleverit
922 1382 936 1398 .

319 1415 427 1463 Plus
439 1415 624 1474 mirari,
660 1417 798 1483 quam
818 1415 1043 1487 recensere
1055 1417 1200 1470 debeo
1217 1418 1449 1470 charitatis
1465 1419 1674 1486 exempla
1703 1435 1799 1486 quae
1829 1416 1943 1467 dum
1972 1417 2017 1466 in
2031 1415 2128 1466 aliis
2146 1412 2224 1464 sae·

184 1482 339 1534 viente
352 1482 472 1551 peste
490 1481 700 1555 refriguit
714 1522 731 1545 ,
769 1488 813 1535 in
831 1489 1064 1539 Fratribus
1080 1492 1143 1539 ita
1158 1491 1326 1549 caluit,
1364 1505 1415 1540 ut
1428 1503 1568 1558 gratae
1584 1488 1739 1539 laudes
1757 1489 1903 1538 adhuc
1918 1505 1999 1557 per
2017 1490 2230 1547 Alrajen-

182 1549 251 1602 ses
269 1589 286 1612 ,
322 1554 738 1606 Monterelaxenses
756 1592 772 1615 ,
809 1558 1138 1611 Meduanenses
1151 1596 1167 1619 ,
1204 1560 1490 1613 Lavellenses
1507 1558 1598 1611 ἃς.
1617 1556 1985 1627 percrebrescant
2007 1557 2122 1607 aedes
2136 1554 2229 1606 ἃς.

322 1626 432 1674 Non
448 1638 602 1675 autem
619 1628 680 1676 ita
694 1625 774 1677 fibi
791 1625 871 1679 soli
888 1630 1018 1694 hujus
1036 1633 1223 1682 virtutis
1242 1630 1425 1683 laudem
1444 1629 1656 1699 usurpat,
1691 1631 1803 1697 quin
1817 1628 1866 1680 δι
1881 1643 2059 1698 partem
2084 1624 2231 1677 refun-

179 1691 260 1743 dat
281 1693 325 1742 in
341 1693 512 1745 nobiles
532 1697 629 1746 illas
648 1699 858 1750 Familias
872 1736 888 1759 ,
922 1701 949 1750 a
964 1700 1124 1769 quibns
1139 1702 1315 1770 prolem
1332 1716 1565 1771 receptam
1583 1736 1600 1760 ,
1637 1700 1695 1750 ad
1708 1701 1891 1751 virtutis
1907 1696 2231 1769 perfeflionem

180 1761 418 1823 educavit,
459 1763 507 1817 ὅ(
521 1762 716 1831 quarum
733 1767 964 1834 sequentes
993 1773 1112 1820 inter
1140 1773 1359 1837 plurimas
1382 1771 1606 1828 recenseo,
1615 1771 1673 1819 de
1691 1774 1740 1820 S.
1755 1770 1909 1821 Bedan
1923 1804 1941 1825 ,
1976 1769 2040 1818 du
2058 1773 2234 1832 Bourg-

181 1831 314 1880 blanc
331 1866 347 1889 ,
381 1832 437 1881 de
457 1834 498 1881 la
517 1837 727 1882 Breniere
745 1869 760 1891 ‚
797 1837 854 1883 de
873 1838 1145 1904 Brequigny
1162 1873 1178 1894 ‚
1213 1839 1271 1886 de
1286 1843 1407 1886 Bruc
1421 1871 1437 1894 ,
1474 1839 1590 1886 dela
1604 1840 1817 1898 BunelaJ‘e
1834 1871 1850 1894 ,
1886 1837 1942 1885 de
1970 1834 2233 1884 Becdeliev-

182 1918 231 1950 re
247 1936 264 1959 ,
297 1899 352 1950 de
370 1904 559 1969 Carpon
575 1937 591 1960 ,
628 1899 822 1954 chefde
840 1907 990 1954 Viller
1004 1905 1068 1954 du
1087 1904 1323 1974 Guaspern
1339 1940 1354 1964 ,
1395 1907 1460 1956 du
1489 1906 1627 1956 Clieu
1640 1940 1656 1964 ,
1693 1904 1749 1954 de
1777 1906 2034 1971 Coetloury
2051 1939 2067 1961 ,
2104 1906 2224 1953 Coa-

181 1973 314 2021 tallio
332 1969 389 2019 de
409 1973 617 2037 Togott,
654 1972 718 2020 du
737 1975 900 2021 Cotier
916 2008 932 2029 ,
969 1978 1156 2022 Cretien
1174 1977 1230 2021 de
1245 1978 1463 2023 Pomorio
1481 2009 1498 2030 ,
1534 1974 1590 2022 de
1607 1977 1778 2023 Derval
1793 2010 1809 2031 ,
1846 1977 2015 2043 Gegon
2041 1974 2097 2022 de
2114 1975 2231 2022 Tre·

178 2051 348 2094 mour,
380 2039 561 2087 Gentill
579 2036 636 2083 de
653 2041 700 2084 S.
722 2039 871 2084 Gilles
888 2070 903 2091 ,
940 2038 995 2083 de
1010 2040 1151 2087 Kallo
1169 2071 1186 2094 ,
1221 2040 1278 2084 de
1306 2041 1564 2106 Kergariou
1598 2041 1655 2087 de
1680 2043 1996 2107 Portempart,
2032 2045 2090 2089 de
2121 2043 2232 2091 Ker-

180 2108 329 2158 melec
347 2108 564 2158 Kerovan
579 2102 719 2154 Mahe
737 2138 754 2162 ,
790 2104 846 2153 de
863 2105 1181 2158 Kervenozael
1200 2141 1218 2165 ,
1251 2105 1316 2155 du
1334 2105 1534 2159 Haffont
1546 2142 1563 2167 ,
1598 2107 1662 2157 du
1682 2110 1822 2158 Lezar
1838 2143 1853 2167 ,
1888 2111 1928 2158 le
1940 2112 2142 2159 Mentier
2171 2110 2230 2159 de

177 2179 235 2228 la·
254 2179 411 2228 Motte
443 2173 559 2225 basse
576 2209 591 2233 ,
628 2174 685 2226 de
710 2172 1021 2234 Mentier-ant,
1057 2175 1115 2226 de
1149 2179 1193 2225 la
1222 2178 1486 2241 Morandaje
1502 2212 1518 2237 ‚
1553 2177 1610 2227 de
1639 2179 1682 2227 la
1710 2181 1868 2228 Morte
1902 2195 2116 2237 varuert‚
2151 2180 2230 2229 des

178 2247 425 2305 Planches,
464 2247 631 2296 Pontin
645 2281 660 2305 ,
696 2244 759 2294 du
778 2248 946 2296 Preron
965 2281 980 2304 ,
1016 2245 1131 2296 dela
1147 2247 1371 2300 RocheS.
1390 2245 1546 2298 Andr&
1560 2284 1577 2306 ‚
1614 2249 1655 2299 le
1669 2263 1814 2318 rouge
1827 2248 1884 2300 de
1898 2251 2125 2299 Marhalla
2144 2249 2228 2308 ‚de

175 2319 221 2369 la
240 2319 361 2369 Salle
377 2321 564 2384 Launay
586 2351 601 2375 ‚
637 2315 746 2367 dela
761 2317 976 2380 Saudraje
993 2316 1187 2367 denizon
1206 2352 1222 2374 ,
1258 2315 1315 2366 de
1344 2318 1386 2366 la
1407 2319 1591 2369 Villeon
1619 2319 1697 2367 des
1712 2321 1894 2369 Marciz
1929 2319 1986 2368 de
2012 2322 2057 2370 la
2074 2322 2229 2370 ville..-

170 2386 267 2453 'joss
285 2387 376 2439 διο.
413 2388 634 2439 Peculiari
665 2400 771 2436 nota
801 2386 939 2457 digna
962 2385 1028 2436 est
1057 2384 1241 2436 illustris
1255 2388 1448 2438 Familia
1465 2387 1527 2436 du
1546 2391 1634 2437 Fos
1653 2389 1830 2452 Keraly
1845 2422 1880 2446 ,.
1898 2388 2011 2438 dum
2030 2403 2228 2456 quatuor

177 2462 358 2509 Fratres
372 2494 389 2518 ,
425 2474 622 2526 quorum
639 2458 812 2526 primus
844 2461 889 2507 in
910 2472 1075 2527 magna
1092 2456 1334 2507 Britanniae
1354 2455 1500 2506 Curia
1520 2454 1846 2507 Confiliarium
1876 2458 2003 2524 prius
2034 2473 2192 2526 egerat
2207 2494 2224 2517 ,

176 2530 430 2581 Provinciae
447 2528 575 2579 dedit
590 2565 607 2588 ,
642 2527 849 2581 destrinxi
870 2563 886 2586 ,
919 2526 969 2579 ὅ(
985 2529 1158 2578 virtute
1178 2523 1285 2575 vere
1306 2522 1529 2597 insignes:
1566 2527 1760 2577 Familia
1786 2540 1972 2575 econtra
1989 2529 2224 2576 Marchio-

179 2618 293 2651 num
312 2598 371 2650 de
390 2599 678 2651 Montauden
695 2616 785 2649 non
801 2597 954 2650 solum
972 2595 1189 2649 Ecclefias
1201 2596 1403 2662 plurium
1416 2600 1747 2646 Conventuum
1775 2593 1900 2646 sacra*⁴
1914 2593 2223 2664 supellectile..

176 2672 450 2731 exornavit,
490 2668 565 2720 sed
584 2666 872 2736 semetipsam
902 2668 1147 2719 exinanivit
1180 2667 1225 2715 in
1254 2666 1520 2737 Fr.J0anne
1547 2663 1819 2726 Francisco,
1854 2665 1967 2718 dum
1998 2683 2103 2715 eum
2127 2664 2218 2715 suae

174 2743 323 2810 gentis
334 2742 556 2790 ultimum
567 2776 584 2799 ,
600 2737 967 2792 D.P.Francisco
981 2737 1150 2787 dicavit
1166 2771 1181 2785 .
2115 2728 2129 2740 ⁸

317 2809 560 2876 Qantum
585 2809 764 2858 decoris
794 2807 1044 2857 Provinciae
1072 2806 1283 2856 nobilitas
1308 2804 1508 2875 suscepta
1538 2806 1696 2856 adiicit
1713 2842 1745 2865 ,-
1766 2805 1946 2857 tantum
1967 2804 2218 2872 splendoris

179 2881 422 2932 Provincia
441 2874 648 2929 Ecclefiae
662 2878 818 2927 attulit
833 2912 849 2936 ,
886 2874 1000 2927 dum
1034 2879 1074 2926 ei
1092 2880 1287 2928 Servum
1307 2879 1389 2927 Dei
1409 2913 1426 2935 ,
1463 2878 1537 2924 Fr.
1557 2876 1820 2926 Caffianum
1851 2874 2186 2926 Nannetensem
2202 2911 2219 2933 ‚

180 2953 442 3017 Martyrem
459 2984 475 3008 ,
513 2951 591 2999 Fr.
608 2948 914 2999 Timotheum
939 2947 965 2997 a
984 2948 1162 3006 Flexia,
1202 2946 1475 3016 Episcopum
1497 2945 1768 2995 Beritensem
1781 2981 1798 3003 ,
1830 2949 1906 2995 Fr:
1927 2947 2217 2994 Dorotheum

178 3021 208 3070 ὲ
227 3025 275 3072 S.
292 3022 520 3071 Trinitate
537 3055 553 3078 ,
587 3037 640 3068 ac
653 3022 728 3071 Fr.
745 3017 1045 3070 Ambrosium
1064 3014 1407 3068 Rhedonensem
1422 3054 1437 3076 ,
1476 3015 1749 3083 Apostolicae
1766 3015 1893 3065 Sedis
1909 3014 2149 3081 deputatos
2165 3016 2213 3064 in

181 3089 405 3144 Palestind
422 3089 550 3141 dedit
562 3125 574 3140 .
597 3089 800 3140 Eandem
819 3091 904 3139 Dei
924 3086 1167 3140 Ecclefiam
1183 3091 1335 3158 plures
1350 3090 1482 3152 hujus
1498 3087 1748 3137 Provinciae
1762 3083 2051 3136 Confeffores
2067 3120 2083 3142 ,
2101 3102 2213 3150 quos

173 3166 308 3219 ‚Deus
322 3163 512 3213 vocavit
526 3163 571 3210 in
589 3176 764 3228 partem
781 3158 912 3209 sortis
928 3158 1200 3210 Sanstorum
1215 3196 1230 3218 ,
1267 3158 1540 3227 &implevit
1563 3157 1794 3226 agnitione
1818 3157 2071 3205 voluntatis
2097 3154 2182 3205 suae
2198 3190 2213 3213 ,

179 3231 517 3301 multiplicisua
532 3233 705 3282 virtute
726 3229 1008 3281 illustrarunt
1023 3265 1042 3280 ..
1076 3235 1151 3280 Fr.
1170 3230 1440 3281 Timotheus
1466 3227 1488 3275 a
1508 3228 1742 3276 Meduano
1757 3261 1773 3284 ,
1809 3224 1939 3275 dives
1963 3223 2108 3275 faetus
2127 3227 2212 3274 in..

181 3305 329 3371 gratia
344 3305 429 3354 Dei
447 3338 462 3361 ‚
497 3321 595 3369 quae
607 3301 713 3352 data
729 3299 789 3350 est
807 3303 852 3350 in
872 3297 1174 3369 ChristoJesu
1187 3302 1315 3350 omni
1335 3298 1471 3348 verbo
1491 3295 1539 3348 ὅ(
1552 3296 1732 3346 scientia
1747 3331 1765 3353 ,
1792 3293 1925 3346 saluti
1940 3298 2211 3351 animarum,

184 3371 235 3423 ὅ(
248 3388 473 3441 aegrorum
492 3371 652 3422 solatio
668 3370 868 3440 impenso
884 3369 1087 3421 incubuit
1100 3370 1245 3420 studio
1263 3405 1279 3427 ,
1315 3372 1376 3418 ita
1393 3402 1409 3426 ,
1449 3380 1499 3416 ut
1511 3366 1658 3417 adhuc
1673 3365 1808 3416 hodie
1823 3367 1870 3416 in
1891 3367 2097 3416 Civitate
2110 3368 2211 3412 Me-

183 3440 395 3492 duanenli
408 3444 626 3492 memoria
643 3443 821 3511 pietatis
839 3440 1060 3491 virescat:
1097 3442 1247 3508 plures
1269 3438 1503 3507 postquam
1534 3437 1580 3486 in
1605 3436 1802 3486 caecitate
1829 3435 1979 3485 cordis
2003 3436 2030 3483 a
2057 3433 2208 3482 salutis

183 3512 263 3561 via
288 3510 541 3562 aberrantes
565 3512 623 3562 ad
651 3513 828 3563 semitas
859 3511 1001 3562 tetstas
1029 3507 1300 3568 reduxisset,
1336 3525 1476 3558 caecus
1506 3504 1555 3557 ὅτ
1581 3504 1672 3574 ipse
1702 3504 1842 3555 faRus
1859 3541 1876 3562 ,
1913 3506 1938 3553 a
1957 3509 2058 3554 Deo
2088 3502 2209 3551 obti-

184 3582 313 3638 nuit,
350 3595 402 3631 ut
425 3581 571 3631 adhuc
589 3599 667 3650 per
687 3580 763 3631 sex
774 3599 913 3632 annos
928 3617 944 3640 ‚
979 3595 1176 3631 mortem
1192 3583 1284 3640 ejus
1299 3577 1595 3648 praecedentes
1612 3611 1627 3634 ,
1655 3574 1834 3626 tantum
1852 3575 2029 3623 luminis
2051 3573 2206 3638 acqui-

186 3650 377 3709 fiverit,
410 3651 628 3715 quantum
658 3651 716 3702 ad
748 3651 1063 3704 celebrandam
1086 3650 1296 3702 Sane'lam
1324 3644 1507 3700 Missam
1534 3682 1552 3706 ,
1599 3647 1625 3695 a
1652 3664 1739 3713 qua
1761 3643 1977 3694 abstinere
2022 3642 2206 3691 coactus

187 3735 311 3781 erat,
336 3718 564 3772 sufficeret
579 3721 672 3772 ἃς.
757 3718 759 3720 ’

323 3796 401 3876 Fr.
418 3793 572 3844 Alexii
586 3792 611 3840 a
626 3790 838 3844 Dinanno
857 3794 1108 3862 operariam
1128 3791 1349 3844 virtutem
1368 3793 1492 3840 Deus
1508 3786 1637 3838 donis
1654 3785 1807 3854 gratiae
1831 3781 1880 3835 ὅ(
1897 3777 2203 3893 prodigigfifu·
