2638 4088
372 197 539 306 360
1043 195 1653 278 Provincia

437 337 699 376 aemam-dum
722 348 838 376 autem
864 333 1099 385 Illustriffirnus
1114 333 1265 382 speciali
1289 334 1382 370 modo
1411 333 1583 371 Patribus
1612 332 1815 372 Carmelitis
1834 335 1961 384 favere
1985 335 2122 374 nititur
2135 363 2148 383 ,
2162 340 2216 377 ita
2238 339 2370 379 Deera

292 384 330 425 fo
359 397 399 424 re
414 389 584 426 elationis
607 388 800 437 praelim,
816 385 906 433 ficut
930 384 974 424 &⁶
999 382 1228 432 commiffionis
1253 383 1297 419 ab
1323 382 1437 420 eodem
1463 383 1577 419 Sacra
1604 383 1882 431 Congregationc
1905 384 1952 420 ad
1979 384 2066 421 Eum
2090 387 2292 431 direfiae‚iu
2311 391 2370 427 de-

293 435 370 475 bita
391 436 508 485 forma
539 436 594 474 illi
620 438 664 476 ab
691 434 903 472 Oratoribus
925 431 1129 480 praesemato
1144 455 1157 475 ,
1184 442 1356 480 quatenus
1379 433 1485 483 Juxta
1509 433 1718 479 exigentiam
1736 431 1904 482 justitia,
1930 432 1974 474 ὡ·
1997 436 2252 473 venerationem
2275 439 2370 475 Emi.

296 485 434 524 :tentiis
460 483 588 535 Vestris
603 485 782 525 debitam,
799 479 889 516 illud
912 481 1109 517 executioni
1134 479 1216 522 dari
1239 481 1446 524 mandaret,
1465 480 1697 529 precipiendo
1723 482 1894 523 Patribus
1927 481 2127 521 carmelitis
2148 483 2252 522 relati
2277 486 2369 535 Hos-

289 533 378 585 pitii
409 535 644 573 redufttonem
672 557 684 572 ,
704 531 810 579 juxta
828 529 979 578 formam
1007 530 1046 564 in
1073 529 1227 567 Decreta
1251 529 1430 579 expreffizm
1459 553 1472 572 ,
1501 529 1661 581 supremo
1690 529 1968 569 Eminentiarum
2000 527 2198 582 Vestrarum
2223 533 2369 577 ordini,

295 582 393 635 quasi
417 584 540 623 taliter
567 581 743 617 contraire
770 578 888 615 voluit
902 601 913 613 .
943 575 1006 615 Ne
1033 577 1114 614 vero
1143 576 1369 629 transgreffor
1395 585 1605 626 compareret
1629 602 1643 623 ,
1669 579 1712 620 ἐν
1738 580 1848 616 eodem
1876 587 2023 628 tempore
2045 580 2239 629 occafionem
2264 580 2372 620 alteri

293 634 447 684 petitam
474 629 617 671 Decreti
642 628 874 665 executionem
897 626 1164 671 committendi,
1192 627 1236 668 ὼ·
1261 630 1307 664 aa
1327 626 1476 678 effitiium
1499 626 1696 664 deducendi
1715 628 1988 677 praefiinderet,
2014 628 2128 666 edidit
2151 629 2343 668 Decretum
2358 654 2374 677 ,

299 693 367 732 quo
392 680 589 721 declaravit
614 687 662 714 Ξ
689 678 801 724 Qd
825 686 1048 724 acceptaret,
1065 675 1101 712 8<
1133 686 1292 722 acceptet
1318 675 1593 724 jurisdictionem
1618 677 1653 713 8<
1669 677 1865 714 facultatem
1878 678 2146 724 Apostolicam,
2162 677 2258 716 sibi&
2280 691 2369 727 pm·

295 730 389 770 dieta
421 733 524 769 Sacra
551 725 842 771 congregatione
865 723 1052 762 concessam
1071 746 1080 758 ·
1106 734 1154 762 Ξ
1181 725 1227 762 Et
1253 724 1298 761 ad
1323 725 1553 763 intentionem
1568 725 1671 774 suam
1685 750 1698 769 ,
1725 737 1794 762 non
1821 725 2011 774 exequendi
2035 725 2160 763 difflant
2186 728 2368 777 resolutio-

301 791 379 817 nem
394 802 407 824 ,
421 775 569 828 speciose
593 774 775 823 tegendam
786 774 971 824 subjunxit
994 784 1044 811 ἰ
1071 774 1402 825 Qd,antequam
1425 775 1466 811 ad
1491 775 1733 815 executionem
1753 774 1851 822 supra
1877 775 2046 811 nominati
2070 775 2247 824 Rescripti
2262 777 2366 814 trans·

296 840 354 868 eat
371 853 383 873 ‚
409 825 626 865 necessarium
653 835 731 860 cum
759 825 833 862 Sua
860 822 1055 865 Sani-litate
1079 818 1268 859 Benedicto
1302 823 1437 868 xlv„
1465 823 1501 859 8(
1529 822 1666 869 praefata
1699 825 1804 860 Sacra
1829 824 2121 869 Congregatione
2144 825 2287 862 tractare
2309 825 2368 863 de·

295 880 408 921 beat,
436 884 604 922 quatenus
630 873 735 909 hocce
763 873 870 909 modo
896 873 1021 909 melitis
1056 872 1225 919 obsequio
1256 871 1346 913 Dei,
1377 873 1412 909 8<
1443 873 1576 910 Summi
1607 873 1815 918 pontificis,
1848 872 1883 909 &
1911 872 2009 920 poci,
2033 885 2074 909 ac
2100 873 2215 920 quieti
2248 873 2366 910 dieto-

296 938 374 963 rum
406 925 474 962 1²1².
501 921 765 969 Capucinorum
797 945 809 966 ,
834 922 868 958 8<
894 920 1160 958 Carmelitarum
1181 919 1331 968 antiquat
1352 921 1592 958 Observantiae
1616 922 1845 966 consulatur,
1868 922 1903 958 &
1928 921 2061 958 interim
2092 923 2274 959 memorati
2295 923 2368 960 Re-

297 974 418 1021 scripti
442 972 613 1014 executio
630 997 640 1013 ,
667 972 702 1009 &
731 971 922 1008 commiffio
948 970 1176 1017 suspendatur
1201 981 1250 1011 z
1279 969 1345 1005 lmo
1366 971 1559 1018 pracepit,
1582 981 1626 1006 ne
1650 969 1797 1020 amplius
1823 972 1862 1006 in
1881 970 1941 1007 boc
1968 972 2103 1019 negotio
2130 969 2151 1007 ei
2174 970 2271 1008 nulla
2281 979 2367 1020 par·

300 1025 390 1062 tium
405 1047 418 1063 ,
447 1017 603 1070 intereffe
623 1022 662 1056 in
689 1030 726 1056 eo
760 1018 962 1057 habentium
979 1018 1162 1068 scriptura
1189 1018 1402 1055 admittatur
1417 1043 1430 1063 ‚
1452 1027 1559 1066 prout
1586 1028 1698 1055 totum
1719 1021 1760 1056 in
1785 1019 1866 1056 attis
1889 1019 2041 1069 publicis
2056 1021 2095 1056 in
2107 1020 2268 1068 prasenti
2274 1021 2371 1068 sum·

298 1073 409 1110 mario
436 1081 528 1108 num.
547 1082 578 1107 1.
603 1067 823 1119 regislratis,
847 1069 891 1112 ὼ·
917 1066 1143 1118 originaliter
1168 1068 1208 1103 in
1235 1078 1357 1105 manus
1384 1067 1645 1118 Eminentiffimi
1672 1069 1828 1106 Domini
1853 1067 2058 1108 Cardinalis
2083 1069 2255 1109 Ponentis
2274 1068 2369 1108 datis

298 1122 330 1158 le
354 1123 431 1159 itur
445 1147 455 1157 .
2195 1137 2198 1140 ·

326 1135 353 1171 g
405 1169 470 1207 Ad
494 1169 586 1206 hunc
604 1168 793 1220 speciosum
818 1168 952 1209 modum
977 1168 1037 1207 abs
1066 1166 1280 1218 Illustriffimo
1303 1167 1464 1207 ‘Domino
1491 1168 1524 1205 Ε
1545 1167 1650 1217 iscopo
1663 1167 1850 1218 servatum
1866 1191 1879 1213 ,
1898 1167 2070 1207 Oratores
2094 1169 2208 1205 variis
2232 1169 2372 1206 vicibus

298 1229 364 1271 per
389 1230 495 1255 novas
522 1217 706 1267 instantias
732 1218 860 1256 iterato
886 1218 931 1255 Ei
956 1217 1177 1266 praefintatas
1202 1216 1393 1257 reclamare
1422 1226 1500 1259 tent
1524 1228 1612 1254 runt
1639 1245 1650 1259 ,
1674 1220 1761 1266 quin
1789 1218 1838 1255 hae
1855 1218 1999 1267 fuerint
2023 1225 2204 1266 acceptata
2229 1241 2242 1261 ‚
2265 1226 2373 1266 prout

303 1280 346 1307 ex
368 1268 594 1306 Documentit
617 1267 698 1303 aliis
720 1268 760 1303 in
778 1267 940 1316 praesent'i
963 1267 1161 1305 Summario
1188 1277 1284 1302 num.
1305 1276 1338 1301 2.
1363 1265 1406 1308 &⁶
1436 1277 1465 1312 3.
1484 1265 1676 1316 registratis
1691 1291 1705 1312 ‚
1719 1268 1762 1310 &¹
1778 1266 2002 1315 originaliter
2021 1265 2284 1314 Eminentiffimo
2299 1265 2373 1303 Do-

304 1319 397 1355 mino
426 1315 616 1355 Cardinali
645 1317 796 1355 Ponenti
822 1316 968 1354 traditis
994 1324 1138 1366 apparet
1152 1339 1163 1352 .
1190 1314 1416 1365 Quapropter
1442 1314 1613 1352 Oratores
1638 1317 1730 1352 omni
1744 1315 1806 1365 spe
1835 1316 1986 1354 debitam
2012 1315 2128 1353 relata
2151 1314 2374 1362 resolutionis

305 1367 349 1403 ab
378 1365 440 1403 hac
464 1366 578 1404 Sacra
602 1365 880 1414 Congregatione
905 1375 1068 1403 emanatae
1094 1366 1326 1402 executionem
1351 1364 1411 1401 abs
1441 1362 1656 1451 Illustrciffimo
1682 1363 1828 1401 Domino
1849 1364 2007 1414 Episcopo
2033 1364 2215 1402 obtinendi
2231 1363 2272 1412 se
2294 1364 2375 1412 pri·

308 1425 436 1458 vatos,
461 1414 505 1455 ὠ·
530 1424 572 1450 ex
594 1413 668 1450 alia
686 1421 790 1462 parte
815 1413 837 1455 ὰ
860 1416 1023 1456 continuo
1047 1413 1252 1463 prejudicio
1269 1412 1310 1454 ‚a
1337 1413 1509 1451 Patribus
1569 1411 1740 1450 armelitis
1763 1411 1886 1457 illato,
1911 1414 1954 1456 ῤ’
1979 1415 2019 1450 in
2044 1413 2236 1463 discufflone
2261 1412 2372 1461 causa

304 1466 344 1500 in
377 1462 441 1499 hac
468 1463 582 1500 Sacra
611 1463 887 1512 Congregatione
905 1464 1000 1511 fas-ia
1023 1488 1034 1505 ‚
1056 1462 1158 1510 plane
1187 1463 1324 1510 cognito
1356 1462 1396 1510 se
1417 1462 1551 1512 semper
1577 1463 1686 1510 magis
1707 1472 1920 1511 aggravatos
1945 1464 2162 1511 agnoscentes
2187 1487 2201 1507 ,
2228 1462 2371 1499 noviter

301 1512 348 1549 ad
374 1512 592 1550 Eminentius
615 1509 752 1561 Vestras
767 1522 958 1550 recurrunt
976 1511 1178 1554 ‚humiliter
1185 1510 1443 1561 supplicanter,
1459 1520 1632 1568 quatenus
1652 1510 1748 1547 lllt'tio
1763 1512 1908 1549 Domino
1928 1511 2084 1561 Episcopo
2109 1510 2260 1561 express?
2276 1521 2373 1547 man-

304 1561 420 1607 dare,
444 1570 485 1598 ut
510 1561 584 1610 siue
610 1560 720 1609 ampla
745 1563 939 1610 exceptione
968 1562 1011 1605 ὼ·
1035 1573 1129 1598 mora
1150 1560 1389 1610 resolutionem
1414 1561 1520 1610 hujus
1544 1561 1663 1599 Sacra
1687 1561 1975 1612 congregationis
1991 1570 2184 1609 exequatur
2199 1584 2212 1604 ,
2238 1568 2301 1596 aut
2326 1559 2373 1596 ad

307 1609 497 1648 tollendum
518 1621 614 1646 omne
641 1610 848 1660 obstaculum
876 1609 1089 1660 Illustriffimo
1119 1610 1267 1648 Domino
1294 1608 1440 1649 Nuntio
1465 1609 1648 1658 Hispaniae
1662 1610 1896 1647 executionem
1919 1611 2130 1648 committere
2154 1609 2374 1657 dignentur.

306 1655 408 1699 Nam
433 1667 475 1694 ex
500 1657 559 1693 hoc
585 1682 598 1702 ,
622 1661 677 1694 uti
697 1667 760 1706 per
783 1661 1032 1705 experientiam
1055 1667 1261 1707 compertum
1289 1659 1332 1709 esi
1359 1684 1372 1704 ,
1398 1658 1490 1708 quod
1517 1657 1636 1695 lllr'rius
1657 1658 1829 1696 Dominus
1854 1657 1886 1694 Ε
1906 1658 2037 1708 iscopus
2060 1681 2073 1702 ,
2094 1658 2153 1694 cui
2179 1657 2200 1693 ὰ
2227 1659 2376 1699 Sacra.)

311 1706 591 1755 Congregatione
613 1709 766 1746 executio
790 1707 885 1746 ditia
903 1709 976 1757 sua
1017 1708 1236 1757 resolutionis
1262 1709 1302 1744 in
1337 1708 1439 1757 causa
1466 1707 1630 1757 propofita
1658 1732 1673 1752 ,
1697 1707 1740 1750 ὡ·
1763 1707 1808 1743 ab
1826 1708 1862 1756 ip
1879 1719 1900 1743 a
1927 1708 2042 1746 Sacra
2069 1706 2372 1754 Congregatione,

301 1755 486 1795 Partibus
510 1754 646 1790 eruditis
673 1758 873 1792 examinata
888 1782 900 1798 ,
925 1766 1030 1805 capta
1046 1758 1126 1806 fuit
1149 1758 1267 1793 commi
1293 1768 1335 1800 a,
1367 1757 1458 1793 hanc
1484 1754 1674 1804 adimplere
1698 1757 1846 1798 renuit,
1872 1754 1965 1793 clari
1990 1764 2088 1806 patet
2107 1781 2118 1798 ,
2144 1754 2235 1804 quod
2258 1755 2376 1793 Sacra

310 1803 546 1852 Congregatio
569 1802 692 1840 difflam
715 1805 962 1852 commistionem
987 1805 1052 1840 alii
1068 1805 1220 1853 subjefiio
1267 1816 1329 1841 are
1350 1804 1472 1841 debeat
1501 1829 1513 1846 ‚
1535 1816 1612 1845 cum
1637 1805 1681 1839 ab
1704 1805 1857 1840 arbitrio
1883 1804 1949 1852 Epi
1965 1812 2121 1852 coporum
2159 1802 2382 1852 dependere»

304 1864 373 1891 non
397 1851 519 1888 debeat
536 1878 544 1890 ,
562 1850 724 1901 suprema
750 1854 868 1889 Sacra
894 1853 1188 1900 Congregationis
1208 1850 1298 1903 juffa
1327 1851 1467 1889 eludere
1491 1874 1504 1895 ,
1531 1861 1596 1890 aut
1620 1853 1855 1889 executionem
1886 1852 1919 1888 'u
1947 1863 2045 1890 arum
2074 1851 2118 1894 ὼ·
2134 1851 2379 1900 supremarum

301 1901 551 1952 resolutionum
578 1900 762 1939 retardare
790 1926 803 1945 ‚
845 1901 1127 1949 quemadmodum
1155 1901 1343 1959 Imperator
1370 1899 1599 1951 Justinianus
1624 1909 1737 1938 monet
1759 1925 1773 1945 ,
1803 1901 1840 1937 L.
1868 1865 2152 1941 gonfinus-ones
2177 1899 2272 1937 eod.
2297 1900 2386 1937 du

301 1952 370 2001 jur.
388 1952 424 1988 &
455 1950 536 1987 fact.
563 1951 679 1995 ignor.
703 1962 753 1987 z
777 1950 1061 1988 Constitutiones
1096 1951 1293 1999 princ-pum
1331 1963 1395 1987 nec
1430 1952 1590 1996 ignorare
1614 1960 1824 1998 quemquam
1847 1973 1860 1995 ,
1885 1961 1946 1990 nec
1974 1949 2180 1988 diffimulare
2207 1947 2380 1996 permitti·-

306 2014 380 2041 mus
399 2026 409 2039 ·
435 2012 484 2040 r:
511 2000 668 2050 Cumque
692 2001 805 2038 Sacra
839 2001 1072 2050 Congregatio
1098 2000 1208 2049 ipsum
1231 2001 1410 2038 Summum
1437 1998 1640 2047 Pontificem
1668 1999 1887 2055 repraesentet
1908 2024 1922 2046 ,
1946 2000 1991 2047 ὼ·
2021 2000 2060 2036 in
2077 1996 2156 2049 suis
2175 1996 2382 2065 commiffioa·

306 2051 413 2088 nibus
438 2051 482 2092 (ἓν
506 2049 690 2087 ordinibus
716 2049 925 2099 eApostolica
962 2050 1126 2099 procedat
1148 2049 1372 2088 Aut‘toritate
1399 2073 1413 2094 ,
1452 2049 1489 2087 eo
1512 2051 1662 2100 gravior
1688 2050 1733 2091 ὼ·
1752 2049 2044 2096 reprehenfibilior
2061 2048 2196 2098 semper
2225 2048 2296 2084 erit
2325 2057 2382 2085 eo-

307 2111 387 2137 rum
413 2098 626 2148 transgreffio
656 2124 667 2141 ‚
694 2099 750 2137 uti
775 2099 921 2147 legimus
952 2100 1040 2147 Cap.
1070 2111 1088 2146 3
1129 2099 1172 2136 de
1204 2111 1289 2135 nov.
1313 2110 1411 2145 oper.
1435 2101 1587 2134 nunciat.
1612 2109 1660 2135 z:
1683 2098 1724 2133 Si
1745 2099 1834 2133 vet-‹¹›
1850 2121 1864 2140 ‚
1879 2099 1975 2145 quod
2001 2110 2071 2134 non
2096 2098 2292 2139 credimus,
2311 2106 2382 2144 pra

308 2159 449 2206 ceptum
476 2148 661 2192 nostrum,
690 2146 774 2186 ficut
803 2148 1007 2196 praemiffum
1033 2149 1108 2190 est,
1137 2149 1196 2182 vel
1222 2146 1495 2189 contempseris,
1525 2145 1582 2178 vel
1610 2144 1781 2179 distuleris
1805 2146 1995 2191 adimplere
2011 2167 2024 2186 ,
2049 2147 2070 2180 ὲ
2097 2145 2294 2182 Pontificali
2318 2142 2378 2188 of·

306 2197 417 2240 ficto,
449 2208 494 2232 ex
524 2207 606 2232 tunc
632 2207 775 2232 noveris
803 2206 839 2229 ιο
859 2195 1054 2238 ίὶιΐρουΐιιπι
1082 2202 1133 2228 =..··
1162 2193 1251 2234 Cap·
1274 2202 1303 2225 ι.
1332 2191 1378 2225 de
1405 2191 1567 2236 postulat.
1589 2187 1725 2226 Praelat.
1758 2191 1847 2226 Can.
1874 2192 1988 2229 omnis
2021 2205 2076 2228 ιι.
2103 2193 2220 2239 quaest-
2240 2203 2271 2239 3.
2295 2216 2309 2238 ,
2343 2193 2379 2231 &

306 2245 399 2279 Can.
427 2243 516 2278 nuni
541 2242 618 2276 dist.
640 2253 695 2286 ¹9·
721 2250 772 2276 =
801 2240 908 2275 Nulli
933 2240 986 2275 fat
1010 2239 1059 2275 est
1083 2238 1142 2274 vel
1173 2238 1293 2279 velle,
1321 2239 1377 2273 ve}
1407 2238 1499 2283 pofl'e
1525 2237 1722 2285 transgredi
1746 2239 1957 2286 Apostolicae
1984 2241 2086 2279 Sedis
2113 2251 2279 2287 precepta
2307 2241 2377 2278 ἃς.

307 2292 349 2328 fit
376 2301 462 2335 ergo
490 2287 594 2323 ruine
616 2287 682 2323 suae
707 2286 830 2323 dolore
867 2288 1054 2334 prostratus
1082 2286 1239 2333 quisquis
1268 2286 1484 2332 Apostolicis
1511 2287 1667 2323 voluerit
1706 2288 1876 2324 contraire
1900 2290 2058 2329 Decretis
2082 2300 2131 2325 z:
2157 2289 2314 2327 Gonzal.
2340 2291 2378 2327 iu

306 2353 382 2388 cap.
401 2350 436 2386 ς.
460 2338 501 2377 de
527 2335 698 2379 Rescript·
726 2336 830 2374 verb.
849 2345 1053 2372 reverenter
1078 2334 1266 2377 adimpleas
1281 2357 1293 2369 .
1576 2364 1585 2371 .,

408 2386 491 2435 Qi
540 2383 752 2431 Illustriffimo
776 2383 937 2418 ‘Domino
968 2380 1126 2428 Episcopo
1144 2379 1296 2429 speciosa
1325 2380 1498 2419 conducat
1520 2382 1694 2432 excusatio
1709 2407 1722 2427 ,
1748 2383 1841 2431 quod
1863 2394 2050 2434 antequam
2075 2384 2122 2421 ad
2145 2383 2241 2423 diffie
2252 2385 2384 2435 resolu-

309 2437 418 2476 tionis
444 2433 674 2482 executionem
696 2429 898 2478 procederet
923 2453 936 2472 ‚
963 2428 1097 2478 confilia
1124 2427 1334 2466 San'ciitatis
1361 2431 1442 2468 Suae
1461 2455 1476 2476 ,
1501 2443 1562 2468 nec
1589 2443 1659 2468 non
1687 2432 1732 2475 ὁ·
1755 2432 1875 2470 Sacrae
1895 2434 2190 2483 Congregationit
2221 2444 2380 2488 expetere

309 2485 475 2526 deberet,
500 2490 575 2516 cum
599 2478 652 2515 ita
677 2478 745 2515 Dei
764 2479 942 2527 servitio,
973 2479 1015 2523 Φ·
1042 2476 1224 2517 Ordinum
1250 2479 1363 2527 quieti
1391 2481 1621 2525 conveniret,
1648 2493 1726 2519 cum
1751 2481 1791 2517 in
1815 2494 1889 2519 una
1917 2483 2044 2532 causa,
2059 2482 2176 2532 qualis
2200 2484 2245 2536 est
2261 2509 2274 2530 ‚
2305 2496 2381 2535 με

309 2531 483 2574 ιναδῖαηιν
499 2554 511 2573 ,
535 2530 574 2564 in
601 2539 670 2576 qua
696 2527 821 2565 Partes
845 2540 959 2565 omnes
980 2526 1083 2576 plene
1101 2527 1190 2576 sunt
1217 2528 1369 2573 audita,
1395 2528 1439 2571 ά·
1462 2527 1483 2565 ὸ
1510 2531 1624 2568 Sacra
1652 2531 1931 2579 Congregatione
1952 2533 2108 2570 rationes
2126 2543 2240 2571 omnes
2266 2544 2382 2573 matu-

309 2582 349 2622 re
378 2579 599 2618 examinant,
626 2576 669 2617 &⁵
694 2576 733 2611 in
766 2589 836 2626 qua
860 2589 921 2614 nec
946 2576 1008 2626 ipſs
1029 2576 1106 2615 ΡΙ).
1135 2576 1334 2615 Carmente
1346 2578 1608 2627 succumbentes
1627 2586 1694 2628 pro
1719 2589 1813 2615 nova
1836 2579 2054 2618 ‹Audientia
2078 2581 2309 2630 institerunt.
2330 2584 2384 2622 Ex

311 2642 380 2681 qua
404 2626 495 2666 clare
520 2626 723 2663 advertitur
774 2626 866 2677 quod
892 2637 1023 2666 novum
1045 2625 1088 2672 ὼ·
1114 2627 1168 2663 ita
1192 2623 1364 2677 effintiale
1389 2627 1583 2672 motivum,
1609 2629 1650 2664 ob
1677 2627 1767 2676 quod
1796 2626 2030 2680 Illustriffimus
2056 2629 2227 2668 Dominus
2241 2633 2379 2682 Epist-o-

308 2692 373 2732 pus
398 2680 440 2714 ab
462 2673 705 2724 adimpletione
741 2678 781 2712 ui
807 2676 1032 2719 debiti,cum
1044 2677 1222 2724 praetextu'
1243 2678 1346 2725 prius
1370 2675 1570 2724 consulendi
1587 2677 1833 2727 Suniitfflmum
1859 2677 2065 2727 Pontificem
2091 2701 2105 2723 ‚
2128 2679 2173 2721 ἐν
2196 2679 2288 2718 hanc
2310 2683 2378 2719 Sa-

311 2739 404 2767 cram
431 2724 742 2773 congregationem
768 2725 980 2772 impediatur
994 2749 1007 2768 ,
1029 2737 1089 2761 nec
1123 2725 1207 2774 adsit
1223 2751 1235 2767 ,
1261 2737 1321 2763 nec
1345 2724 1453 2778 adeste
1475 2726 1567 2776 poffit
1581 2750 1594 2771 ,
1618 2726 1671 2764 ita
1695 2726 1857 2775 quidem,
1881 2737 1923 2764 ut
1937 2727 2095 2777 speciosa
2120 2728 2196 2778 ejus
2214 2729 2382 2780 protesta-

311 2780 442 2819 tiones,
463 2774 508 2810 ad
533 2774 727 2820 contrarios
750 2774 843 2811 attus
862 2774 1057 2822 palliandos
1076 2773 1178 2824 fafiiae
1203 2801 1217 2821 ,
1241 2775 1280 2813 in
1305 2775 1369 2811 hac
1387 2784 1493 2825 parte
1520 2774 1724 2831 considerari
1753 2775 1900 2817 debeant
1931 2802 1942 2819 ‚
1967 2785 2071 2828 prout
2093 2777 2134 2814 in
2148 2777 2380 2829 Cap.Qn·

310 2840 349 2864 to
378 2827 413 2863 in
442 2823 504 2860 fin.
531 2824 574 2859 de
604 2823 825 2859 consuetud,
849 2833 900 2863 ῖς.
930 2826 1024 2860 Cum
1046 2824 1167 2861 umbra
1193 2825 1347 2878 quaedam
1373 2825 1574 2862 ostendatur
1602 2825 1637 2862 in
1657 2836 1792 2874 opere,
1818 2826 1944 2863 vetitas
1971 2836 2086 2864 autem
2107 2837 2180 2866 non
2209 2825 2381 2869 subeatin

309 2874 437 2914 affeetu
461 2885 510 2910 :z
539 2873 582 2915 ὠ·
599 2871 689 2924 ficut
720 2870 870 2920 allegata
897 2874 996 2922 ipsius
1021 2872 1194 2921 excusatio
1218 2872 1433 2922 dignoscitur
1448 2873 1587 2923 frivola
1611 2900 1623 2918 ‚
1649 2874 1703 2911 ita
1726 2873 1822 2915 illius
1849 2869 2012 2931 dissensus
2050 2875 2277 2919 convIncitur
2299 2888 2382 2919 eon-

312 2934 457 2968 tumax,
478 2923 584 2973 juxta
605 2929 738 2958 textum
759 2923 850 2969 Cap.
867 2923 962 2959 inter
985 2922 1134 2959 dileEtos
1166 2936 1219 2965 ιι.
1244 2923 1287 2958 de
1313 2922 1439 2960 excefl‘.
1465 2924 1602 2965 Ptaelat.
1625 2933 1676 2966 ζ
1703 2923 1969 2962 Excusationem
1995 2924 2191 2972 praedistam
2216 2926 2378 2966 frivolam

310 2985 508 3022 reputantes
535 2997 548 3013 ‚
570 2981 650 3009 cum
672 2971 706 3005 in
732 2969 801 3008 inis
821 2971 932 3015 magis
961 2971 1146 3018 plectibilis
1173 2974 1210 3008 sn
1229 2970 1355 3008 offensa
1380 2996 1394 3016 ,
1422 2983 1480 3020 per
1504 2985 1595 3022 quot
1620 2974 1663 3009 ad
1690 2972 1901 3011 excusandas
1937 2973 2175 3016 excusationes
2205 2975 2241 3012 in
2265 2976 2378 3024 culpi8

315 3022 546 3070 delinquendi
571 3019 762 3058 auctoritas
795 3021 977 3067 usssrpatur
990 3043 1001 3054 .
1025 3030 1072 3057 Ξ
1101 3021 1291 3070 Eapropter
1307 3019 1512 3060 Eminentia
1532 3019 1657 3071 Vestra
1680 3020 1871 3060 humillime
1893 3031 2065 3074 rogantur
2082 3046 2096 3068 ,
2114 3032 2288 3071 quatenus
2302 3034 2381 3065 exe·

313 3072 485 3112 tutionem
516 3069 733 3118 resolutionis
757 3069 860 3118 hujus
882 3070 1000 3107 Sacrae
1031 3069 1322 3116 Congregationis
1350 3069 1562 3122 lllustrnffimo
1585 3070 1629 3113 Φ·
1654 3069 1942 3122 Reverendiffiwo
1955 3072 2103 3109 Domino
2119 3069 2266 3112 Nuntio
2279 3076 2378 3122 Apo·

304 3120 421 3176 Jlolico
447 3119 627 3169 Hispan-ia
642 3142 656 3163 ,
676 3119 737 3167 qui.
754 3143 767 3163 ,
795 3127 856 3155 ceu
883 3116 996 3165 quoad
1020 3116 1147 3155 Partes
1171 3117 1249 3153 indi
1274 3128 1399 3163 erens,
1414 3119 1573 3169 supremo
1595 3120 1715 3162 Sacra
1738 3120 2027 3175 congregationis
2038 3119 2202 3163 mandato
2220 3122 2372 3170 obedire,

306 3170 370 3221 fibi
391 3167 578 3224 gloriosum
602 3167 951 3213 ducet,committere
974 3166 1167 3221 dignentur
1184 3191 1194 3207 .
1253 3176 1270 3204 t
1288 3175 1353 3219 pro
1373 3171 1497 3218 gratia
1521 3170 1595 3219 &c-

2215 3896 2331 3934 PRO·-
