2638 4088
350 212 518 322 336

266 353 436 398 attentis
466 352 660 408 narratis,
688 349 921 395 auctoritate
932 342 1267 400 Apostolica2te-

1016 194 1598 285 Provincia

267 428 367 458 nore
383 411 634 469 praesentium
662 408 934 454 decernimus,
951 401 1109 446 easdem
1124 396 1264 458 expo·
1327 403 1386 450 In
1417 395 1617 451 Ecclesia
1644 396 1925 449 Monialium
1946 392 2036 443 loci
2061 390 2118 440 de
2141 396 2318 450 cocen-

271 483 418 518 nentes
441 501 456 522 ,
488 469 551 512 seu
573 470 743 525 ipsarum
764 463 1049 507 Monasterium
1076 477 1153 518 pro
1168 462 1273 504 arbi-

271 534 355 576 trio
367 560 382 583 ,
398 531 437 572 &
460 527 673 584 prudentia
689 521 868 582 ejusdem
881 521 1190 577 Archiepiscopi
1205 535 1272 572 re-

270 590 398 648 linqui
423 584 528 643 poffe
549 583 618 626 sub
636 582 797 643 Regula
811 583 965 626 Sanetae
981 581 1112 624 Clara
1128 580 1273 638 juxta„

274 647 592 694 declarationem
622 643 831 685 memorati
852 640 1029 699 Eugenii
1058 639 1133 682 1v.
1168 641 1275 682 Prae-

281 702 524 753 decessoris.
555 705 649 745 Non
680 699 931 744 obstantibus
958 702 997 742 in
1025 698 1275 741 contrarium

283 765 463 810 adductis
486 775 565 803 rec.
582 775 700 803 mem.
716 759 831 804 Pauli
849 762 961 815 Papae
978 759 1030 801 V.
1044 755 1276 801 Praedeces-

275 827 374 870 soris
387 823 541 879 pariter
554 819 679 862 nostri
695 821 735 863 in
754 819 869 867 simili
892 818 1022 861 forma
1041 818 1180 860 Brevis
1194 830 1265 863 ex-

276 883 425 943 peditis
456 880 604 922 litteris
630 905 645 929 ,
676 878 840 936 ipsisque
868 878 1203 935 Exponentibus,
1227 876 1268 917 δε

278 955 413 986 earum
429 938 676 982 Monasterio
689 968 705 991 2
724 948 769 982 ut
783 937 1048 995 indulgentiis
1058 936 1271 994 praedietis,

282 1002 361 1046 frui
382 1028 395 1053 ,
411 1001 451 1044 &
464 998 643 1056 gaudere
659 1027 672 1050 ,
688 996 817 1041 libere
843 999 883 1040 δι
907 996 1022 1044 licite
1039 995 1182 1054 possint
1197 1025 1211 1049 ,
1232 997 1274 1040 δε

285 1061 447 1104 valeant
467 1088 480 1111 ,
514 1057 801 1108 concedimus,
824 1057 864 1099 &
886 1055 1145 1111 indulgemus
1174 1069 1187 1100 ε
1208 1053 1287 1096 sal-

286 1121 337 1165 va
355 1126 488 1162 tamen
512 1116 670 1172 semper
698 1117 738 1159 in
763 1114 963 1172 praemiffis
985 1116 1283 1160 auaoritate„

283 1176 629 1234 Congregationis
674 1172 914 1218 eorumdem
957 1175 1238 1219 Cardinalium
1272 1203 1283 1214 .

1404 484 1547 535 tayna
1582 465 1908 536 supelleetilcm
1941 481 1996 511 ex
2031 462 2324 530 argentm&

1406 541 1607 591 Corallis
1641 534 1898 587 confedtam
1931 534 2152 590 retineri,
2181 531 2239 582 ad
2263 532 2331 581 in-

1405 609 1586 659 stantias
1634 609 1834 660 Comitis
1884 610 1933 657 S.
1964 603 2177 671 Stephani
2222 604 2333 653 Pro-

1406 682 1525 749 regis
1547 678 1639 735 ἃς.
1667 677 1877 753 indulget
1895 712 1907 727 .

1328 830 1950 889 INNOCENTIUS
1989 829 2200 880 PAPA
2236 828 2333 878 xl.

1542 989 1799 1052 adfuturam
1813 989 1873 1033 rei
1887 989 2112 1032 memoriam
2125 1013 2138 1025 .

1494 1125 1611 1179 Uper
1641 1135 1717 1181 pro
1746 1130 1861 1178 parte
1888 1109 2344 1166 dileetiFilii,N0bilis

1510 1183 1600 1225 Viri
1623 1180 1839 1231 ‚moderni
1866 1177 2045 1224 Comitis
2091 1171 2224 1215 Sancti
2259 1174 2348 1212 Ste—

1346 1120 1476 1236 N

285 1240 562 1281 Decernentes
577 1235 729 1293 pariter
743 1233 902 1278 easdem
918 1234 1130 1291 praesentes
1163 1234 1277 1278 litte·
1342 1239 1462 1294 pbani
1477 1266 1492 1289 ,
1505 1241 1637 1297 Regni
1656 1239 1850 1296 Neapolis
1881 1236 2068 1292 pforegfis
2083 1263 2097 1286 ‚
2115 1229 2242 1275 Nobi,
2276 1240 2350 1268 ex.

287 1311 349 1343 ras
362 1297 518 1352 semper
537 1295 671 1340 firmas
689 1322 705 1344 2
739 1293 917 1343 validas,
941 1295 977 1336 &
992 1293 1178 1338 efficaces
1201 1295 1287 1336 exi·

289 1358 391 1400 stete
407 1384 421 1407 ‚
444 1356 484 1396 &
513 1352 602 1399 fore
635 1383 649 1406 ,
673 1351 838 1410 suosque
862 1353 1092 1410 plenarios,
1126 1356 1163 1395 &
1182 1354 1286 1395 inte-

291 1429 388 1472 gros
412 1412 575 1457 effeetus
590 1411 752 1462 sortiri,
779 1414 817 1454 &
834 1413 1050 1463 obtinere,
1074 1409 1279 1458 accisdem

291 1473 603 1530 Exponentibus
618 1473 657 1515 in
672 1471 888 1520 omnibus,
913 1472 952 1514 &
964 1487 1037 1528 per
1050 1473 1185 1515 omnia
1200 1472 1287 1530 ple-

292 1533 445 1578 nissime
472 1531 676 1587 suffragari
704 1543 720 1583 3
764 1530 895 1587 sicque
921 1531 960 1573 in
990 1530 1186 1589 praemiffis
1217 1547 1289 1589 per

292 1590 570 1648 quoscumque
580 1590 747 1645 Judices
762 1590 1003 1634 Ordinatios
1018 1623 1034 1644 ‚
1064 1594 1099 1635 δι
1120 1593 1291 1647 Delega-

293 1662 358 1694 tos
375 1678 390 1701 ‚
417 1649 540 1692 etiam
555 1650 633 1691 διε.
646 1648 869 1694 Auditores
881 1650 1048 1709 judicari
1061 1681 1075 1705 ,
1097 1654 1138 1694 δι
1151 1650 1294 1695 defini-

294 1712 329 1754 ri
346 1709 526 1756 debere,
565 1722 610 1751 ac
624 1708 783 1753 irritum
809 1711 888 1753 &m
915 1713 1133 1754 attentari.
1164 1715 1293 1754 Non-a

301 1769 552 1814 obstantibus
578 1767 776 1822 praemiffis
801 1798 817 1819 ,
850 1784 897 1812 ac
922 1769 1056 1811 nostra
1076 1795 1091 1818 ,
1115 1769 1156 1810 δι
1188 1773 1300 1811 Can·

301 1829 481 1873 cellariae
502 1825 742 1882 Apostolicae
761 1827 898 1881 regula
912 1825 964 1870 de
979 1840 1058 1869 non
1073 1825 1301 1869 conceden-

298 1890 361 1932 dis
380 1885 653 1943 Indulgentiis
672 1884 721 1927 ad
738 1885 883 1935 instar,
909 1886 1078 1943 aliisque
1093 1884 1297 1929 Constitu-

300 1949 483 1993 tionibus
509 1976 522 1997 ,
557 1947 596 1988 &
640 1945 978 1989 ordinationibus
1010 1943 1257 2001 Apostolicis
1285 1970 1300 1994 ,

302 2022 376 2051 nec
413 2021 492 2048 non
512 2013 734 2062 ,quatenus
759 2018 859 2061 opus
887 2005 933 2048 fit
951 2034 965 2057 ,
982 2003 1236 2056 monasterii,
1263 2005 1303 2045 &

303 2066 474 2109 Ordinis
515 2061 771 2116 huiusmodi,
797 2063 923 2106 etiam
946 2066 1022 2106 διε.
1055 2063 1214 2106 statutis
1230 2089 1244 2111 s
1265 2064 1306 2103 &

306 2123 669 2171 consuetudinibus
687 2150 702 2172 ,
731 2122 959 2174 privilegiis
973 2123 1053 2162 διε.
1079 2120 1280 2160 innovatis
1294 2143 1306 2154 .

308 2184 468 2242 Qibus
480 2180 666 2219 omnibus
682 2203 696 2226 ,
724 2180 766 2217 δι
790 2177 952 2230 fingulis
970 2203 985 2226 ‚
1008 2175 1174 2216 illorum
1190 2185 1307 2218 teno-

310 2254 375 2284 res
398 2240 476 2279 &c-
502 2236 745 2290 derogamus
773 2263 787 2286 ,
831 2233 1060 2290 caeterisque
1093 2234 1308 2276 contrariis

316 2295 666 2356 quibuscumque.
1238 2291 1246 2299 ’

443 2357 590 2394 Datum
610 2355 749 2393 Romae
777 2349 882 2405 apud
899 2352 1079 2391 Sanctam
1106 2349 1319 2392 Mariam.»

316 2413 520 2464 Maiorem
549 2408 619 2450 sub
643 2409 808 2451 Annulo
836 2407 1053 2449 piscatoris
1071 2406 1139 2449 die
1161 2407 1319 2451 decima

323 2469 575 2517 Novembris
592 2482 787 2514 tunctxv.
804 2464 1069 2511 Pontificatfis
1093 2467 1213 2511 nostri
1228 2469 1320 2510 An·

321 2546 376 2577 no
391 2535 513 2576 Nono
526 2554 536 2565 ·

390 2707 641 2763 Autograph.
657 2710 700 2749 in
728 2708 899 2751 Archivo
925 2710 1070 2750 secret.
1096 2710 1328 2751 Bavium-s

443 2766 806 2885 §ggeoolissliigsso
828 2767 981 2827 mcnsts,
1006 2766 1056 2817 ὅ
1068 2768 1163 2812 anni
1173 2766 1324 2826 praedl·

1347 1297 1516 1354 positum
1544 1298 1620 1344 fuit
1637 1328 1652 1353 ‚
1678 1299 1819 1357 quod,
1844 1311 1938 1342 cum
1967 1295 2067 1339 alias
2095 1291 2181 1349 ejus
2211 1285 2346 1343 Majo-

1348 1371 1414 1400 res
1447 1359 1757 1408 Monastcrium,
1791 1358 1829 1399 &
1861 1353 2085 1400 Ecclefiam
2107 1346 2350 1394 Monialium

1349 1417 1655 1475 Capucinarum
1701 1426 2024 1473 nuncupatarum
2057 1409 2136 1456 loci
2177 1407 2231 1450 de
2264 1409 2353 1449 Co·

1352 1488 1553 1533 centayna
1596 1478 1734 1537 Regni
1758 1506 1775 1527 ,
1797 1477 1838 1518 δι
1876 1470 2074 1521 Dioecefis
2121 1465 2352 1511 Valentinae

1352 1537 1422 1579 sub
1454 1537 1714 1580 invocatione
1741 1537 1874 1578 Beata
1903 1533 2040 1577 Mariae
2073 1525 2252 1583 Virginis
2293 1522 2357 1566 del

1357 1595 1533 1652 Milagro
1563 1603 1804 1650 nuncupatae
1835 1588 2109 1636 fundaviffent
2133 1613 2148 1634 3
2169 1583 2253 1641 ipse
2281 1594 2358 1636 pro

1355 1670 1406 1699 eo
1427 1681 1442 1703 a
1483 1668 1604 1711 quem
1646 1668 1744 1710 erga
1778 1650 2062 1695 Monasterium
2087 1677 2102 1699 ,
2139 1645 2180 1686 δε
2209 1641 2358 1688 Eccle-

1359 1716 1451 1754 siam
1488 1712 1718 1768 hujusmodi
1746 1711 1850 1767 gerit
1878 1739 1893 1762 ,
1919 1704 2154 1751 devotionis
2184 1701 2355 1746 affeetu,

1361 1769 1498 1813 eidem
1530 1770 1775 1812 Monastetio
1798 1782 1874 1823 pro
1899 1766 2043 1824 majori
2074 1762 2183 1805 illius
2216 1757 2366 1806 Eccle-

1363 1829 1421 1871 siae
1459 1839 1604 1871 ornatu
1633 1856 1647 1880 ‚
1684 1829 1724 1869 &
1752 1825 1866 1868 cultu
1892 1851 1906 1874 2
1943 1821 2140 1867 nonnulla
2163 1816 2367 1878 suppelle-

1366 1887 1479 1930 ctilia
1507 1897 1700 1943 argentea
1727 1914 1742 1938 ,
1765 1886 1806 1927 &
1831 1883 2030 1928 corallina
2056 1878 2189 1923 eidem
2217 1875 2368 1928 Eccleq

1363 1946 1424 1991 fiae
1455 1946 1628 1990 donavit
1666 1976 1678 1987 .
1711 1946 1817 1987 Cum
1837 1953 1973 1986 autem
1999 1969 2014 1991 ‚
2049 1939 2146 1982 ficut
2178 1935 2358 1981 eadem-2

1367 2006 1564 2062 expolitio
1603 2004 1867 2061 subjungebat
1903 2032 1920 2053 ,
1956 1997 2130 2058 praefatis
2174 1993 2368 2040 Moniali-

1369 2068 1442 2107 bus
1487 2078 1559 2118 per
1594 2062 1800 2117 regularia
1837 2059 2010 2116 ipsarum
2040 2057 2217 2101 instituta
2253 2058 2368 2109 Apo·

1369 2120 1508 2161 stolica
1526 2119 1766 2161 austeritate
1788 2117 2030 2160 confirmata
2056 2112 2257 2170 ejusmodi
2273 2125 2369 2165 pre-

1371 2176 1566 2221 tiosorum
1597 2177 1936 2232 suppellectilium
1967 2174 2146 2218 retentio
2169 2202 2185 2225 ‚
2210 2172 2251 2212 &
2280 2168 2368 2211 usus

1375 2236 1562 2292 express‘e
1601 2235 1874 2278 interdicatur
1899 2263 1914 2285 ,
1949 2234 2079 2277 Nobis
2120 2240 2372 2287 propterea...

1379 2295 1490 2336 idem
1526 2293 1743 2335 modernus
1780 2297 1931 2336 Comes
1953 2321 1968 2343 ,
1991 2294 2028 2333 δι
2058 2293 2210 2334 Prorex
2241 2288 2376 2329 humi-

1385 2352 1482 2395 liter
1510 2350 1721 2408 supplicari
1751 2350 1845 2395 fecit
1874 2377 1889 2400 ‚
1921 2361 1966 2392 ut
2007 2349 2157 2393 eisdem
2187 2344 2372 2389 Moniali-

1382 2413 1459 2456 bus
1497 2410 1536 2454 in
1561 2412 1767 2468 praemissis
1807 2409 2042 2468 opportune
2072 2405 2346 2464 providere-³
2366 2434 2384 2458 2

1380 2475 1448 2523 &3
1473 2481 1516 2512 ut
1542 2469 1898 2527 infra‚indulgere
1912 2469 1964 2512 de
1987 2465 2238 2525 benignitate
2268 2467 2378 2519 Apo.

1381 2531 1520 2576 stolica
1542 2530 1804 2588 dignaremur
1826 2561 1838 2573 .
1875 2533 1960 2572 Nos
1987 2529 2114 2583 igitur
2143 2527 2217 2584 piis
2254 2523 2374 2581 ipsius

1392 2590 1580 2636 moderni
1610 2590 1783 2633 Comitis
1810 2619 1824 2642 ,
1863 2590 1904 2631 δι
1935 2586 2123 2642 Proregis
2163 2583 2268 2628 votis
2300 2585 2375 2626 hac

1394 2653 1433 2695 in
1452 2666 1498 2694 re
1511 2680 1527 2702 ‚
1541 2650 1734 2707 quantum
1760 2663 1851 2691 cum
1870 2646 2049 2691 Domino
2077 2643 2290 2701 poffumus,
2307 2655 2380 2684 an-

1394 2723 1518 2754 nuere
1545 2738 1560 2761 ,
1604 2723 1679 2752 nec
1703 2722 1785 2752 non
1809 2708 1935 2752 dietas
1968 2702 2164 2750 Moniales
2192 2700 2377 2759 speciali·
2431 2734 2433 2736 .

1388 2771 1463 2814 bus
1488 2771 1565 2811 &c.
1597 2767 1786 2812 volentes
1816 2795 1831 2819 ‚
1853 2765 2022 2821 illasque
2043 2790 2058 2814 a
2079 2764 2115 2804 δι
2143 2775 2282 2807 catum
2295 2761 2374 2802 sm-

1390 2830 1551 2887 gulares
1577 2826 1762 2884 personas
1801 2827 1823 2871 ὲ
1859 2823 2060 2884 quibusvis
2093 2824 2173 2866 διε-
2214 2821 2383 2864 censen·

1389 2901 1453 2933 tes
1478 2918 1492 2942 ,
1519 2886 1750 2944 hujusmodi
1783 2883 2136 2943 supplicationibus
2167 2879 2385 2932 inclinati,

1393 2947 1642 2993 Monialibus
1666 2945 1839 3004 praefatis
1869 2974 1884 2998 ,
1916 2953 1960 2987 ut
1993 2939 2284 2999 suppellectilia
2308 2939 2386 2982 hu·

1394 3006 1566 3068 jusmodi
1594 3021 1644 3052 ex
1670 3014 1842 3062 argento
1873 3033 1889 3057 ‚
1921 3005 1960 3046 δε
1984 3001 2142 3048 coi-alio
2169 2998 2380 3049 confecia,

1394 3076 1625 3111 memorato
1649 3064 1894 3110 Monasterio
1920 3064 1939 3106 ἑ
1970 3062 2154 3119 praedieto
2180 3057 2385 3101 moderno

1398 3127 1592 3177 Comite‚
1613 3127 1654 3169 δι
1680 3129 1857 3180 Prot-ege
1871 3123 2061 3166 hafienus
2084 3120 2384 3167 dumtaxat‚ut

1402 3180 1644 3243 praefertur,
1676 3186 1825 3229 donata
1859 3212 1874 3234 ,
1896 3182 2105 3230 retinere,
2132 3185 2179 3219 ac
2205 3173 2384 3218 iisdenu

1402 3261 1477 3303 pro
1507 3254 1651 3287 ornatu
1673 3270 1689 3294 2
1725 3245 1765 3286 δι
1791 3242 1905 3284 cultu
1932 3251 2068 3283 earum
2100 3232 2286 3278 Ecclefiae
2321 3232 2383 3275 uti

1400 3302 1560 3352 libere,
1593 3301 1788 3351 &licite‚
1813 3314 1860 3343 ac
1885 3298 2033 3355 absque
2060 3294 2147 3338 ullo
2174 3291 2388 3335 conscien-

1402 3366 1465 3410 tiae
1495 3361 1680 3418 scrupulo
1699 3358 1840 3418 possint
1868 3386 1883 3409 ‚
1909 3357 1950 3398 &
1980 3354 2158 3405 valeant,
2175 3351 2384 3395 licentiam

1402 3422 1643 3469 auctoritate
1668 3416 1901 3476 Apostolica
1928 3425 2067 3458 tenore
2097 3410 2388 3471 praesentium,

1401 3479 1692 3529 concedimus,
1721 3479 1757 3523 St
1791 3475 2075 3532 impertimur.
2109 3476 2204 3517 Non
2226 3469 2386 3514 obstan—

1402 3544 1509 3585 tibus
1536 3537 1730 3596 praemiffis
1759 3564 1773 3587 ,
1798 3549 1853 3596 ‘ac
1892 3530 2265 3578 Constitutionibus
2294 3558 2310 3582 ,
2346 3528 2386 3569 δι

1397 3598 1734 3645 Ordinationibus
1763 3594 2002 3651 Apostolicis
2030 3621 2045 3643 ‚
2081 3606 2154 3636 nee
2179 3603 2260 3634 non
2285 3585 2384 3630 dien

1397 3658 1628 3704 Monasterii
1654 3687 1670 3709 ,
1706 3658 1747 3698 &
1770 3655 1878 3698 illius
1906 3652 2070 3696 Ordinis
2095 3682 2110 3706 ,
2154 3651 2280 3693 etiam
2305 3645 2385 3687 &c-

1397 3717 1790 3769 consuetudinibus3
1819 3712 2039 3771 privilegiis
2053 3713 2134 3756 &c-
2159 3705 2385 3751 innovatis.

1395 3778 1556 3835 Quibus
1589 3775 1802 3825 omnibus,
1824 3775 1865 3816 &
1889 3770 2049 3827 singulis
2077 3768 2246 3811 illorum
2273 3774 2390 3806 teno-

1395 3851 1458 3882 res
1483 3835 1741 3894 praesentibus
1768 3845 1846 3889 pro
1872 3831 1996 3888 plene
2021 3855 2035 3878 a
2072 3830 2113 3870 δι
2138 3823 2381 3869 sufficienter

2264 3894 2333 3922 ex-
