2592 4094
345 217 509 299 262

276 358 449 400 Sorores
483 352 658 397 seniores
677 349 980 408 'profeffanuna
1007 347 1136 389 Soror
1161 347 1262 388 defi-

277 424 430 469 gnetur
441 442 457 465 ,
474 426 558 470 quae
573 412 760 456 Zelatrix
784 404 1000 446 vocabitur
1013 433 1028 456 ,
1059 418 1143 460 quae
1156 405 1265 447 obli·

278 474 441 528 gabitur
473 481 615 514 notare
639 466 814 509 defectus
846 475 917 516 per
945 463 1120 506 Sorores
1152 478 1267 507 com-

281 532 430 579 missos,
444 541 524 571 tam
541 535 679 569 contra
697 524 904 577 praesentes
916 522 1237 566 Constitutiones
1250 553 1266 575 ‚

278 591 401 648 quim
429 590 468 631 id
495 596 611 627 omne
632 609 646 631 ,
670 580 778 636 quod
792 578 960 623 deficiet
974 593 1115 624 contra
1148 582 1263 636 spiri·

279 661 366 694 tum
386 642 603 691 vocationis
620 641 758 683 nostrae
772 666 787 691 ,
802 641 843 684 in
858 639 936 682 boc
948 641 1097 696 Capite
1110 639 1265 696 expofi-

280 719 366 753 tum
380 734 395 758 ,
408 708 445 747 &
458 708 646 745 notatum
664 727 676 740 .

394 767 442 806 In
469 772 591 815 quem
619 756 805 801 effe-stum
832 755 993 814 lingulis
1015 758 1133 803 sextis
1156 758 1266 804 feriis

282 823 373 868 anni
402 818 487 877 post
518 817 672 860 Miffam
709 817 1040 861 Conventualem
1059 845 1073 867 ,
1120 817 1188 860 nisi
1221 818 1266 859 sit

281 883 422 925 festum
450 874 502 919 ad
518 875 714 932 populum
729 904 742 927 ,
768 890 849 932 quo
864 877 970 929 catu,
986 877 1237 934 praecedente
1251 906 1267 928 ,

280 949 348 985 aut
374 936 637 992 subsequente
663 933 730 976 die
756 935 878 990 magis
903 949 1136 991 opportuno
1152 964 1166 988 ,
1198 938 1268 978 So·

283 1009 396 1043 rores
420 1007 582 1045 omnes,
603 993 685 1037 imo
709 995 748 1035 &
778 993 952 1037 Novitiae
974 996 1024 1038 ad
1050 994 1190 1037 sonum
1208 1004 1269 1036 te·

284 1056 387 1114 gulae
401 1053 647 1098 convenient
669 1052 709 1094 in
727 1049 992 1104 RefeetoriO,
1018 1054 1085 1096 ubi
1113 1053 1272 1108 fingulis

283 1115 429 1159 ordine
445 1111 512 1157 suo
525 1110 722 1166 dispositis
750 1110 916 1154 debebit
928 1142 944 1163 ,
973 1113 1013 1153 δι
1027 1112 1273 1167 obligabitur

281 1173 426 1218 eadem
441 1171 632 1216 Zelatrix
647 1169 784 1213 dicere
797 1198 813 1224 ,
838 1170 879 1211 &
904 1170 1148 1214 charitative
1182 1183 1276 1224 pro-

281 1234 390 1276 ferre
418 1227 571 1273 sincere
595 1257 610 1280 ,
638 1230 678 1271 &
704 1230 783 1273 fine
813 1230 1125 1285 exaggeratione
1143 1228 1273 1270 dictos

282 1291 462 1334 defee'tus
480 1316 495 1339 ‚
523 1290 563 1330 δι
590 1287 940 1343 imperfectiones,
968 1288 1021 1330 ob
1037 1301 1156 1343 quam
1176 1301 1272 1330 cau·

288 1351 369 1392 sam
383 1349 485 1401 ,illo
499 1346 567 1389 die
582 1375 597 1399 ,
617 1355 831 1404 antequam
860 1346 962 1389 illud
983 1347 1159 1388 officium
1181 1359 1277 1388 exe·

285 1416 435 1466 quatur
449 1435 464 1458 ,
488 1405 654 1449 debebit
671 1405 752 1448 una‘i
782 1403 882 1447 hora
898 1419 1041 1447 vacare
1072 1405 1247 1447 orationi
1265 1433 1280 1456 ,

286 1477 332 1509 ut
345 1467 387 1508 in
405 1464 658 1520 simplicitate
675 1462 831 1520 spiritus
857 1464 895 1506 in
916 1478 966 1506 eo
979 1464 1188 1521 procedat,
1202 1464 1279 1507 fine

290 1524 632 1575 diffimulatione‚
650 1526 687 1566 &
703 1523 876 1580 paffione
895 1551 907 1564 .

406 1583 581 1637 Incipiat
596 1585 619 1625 a
634 1581 816 1626 Novitiis
830 1612 843 1633 ‚
859 1597 943 1640 quae
958 1584 1180 1635 recedent,
1210 1596 1280 1625 an-

291 1651 453 1696 tequam
466 1639 717 1694 procedatur
741 1642 792 1683 ad
807 1639 1019 1684 Profeffas.
1037 1646 1094 1687 Ut
1109 1642 1280 1698 primum

289 1699 461 1753 aliquam
486 1696 754 1751 designaverit
780 1726 795 1748 ,
823 1697 890 1741 illa
921 1700 960 1742 se
985 1701 1167 1754 ingenua
1185 1714 1282 1753 pro·

283 1758 437 1800 sternet
465 1754 508 1797 in
524 1755 662 1796 medio
690 1758 1038 1811 Congregationis
1058 1786 1072 1807 ,
1086 1759 1195 1811 quod
1219 1756 1282 1797 illi

285 1815 464 1861 dicetur,
479 1812 666 1854 auditura
681 1812 719 1852 in
736 1812 874 1867 spiritu
895 1814 1179 1868 simplicitatis,
1202 1815 1282 1854 fine

286 1872 443 1929 replica
459 1898 473 1920 2
488 1880 557 1914 aut
582 1870 840 1914 excusatione
854 1870 936 1913 ulla
951 1898 965 1920 a
983 1885 1156 1923 memor,
1173 1870 1281 1928 quod

290 1931 490 1975 Dominus
520 1931 626 1973 Deus
647 1944 738 1971 cum
766 1927 1049 1983 accusaretur,
1081 1931 1286 1982 tacuerit3

291 1990 360 2034 nifi
382 1988 645 2045 Superioriffa
674 1987 787 2030 illam
813 1988 951 2042 jubeat
971 1991 1147 2033 reddere
1162 1990 1285 2032 ratio·

292 2064 385 2094 nem
401 2049 486 2102 eius
503 2077 516 2099 ‚
532 2049 583 2091 de
597 2062 678 2104 quo
691 2047 900 2088 accusatur
913 2075 928 2096 ,
953 2048 1064 2101 quod
1082 2058 1179 2089 tunc
1194 2058 1289 2099 prae-

296 2111 397 2151 stare
424 2108 576 2159 poterit
601 2130 616 2151 2
639 2104 708 2143 sed
737 2103 872 2143 coacte
890 2128 904 2149 ‚
927 2103 968 2141 δι
999 2102 1128 2142 sobrie
1157 2114 1171 2141 :
1202 2113 1288 2154 quae

295 2162 552 2206 contrarium
567 2158 732 2209 fecerit,
746 2158 795 2200 ad
818 2159 1031 2201 arbitrium
1047 2157 1290 2215 Superioris-

286 2221 334 2266 sae
355 2220 535 2275 graviter
563 2219 775 2274 punietur.
813 2239 823 2245 π

413 2278 601 2321 Zelatrix
629 2275 874 2332 singularum
901 2274 1083 2320 defectus
1103 2273 1287 2330 proferet

292 2351 376 2381 uno
400 2346 612 2385 contextu,
626 2333 887 2388 Superioriffa
899 2348 1061 2389 poenam
1078 2334 1260 2388 imponet
1274 2361 1289 2385 ,

295 2395 455 2453 qualem
477 2391 585 2435 casus
613 2392 864 2440 merebitur,
889 2393 951 2433 vel
969 2391 992 2432 si
1009 2393 1286 2435 communica·

298 2455 453 2497 tionem
466 2450 641 2507 postulet
657 2478 672 2502 2
689 2449 943 2506 punitionem
968 2449 1190 2505 suspensam
1219 2451 1288 2492 ha·

298 2511 414 2557 bebit
429 2540 442 2554 .

416 2574 457 2615 Si
483 2585 568 2628 quae
602 2568 709 2612 inter
733 2574 904 2616 Sorores
930 2584 1010 2614 non
1037 2567 1292 2612 accusabitur

292 2634 313 2676 ὲ
336 2633 439 2675 dieta
453 2628 692 2681 Zelatrice,
709 2640 826 2672 motu
854 2632 1020 2685 proprio
1045 2629 1210 2684 culpam
1228 2627 1292 2670 di-

300 2703 384 2743 cet,
398 2690 510 2748 juxta
534 2689 690 2744 praxim
703 2689 953 2733 ordinariam
968 2688 1209 2743 ReligioniS‚
1224 2702 1292 2731 ex-

298 2753 465 2807 positam
492 2747 641 2802 Capite
657 2749 734 2790 V1.
758 2786 761 2788 .

416 2813 491 2861 Et,
509 2823 558 2851 ne
583 2806 842 2862 Superiorifla
864 2808 1044 2863 privetur
1071 2810 1148 2850 hoc
1165 2807 1299 2850 chari-

296 2873 390 2917 tatis
407 2866 610 2913 beneficio
628 2896 643 2919 ,
659 2868 700 2908 δε
717 2867 768 2908 ad
789 2867 1094 2920 cognoscendas
1112 2864 1300 2922 imperse«

300 2935 454 2975 (tiones
482 2925 567 2970 suas
597 2925 782 2969 eamdem
806 2925 1062 2969 Zelatricem
1078 2956 1092 2979 ,
1121 2928 1160 2968 &
1179 2931 1300 2968 Soro-

302 3005 367 3034 res
382 2998 526 3032 omnes
543 2983 754 3029 humiliter
769 2986 955 3041 rogabit,
987 2996 1030 3028 ut
1047 2986 1236 3042 privatim
1251 2984 1303 3026 il-

309 3049 368 3092 las
383 3047 451 3087 libi
479 3045 604 3087 velint
625 3044 806 3098 aperire.

428 3102 571 3158 Quod,
587 3105 614 3143 s1
629 3103 761 3159 aliqua
778 3117 849 3160 per
861 3104 1064 3147 internam
1081 3102 1300 3159 superbiam

314 3164 419 3209 suam
442 3163 500 3204 ita
523 3161 760 3213 efferretur,
790 3174 833 3205 ut
855 3163 966 3206 dietae
993 3163 1187 3207 Zelatrici
1203 3162 1308 3205 indi-

307 3221 551 3279 gnationem
563 3219 734 3275 aliquam
757 3225 991 3278 proptersui
1010 3221 1308 3267 accusationem

317 3281 452 3324 testari
471 3278 623 3329 vellet,
639 3282 843 3323 tenebitur
855 3284 1000 3326 eadem
1018 3283 1204 3327 Zelatrix
1216 3294 1305 3325 eam

318 3337 481 3383 deferre
499 3338 764 3394 Superioriffae
779 3369 792 3391 ‚
821 3355 907 3397 qua:
930 3343 1074 3386 dietam
1107 3340 1305 3385 immorti-

319 3398 480 3441 ficatam
510 3397 650 3451 puniet
674 3425 688 3447 ,
709 3412 796 3442 eam
824 3401 1069 3445 collocando
1097 3403 1134 3444 in
1163 3414 1301 3444 nume-

317 3472 368 3501 ro
395 3456 607 3512 Juniorum
639 3455 923 3511 professarum,
946 3475 1036 3503 cum
1069 3459 1145 3502 alia
1176 3458 1304 3517 poeni·-

316 3518 447 3560 tentia
464 3543 478 3567 2
495 3515 713 3558 secussdflm
732 3517 835 3562 suam
849 3521 1134 3564 discretionem
1149 3532 1164 3571 3
1195 3515 1303 3575 quod

318 3579 346 3618 sl
364 3576 508 3631 Junior
538 3573 710 3631 professa
741 3573 859 3621 fuerit
885 3606 899 3629 2
923 3580 1170 3636 procedetur
1194 3578 1304 3634 juxta

310 3636 351 3676 id
370 3664 383 3686 2
400 3636 506 3691 quod
541 3635 700 3689 posthac
717 3633 933 3687 statuetur,
961 3642 1001 3681 ὅτ.
1014 3642 1040 3682 fi
1057 3638 1161 3682 dieta
1178 3637 1302 3683 Zela·

311 3694 395 3733 trix
413 3695 733 3747 reprehendatur
748 3698 984 3750 connivere,
1002 3701 1192 3755 puniatur
1207 3711 1300 3753 poe-

315 3750 365 3794 na
390 3752 584 3805 condigna
609 3753 683 3796 suae
713 3754 1013 3801 disiimulationi
1029 3788 1040 3800 .

434 3809 586 3856 Eadem
635 3813 699 3859 die
726 3815 982 3873 Superioriffa
1008 3815 1306 3863 Communitati

1066 202 1611 289 Provincia

1324 360 1556 404 proponere
1583 344 1735 402 poterit
1761 343 1803 385 id
1821 346 1958 399 ‚quod
1983 349 2177 403 expedire
2202 350 2313 409 judi-z

1324 412 1435 450 cabit
1459 419 1537 460 pro
1562 403 1790 461 spirituali,
1812 402 1885 444 vaut
1901 405 2116 460 temporali
2142 410 2310 464 negotio

1327 464 1570 508 Conventus
1595 493 1610 515 ,
1626 465 1664 505 &
1691 462 1875 504 similiter
1899 458 2127 519 supplicare
2153 468 2315 510 Sorori-

1326 527 1432 576 bus,
1458 534 1504 565 ut
1536 524 1643 566 idem
1678 521 1864 578 praestent
1889 549 1903 572 ,
1930 522 1954 563 si
1982 521 2138 578 aliquid
2160 521 2317 572 sciant,

1325 584 1436 639 quod
1452 583 1661 625 conducat
1689 581 1739 624 ad
1755 590 2018 635 augmentum
2034 581 2197 624 honoris
2212 581 2314 634 Dei,

1324 644 1365 684 δι
1377 644 1526 684 bonum
1543 639 1777 695 Religionis
1791 668 1802 680 .

1443 703 1514 752 Et,
1529 699 1792 755 cuminsuper
1809 698 1967 753 Regula
1989 698 2120 742 nostra
2146 697 2318 742 Ordinis

1326 760 1446 804 nostri
1471 774 1540 802 nos
1565 757 1722 814 obliget
1756 756 1806 800 ad
1839 758 2105 813 poenitentias
2132 784 2147 807 ‚
2176 770 2263 812 quae
2291 758 2315 800 3

1327 819 1605 875 Superioribus
1623 847 1636 867 ,
1649 817 1763 860 nobis
1779 829 1852 873 pro
1867 818 1995 873 culpis
2020 825 2161 860 contra
2175 818 2318 872 Regu—

1327 880 1408 922 lam
1434 875 1646 920 commiffis
1677 875 1942 930 injunguntur
1972 905 1988 927 ‚
2010 874 2288 932 adimplendas
2305 900 2323 924 2

1331 951 1449 993 quam
1467 937 1520 979 ob
1533 935 1689 979 causam
1705 934 1959 990 appellamur
1986 934 2192 990 Religiosae
2219 932 2314 978 de.)

1332 995 1593 1045 Paenitentia,
1607 996 1647 1036 &
1671 1008 1764 1036 cum
1778 993 1943 1037 aliunde
1969 995 2092 1037 etiam
2107 993 2323 1037 debeamus

1334 1055 1540 1110 complere
1569 1053 1826 1108 poenitentias
1856 1053 1975 1095 nobis
2001 1053 2024 1096 a
2051 1050 2321 1108 Superiorissa

1336 1114 1546 1169 injunetas,
1561 1127 1636 1169 pro
1651 1109 1887 1154 infractione
1902 1111 2153 1167 praesentium
2166 1109 2324 1152 Consti-

1335 1173 1536 1215 tutionum
1550 1201 1566 1223 ,
1592 1171 1698 1214 unde
1719 1170 1919 1225 obligatio
1946 1170 2062 1212 unius
2086 1167 2140 1212 est
2160 1167 2322 1224 major,

1331 1230 1452 1288 quam
1467 1230 1666 1286 obligatio
1688 1229 1852 1271 alterius
1869 1258 1883 1271 .

1453 1292 1593 1348 Quare
1608 1315 1622 1337 a
1638 1287 1736 1330 licet
1759 1288 1968 1330 mallemus
1983 1290 2156 1331 Sorores
2173 1283 2326 1327 nostras

1339 1362 1478 1391 amore
1494 1349 1672 1403 dirigere
1687 1375 1703 1398 ,
1717 1347 1836 1402 quam
1857 1360 2067 1403 poenarum
2083 1341 2323 1392 formidine,

1339 1408 1634 1458 nihilominus,
1661 1406 1753 1462 quia
1781 1406 1985 1450 interdum
1999 1405 2130 1448 minus
2147 1401 2327 1460 perfeote

1338 1476 1592 1515 occurrunt,
1606 1479 1689 1521 quae
1709 1479 1780 1519 per
1797 1464 2085 1521 poenitentiam
2112 1463 2326 1508 evincunt,

1338 1525 1445 1584 quod
1470 1522 1716 1574 clementia,
1737 1524 1778 1565 &
1795 1538 1869 1579 per
1896 1537 2039 1579 purum
2066 1521 2191 1565 officii
2213 1519 2331 1562 debi-

1339 1595 1425 1628 tum
1442 1599 1518 1625 non
1547 1581 1699 1637 poffent
1712 1583 1930 1636 obtinere;
1959 1581 2223 1638 judicavimus
2257 1578 2328 1620 bo·

1340 1658 1438 1687 num
1452 1643 1529 1686 effe
1546 1642 1610 1684 bic
1630 1654 1769 1696 poenas
1791 1641 1979 1699 quasdam
1993 1670 2007 1693 ‚
2034 1642 2070 1683 δι
2101 1635 2326 1683 correfflo-

1342 1716 1413 1744 nes
1427 1701 1681 1756 praescribere
1694 1727 1707 1740 .

1461 1758 1598 1811 Culpa
1623 1755 1826 1799 commissa
1848 1766 1992 1800 contra
2021 1757 2240 1799 articulum
2264 1755 2337 1796 ha-

1343 1831 1430 1858 rum
1446 1815 1816 1863 Constitutionum,
1838 1816 1879 1857 in
1908 1815 2061 1857 casibus
2091 1815 2157 1856 hic
2173 1826 2255 1856 non
2282 1813 2333 1853 si-

1345 1875 1495 1930 gnatis,
1512 1873 1550 1915 in
1571 1872 1908 1916 numerolevium
1935 1872 2144 1928 culparum
2161 1869 2342 1916 censebi-

1347 1946 1443 1985 tur,
1462 1947 1547 1989 quae
1571 1946 1663 1974 cum
1692 1932 1833 1975 reiierae
1851 1935 1926 1975 smt
1952 1932 2124 1975 arbitrio
2152 1930 2342 1988 Superio-

1351 1989 1448 2034 riffae
1461 2020 1475 2041 ,
1490 1999 1679 2045 poterunt
1695 1988 1772 2032 effe
1801 1990 1904 2033 tales
1919 2018 1933 2040 ,
1948 1991 2136 2032 nimirum
2149 1989 2338 2034 dicei-ea>

1346 2049 1526 2101 >aliquem
1553 2046 1779 2095 psalmum,
1796 2057 1871 2088 *aut
1897 2049 2103 2089 orationes
2125 2074 2140 2097 ,
2164 2043 2340 2089 osculari

1351 2103 1473 2159 pedes
1489 2107 1715 2153 Sororum,
1743 2117 1863 2146 orare
1889 2103 2062 2144 brachiis
2087 2103 2258 2146 extensis
2282 2100 2336 2144 ad

1350 2159 1634 2204 discretionem
1647 2189 1662 2213 ,
1677 2173 1820 2214 rogare
1835 2174 1978 2218 preces
2005 2164 2205 2204 Sororum
2231 2162 2342 2216 geni·

1347 2221 1421 2262 bus
1450 2220 1563 2261 flexis
1588 2218 1638 2262 ad
1678 2218 1836 2275 januam
1871 2219 2094 2262 Refeetorii
2126 2220 2340 2263 Sororibus

1348 2277 1652 2333 egredientibus
1667 2289 1683 2328 3
1698 2288 1836 2331 petere
1851 2276 2148 2333 eleemosynam
2176 2279 2196 2319 a
2210 2279 2342 2320 Soro-

1349 2339 1457 2379 ribus
1479 2337 1519 2376 in
1551 2332 1786 2378 Refeerurio
1809 2364 1822 2388 ,
1852 2335 2098 2380 manducare
2122 2337 2163 2378 in
2190 2344 2298 2378 terra
2315 2361 2333 2386 ,

1349 2395 1458 2453 quod
1476 2394 1638 2436 dabitur
1650 2407 1752 2445 ,nec
1767 2394 1935 2451 amplius
1948 2423 1962 2447 ,
1981 2394 2128 2451 privari
2146 2392 2334 2449 portione

1351 2456 1511 2511 aliqua,
1537 2456 1717 2497 Crucem
1746 2452 1853 2497 ferre
1878 2453 1996 2510 super
2024 2454 2213 2496 humeros
2227 2447 2344 2504 ‚ser-

1351 2529 1396 2557 re
1410 2513 1578 2556 cordam
1597 2513 1635 2554 in
1650 2512 1789 2562 collo,
1806 2515 1843 2555 &
1860 2510 2000 2557 similia
2021 2541 2036 2554 .

1469 2572 1548 2614 Sed
1562 2577 1657 2613 'cum
1688 2569 1998 2616 fundamentum
2023 2572 2110 2614 vitae
2125 2567 2342 2625 Religiosae

1354 2635 1402 2675 fit
1427 2630 1659 2674 obedientia
1678 2633 1742 2682 ,&
1770 2629 1864 2675 bafis
1879 2646 1953 2683 ‚ac
1979 2631 2077 2686 lapis
2100 2627 2346 2671 fundamen-

1354 2691 1446 2735 talis
1469 2690 1516 2733 ad
1531 2686 1880 2734 conservationem
1897 2689 2155 2745 Religionum
2175 2716 2188 2740 ,
2217 2700 2342 2742 quare

1354 2754 1404 2794 ab
1423 2748 1491 2792 illa
1523 2748 1734 2792 ordientes
1755 2751 1957 2792 statuimus
1971 2775 1986 2797 2
2005 2746 2114 2804 quod
2137 2745 2236 2797 illa,
2257 2759 2343 2802 quae

1360 2809 1482 2852 fuerit
1501 2808 1736 2852 inobediens
1751 2836 1766 2860 2
1797 2811 1838 2851 δι
1864 2823 1933 2865 per
1947 2804 2192 2849 manifestam
2211 2804 2357 2848 rebel--

1362 2870 1513 2912 lionem
1548 2868 1567 2924 (
1595 2868 1661 2909 ubi
1689 2867 1743 2908 sui
1779 2866 1904 2911 officii
1929 2865 2162 2921 praemonita
2188 2861 2348 2922 fuerit)

1360 2929 1555 2971 mandato
1583 2929 1727 2969 Matris
1744 2924 2013 2984 Superbriffae
2041 2939 2117 2968 non
2135 2922 2350 2979 obtempe-

1362 2988 1512 3031 raverit
1530 3017 1546 3039 ,
1561 2987 1667 3040 quod
1691 2986 1751 3028 illi
1779 2988 1816 3029 in
1833 2985 2065 3041 particulari
2083 3011 2097 3035 ‚
2124 2992 2192 3024 aut
2213 2981 2346 3025 omni-

1364 3048 1436 3089 bus
1460 3048 1500 3088 in
1515 3059 1663 3102 genere
1686 3040 1814 3088 fuerat
1839 3045 2086 3090 intimatum,
2099 3042 2169 3084 illa
2183 3044 2235 3085 de
2252 3053 2347 3084 con·

1366 3105 1452 3147 silio
1483 3105 1703 3148 Diree'toris
1729 3135 1744 3158 ,
1763 3101 2047 3158 Superioriffae,
2070 3101 2110 3142 &
2139 3100 2344 3142 Discreta-

1366 3180 1458 3207 rum
1484 3165 1744 3207 constituatur
1759 3165 1799 3208 in
1813 3161 2020 3216 disciplina
2043 3172 2135 3201 cum
2150 3155 2310 3212 jejuniis
2324 3183 2340 3205 ,

1367 3226 1406 3266 &
1421 3223 1668 3266 abstinentiis
1685 3223 1770 3278 plus
1783 3249 1796 3271 ,
1813 3221 1878 3263 vel
1904 3220 2031 3262 minns
2055 3217 2161 3269 juxta
2183 3213 2344 3270 quanti·

1363 3292 1491 3325 tatem
1506 3311 1520 3330 ,
1544 3284 1583 3324 δι
1598 3282 1836 3339 qualitatem
1858 3276 1994 3320 delicti
2011 3274 2060 3317 ad
2074 3275 2204 3316 minus
2220 3274 2345 3330 spatio

1365 3343 1536 3385 duarum
1551 3339 1893 3384 hebdomadarum
1909 3344 1978 3378 aut
2003 3332 2188 3389 amplius,
2211 3334 2276 3375 nisi
2305 3334 2347 3374 in

1364 3402 1541 3445 veritate
1571 3398 1759 3441 conversa
1788 3427 1803 3450 ,
1833 3398 1874 3438 δε
1904 3394 2117 3437 humiliata
2136 3390 2280 3445 fuerit,
2311 3393 2352 3433 δι

1364 3462 1550 3517 privetur
1573 3457 1622 3500 ad
1644 3471 1793 3500 aunum
1820 3468 1919 3500 voce
1944 3462 2025 3496 tam
2045 3452 2174 3496 activa
2192 3479 2206 3504 ,
2228 3451 2348 3508 quam

1363 3519 1508 3578 passiva
1524 3548 1535 3559 .

1488 3581 1755 3633 Quapropter
1786 3576 1826 3618 in
1860 3571 2022 3629 fingulis
2062 3569 2348 3615 Conventibus

1361 3639 1480 3697 hujus
1505 3637 1670 3681 Ordinis
1693 3635 1764 3679 fiet
1784 3649 1860 3676 una
1886 3637 2062 3676 Camera
2091 3630 2340 3686 disciplinae,

1363 3702 1404 3742 &
1416 3696 1675 3741 correctionis
1691 3728 1706 3748 ,
1719 3709 1805 3754 quae
1817 3696 1863 3737 fit
1878 3691 2010 3744 fortis,
2027 3689 2270 3734 humanitati
2287 3697 2344 3729 ta·

1363 3773 1455 3803 men
1483 3755 1773 3799 consentanea.

1480 3816 1559 3862 111a
1576 3844 1590 3870 ‚
1603 3830 1687 3873 quae
1714 3816 1754 3859 in
1772 3812 1904 3858 verbis
1917 3840 1933 3863 ,
1957 3809 2131 3868 gestibus
2148 3802 2348 3907 ,ἓιέὶῑίἒ-Ιίἰς
