2612 4100
910 181 1545 300 Paristenfis.

202 331 514 392 praestantissima
528 336 596 376 tua
619 332 749 377 virtus
761 332 868 387 apud
890 336 979 376 Nos
991 348 1201 376 commen-

200 394 295 435 data
310 390 365 434 est
382 420 397 443 ‚
412 394 541 435 multa
571 393 663 435 Tibi
686 392 941 434 renunciabit
955 419 967 430 .
996 394 1199 436 interim„

2068 217 2189 302 49

1263 336 1464 376 Sacerdos
1480 331 1648 391 ‚Joieph
1662 331 1887 377 Pan-issensis
1910 336 2139 390 Capucinus
2153 364 2168 385 ‚
2200 352 2247 380 ea

1264 390 1518 435 libentissime
1532 393 1902 449 audivimus,atque
1915 393 1964 436 ad
1980 405 2144 448 optatos
2159 398 2246 439 exi-

198 451 425 493 cumomni
450 451 661 495 charitatis
693 450 837 495 affeetu
870 449 1092 492 Nobilitati
1124 461 1201 492 tuae
1263 459 1329 491 tus
1350 452 1572 504 perducere
1584 454 1692 494 omni
1707 466 1786 508 ope
1801 452 2065 494 conabimur.
2096 455 2246 496 Testari

197 511 376 554 nostram
404 512 677 566 Apostolicarn
701 509 1025 553 benedictionem
1049 509 1199 564 impar-

198 578 467 672 tlmurlssatum
498 631 637 672 Roma
663 626 769 683 apud
805 629 991 670 sanctam
1021 625 1194 668 Mariam

197 688 398 746 Maiorem
427 688 496 731 sub
522 687 688 733 Annulo
715 686 928 730 Piscatoris
946 696 1093 739 quarto
1120 699 1196 726 no·

196 762 267 793 nas
289 747 387 805 Julii
418 763 451 791 M
471 764 498 791 o
513 763 540 791 e
556 762 577 790 x
593 760 617 789 v
632 759 667 789 ι.
685 742 948 791 Pontificatus
965 743 1084 808 nostri
1101 745 1195 787 An-

195 822 249 853 no
271 805 522 851 duodecimo
538 833 552 847 .

800 925 948 967 Petrus
965 919 1108 964 sforza
1122 951 1135 965 .

253 1040 502 1097 Autograph.
531 1042 573 1082 in
599 1040 723 1083 Arcb.
756 1043 902 1083 secret.
927 1043 1115 1084 Brevium
1141 1039 1192 1082 ad

306 1101 523 1219 Ιὲἑὶᾷῗὶξειε-
543 1099 681 1159 regcss·
711 1100 845 1160 Mcrfi
865 1103 918 1151 θ’
934 1106 1041 1147 Ann.
1059 1101 1191 1156 praed.

192 1315 310 1330 -n-
1074 1314 1192 1328 μ

192 1400 404 1451 Eundem
430 1403 505 1450 Fr.
530 1397 787 1469 Josephum
816 1399 873 1451 de
901 1401 1188 1466 Tremblay,

258 1471 522 1522 litterarum
554 1472 706 1540 gloria
741 1474 919 1523 clarum
956 1509 971 1531 ,
1005 1474 1186 1542 pietatis

260 1541 434 1593 artibus
465 1543 715 1611 pollentem
737 1580 752 1602 ,
785 1561 1033 1611 rerumque
1053 1561 1185 1614 agen-

260 1611 430 1663 darum
486 1615 685 1681 peritum
733 1615 1021 1684 Religiosum
1070 1617 1185 1665 cele·

258 1682 362 1733 brat
387 1719 402 1741 ,
439 1700 639 1752 eumque
672 1685 719 1734 in
744 1702 968 1755 concepto
995 1687 1184 1738 liberan-

257 1753 307 1804 di
327 1755 534 1804 Orientis
566 1757 753 1823 negotio
781 1755 920 1826 digne
949 1759 1183 1826 applicari,

262 1825 384 1891 Regi
407 1823 788 1873 Christianiffimo
805 1824 1030 1892 fignificat
1045 1861 1059 1873 .

189 1958 414 2014 Charffmo
437 1963 483 1999 in
511 1958 663 2012 cbristo
689 1959 795 1999 Filio
819 1959 962 2012 nostro,
978 1960 1188 2008 Ludovico,

322 2017 568 2056 Francorum
586 2016 683 2066 Regi
699 2013 1022 2068 Chrsslaniffi‘mo
1037 2041 1050 2052 .

215 2141 626 2197 URBANUS
678 2142 894 2190 PAPA
954 2140 1148 2190 VIII.

211 2258 438 2317 Chariffime
462 2260 505 2302 in
535 2259 687 2316 Christo
716 2260 797 2303 Fue·
822 2257 948 2315 noster
962 2258 1156 2312 fhlutem,

338 2319 388 2368 (5
415 2318 675 2378 Apostolum
698 2317 1025 2364 Benediflionem.

287 2449 588 2507 Riumphalem
619 2450 838 2495 Gallorum
873 2451 1032 2506 Regum
1052 2449 1183 2504 pieta-

321 2519 404 2553 tem
422 2524 537 2566 ,quae
561 2510 653 2553 illos
678 2511 729 2553 ad
762 2512 979 2554 Orientem
1004 2509 1182 2551 liberan-

177 2565 273 2608 dum
301 2571 339 2612 &
378 2569 604 2613 barbariem
626 2568 923 2627 profligendam
950 2582 1031 2612 non
1057 2565 1178 2610 semel

175 2629 533 2677 ²¹'mavl'tacum1'n
548 2629 586 2672 se
610 2629 879 2675 reflorescere
903 2628 1074 2672 testetur
1090 2629 1179 2668 Ma·

178 2685 294 2742 jestas
319 2698 419 2736 tua,
445 2698 615 2743 eamque
644 2689 782 2745 cupiat
808 2689 1012 2732 ostentare
1028 2686 1177 2729 Natio-

172 2746 289 2789 nibus
302 2746 423 2789 Orbis
449 2754 652 2789 terrarum
668 2778 682 2799 ‚
699 2762 778 2790 non
794 2748 1008 2790 mediocre
1027 2759 1076 2787 ex
1089 2758 1176 2787 coe-

170 2803 261 2846 lesti
287 2806 364 2847 hoc
400 2804 567 2857 Regalis
596 2806 717 2847 animi
743 2805 909 2846 consilio
925 2804 1175 2858 percipimus

171 2861 364 2904 solatium
390 2890 402 2902 .
435 2861 639 2904 Plaudent
677 2864 859 2905 omnium
897 2862 1174 2905 saeculorum..-

171 2930 307 2964 aetates
330 2947 344 2970 ,
377 2918 615 2963 Charissime
642 2921 682 2962 in
713 2920 879 2964 Christo
905 2920 980 2963 Fili
1006 2921 1174 2972 noster,

175 2978 374 3036 ejusmodi
399 2978 608 3023 conatibus
634 2979 765 3035 dignis
796 2980 1011 3023 Ludovico
1029 2982 1169 3036 Rege.

171 3043 261 3083 Nos
276 3047 410 3081 autem
423 3063 437 3086 a
451 3051 499 3080 ne
515 3038 609 3081 Tibi
633 3048 716 3082 tam
741 3039 909 3082 uberem
929 3038 1169 3084 coelestem...

173 3098 396 3154 palmarum
422 3093 601 3151 segetem
627 3098 824 3142 intestinae
839 3096 1054 3142 seditiones
1068 3125 1082 3146 ³
1099 3107 1169 3141 aut

171 3155 396 3213 perniciosa
412 3155 521 3198 bella
547 3159 784 3215 praeripiant
795 3187 816 3210 ,,
831 3171 1025 3200 conamur
1041 3157 1170 3210 omni,

171 3215 249 3272 qua
273 3214 472 3274 possumus
495 3242 509 3265 ‚
539 3230 618 3272 ope
630 3231 772 3273 pacem
789 3217 896 3261 inter
911 3217 1165 3261 Christianos

169 3275 379 3332 Principes
395 3275 646 3326 conciliare,
675 3291 750 3333 qua
775 3290 858 3319 non
885 3275 1166 3327 coalescente,

167 3333 208 3374 δι
223 3335 491 3377 Barbarorum
516 3337 723 3383 temeritas
741 3336 1065 3380 debacchabitur
1079 3366 1094 3388 ,
1126 3337 1166 3377 δε

170 3392 352 3436 haeresum
377 3392 560 3451 pervidia
598 3396 759 3439 saeviet.
788 3395 976 3450 Concipe
1003 3393 1164 3452 spiritus

174 3449 236 3491 Te
248 3450 417 3506 dignos,
434 3455 525 3496 Rex
538 3455 811 3511 potentissime
826 3485 842 3506 ,
865 3467 1049 3510 expugna
1064 3452 1166 3496 diffi-

170 3507 346 3552 cultates
360 3526 498 3555 omnes
510 3542 526 3564 ‚
541 3528 628 3569 quae
641 3514 824 3558 additum
849 3513 1075 3557 occludunt
1089 3527 1164 3569 pu-

171 3567 287 3611 blicae
302 3569 478 3623 paci‚ut
504 3586 613 3614 arma
633 3573 796 3616 Italiam
818 3571 1071 3615 vulnerantia
1094 3586 1162 3627 pe-

1264 507 1334 550 ille
1355 513 1522 564 poterit,
1537 514 1655 567 quam
1669 508 2053 554 anxiumPontificiae
2066 511 2244 553 eharita-

1256 567 1307 607 tis
1334 582 1469 612 votum
1485 573 1527 611 sit
1550 572 1680 626 Regni
1697 572 1804 614 istius
1829 569 2020 614 foelicitas
2035 598 2050 622 ‚
2063 571 2102 611 δι
2118 569 2246 611 nomi-

1255 625 1316 667 nis
1347 627 1407 667 tui
1433 627 1561 680 gloria
1577 657 1587 668 .
1607 634 1694 673 Nos
1711 641 1844 674 autem
1858 631 1975 674 illum
1999 630 2094 672 istuc
2111 627 2245 671 redire

1257 682 1336 725 fine
1361 686 1500 738 amplo
1528 688 1821 734 benevolentiae
1840 690 1980 735 nostrae
2011 695 2246 731 commeatu

1255 755 1337 784 non
1352 744 1557 798 patimur-3
1577 749 1772 792 Sacerdos
1794 749 1901 792 enim
1915 749 2145 792 litterarum
2161 744 2247 802 glo-

1258 801 1318 842 ria
1338 801 1500 853 clarus,
1531 803 1691 856 pietatis
1721 809 1873 852 artibus
1909 808 2153 863 pollens‚et
2178 818 2246 846 re-

1256 873 1347 901 rum
1371 860 1640 914 gerendarum
1666 866 1821 919 peritus
1854 865 1989 911 iisdem
2029 863 2249 913 laudibus,

1254 922 1400 974 quibus
1427 920 1517 962 Tibi
1534 923 1845 967 commendatus
1861 926 1915 968 est
1929 925 2156 976 ‚demeruit
2174 935 2250 964 vo-

1254 976 1457 1021 luntatem
1481 978 1654 1021 nostram
1682 983 1722 1024 &
1751 983 1788 1024 in
1803 997 1879 1032 eo,
1903 985 2009 1038 quod
2030 979 2247 1038 Religiofis

1253 1037 1547 1079 Sacerdotibus
1563 1040 1623 1082 Te
1650 1041 1805 1096 graviffi
1814 1056 1874 1083 ma
1888 1042 2050 1098 negotia
2066 1042 2248 1083 libenter

1253 1096 1611 1141 mandaretestaris
1626 1127 1640 1149 ‚
1663 1098 1912 1156 agnoscimus
1948 1101 2141 1155 pietatem
2157 1127 2171 1151 ‚
2201 1112 2247 1140 ae

1253 1154 1514 1211 prudentiam
1529 1157 1747 1213 Majestatis
1762 1170 1837 1202 tuae
1856 1189 1867 1202 .
1895 1163 2028 1203 Nemo
2052 1159 2159 1202 enim
2174 1171 2251 1212 po-

1253 1215 1330 1257 test
1349 1213 1503 1259 felicius
1531 1216 1702 1271 gloriam
1737 1218 1861 1274 Regis
1889 1232 2063 1265 curare,
2093 1215 2244 1272 quam,

1252 1275 1319 1330 qui
1334 1275 1615 1329 omnipotenti
1645 1278 1801 1331 Regum
1826 1277 1982 1320 arbitro
1995 1275 2238 1322 famulatur,

1251 1334 1289 1376 &
1308 1333 1473 1376 laudem
1488 1335 1737 1378 conditionis
1753 1336 1821 1378 suae
1836 1335 2044 1378 constituit
2064 1334 2103 1375 in
2123 1345 2250 1385 opum

1249 1403 1491 1449 contemptu
1507 1421 1521 1444 ‚
1538 1395 1574 1434 &
1589 1396 1876 1450 procuratione
1898 1394 2070 1449 publicae
2096 1390 2249 1433 salutis.

1247 1453 1583 1496 OramusDeum
1601 1482 1615 1505 ‚
1639 1466 1682 1497 ut
1709 1453 1908 1507 Maiestati
1933 1463 2009 1496 tuae
2037 1449 2240 1507 propitius

1247 1510 1408 1561 faveat,
1426 1515 1511 1553 Nos
1540 1522 1676 1555 autem
1694 1513 1969 1568 Apostolicarn
1992 1509 2248 1555 Benedictio-

1246 1585 1337 1614 nem
1356 1571 1448 1614 Tibi
1479 1572 1742 1616 amantiffime
1760 1572 2015 1628 impartimur
2028 1600 2041 1614 .

1346 1692 1501 1741 Datum
1521 1693 1659 1735 Romae
1690 1689 1796 1745 apud
1829 1693 2013 1735 Sanctam
2039 1687 2246 1732 Mariam-2

1245 1748 1446 1806 Maiorem
1475 1751 1543 1793 sub
1556 1750 1721 1793 Annulo
1742 1749 1955 1792 Piscatoris
1977 1749 2044 1791 die
2070 1749 2250 1800 v11.1u-

1244 1807 1438 1903 girundae
1454 1822 1517 1851 xx
1532 1822 1568 1850 v.
1596 1806 1863 1850 pontificatus
1887 1807 2013 1850 nostri
2037 1808 2163 1847 Anno
2183 1804 2245 1845 se-

1305 1978 1554 2026 Autograpb.
1584 1978 1628 2015 in
1662 1980 1780 2018 Arch.
1806 1982 1953 2020 secret.
1982 1976 2168 2021 Bra-vium
2194 1977 2244 2020 ad

1362 2029 1571 2084 Principes
1590 2032 1738 2088 Regest.
1751 2034 1889 2090 Mctfis
1900 2063 1918 2085 ,
1932 2036 1980 2083 θ’
2002 2036 2243 2088 Annipraed.

1349 2084 1433 2143 sol.
1441 2097 1538 2142 305.
1556 2097 1661 2143 terg.

1244 2230 2243 2252 —-—-*—-—**—

1246 2325 1458 2376 Eundem
1497 2325 1834 2396 Fr.Josephum
1866 2329 2052 2381 confilia
2080 2332 2243 2400 profli-

1313 2397 1472 2467 gendae
1521 2398 1566 2445 in
1617 2400 1813 2448 Oriente
1863 2404 2108 2468 impietatis
2154 2401 2237 2452 fibi

1315 2486 1426 2518 curn
1458 2467 1700 2518 Pontificiae
1732 2487 1850 2519 curae
1868 2473 2095 2522 levamine
2114 2487 2238 2524 retu·

1311 2536 1405 2587 liffe
1433 2572 1450 2595 ,
1491 2540 1677 2608 Reginae
1727 2539 2118 2593 Christianiffimae
2167 2560 2235 2592 re·

1307 2624 1473 2678 ponit.

1240 2746 1477 2808 Chartffimae
1489 2755 1532 2794 in
1549 2751 1702 2809 Christo
1721 2753 1840 2795 Filiae
1855 2751 1994 2807 nostre
2006 2779 2020 2802 ,
2049 2751 2198 2794 Maria
2211 2778 2226 2802 ‚

1389 2812 1638 2855 Francorum
1682 2814 1839 2867 Reginae
1879 2809 2074 2867 cbrssia-

1542 2868 1698 2925 nffmae
1712 2898 1726 2922 ‚
1747 2870 1876 2913 Vidua
1888 2897 1902 2909 .

1265 2997 1675 3053 URBANUS
1738 2999 1943 3047 PAPA
1997 2999 2188 3047 VIII.

1232 3115 1460 3177 Chariffi‘ma
1485 3119 1528 3158 in
1554 3114 1704 3171 Christo
1732 3115 1842 3159 Filia
1865 3104 1996 3168 nostra
2014 3114 2218 3172 filmera,

1403 3177 1450 3225 ὅ
1467 3174 1721 3231 Apostolicam
1734 3173 2032 3217 benedmionem
2043 3203 2055 3216 .

1362 3273 1577 3318 lscordiam
1592 3270 1741 3316 inferni
1761 3272 1970 3325 sobolem,
1994 3276 2034 3318 δι
2049 3272 2215 3315 calami-

1378 3344 1504 3376 tatum
1519 3343 1754 3389 parentem,
1769 3347 1853 3389 quo
1882 3334 2012 3386 studi-o
2040 3342 2211 3374 conetur

1227 3393 1408 3450 Maiestas
1426 3404 1493 3435 tua
1508 3391 1531 3434 ὲ
1547 3390 1776 3435 Christiana
1796 3391 2020 3449 Republica
2035 3391 2211 3434 elimina·-

1227 3469 1270 3499 re
1290 3482 1304 3505 ,
1327 3452 1486 3494 testatus
1514 3450 1663 3507 ubique
1688 3451 1742 3494 est
1768 3450 1808 3493 in
1834 3453 1909 3495 hac
1923 3452 2056 3495 Patria
2076 3449 2210 3491 natio·

1226 3526 1320 3555 num
1351 3511 1520 3553 dilectus
1545 3511 1693 3562 Filius,
1720 3510 1958 3567 Religiosusj
1980 3508 2212 3555 Sacerdos,

1227 3574 1369 3615 Frater
1389 3569 1534 3625 Joseph
1556 3568 1778 3612 Parifiensis
1809 3569 2036 3624 Capucinus
2060 3594 2071 3606 .
2103 3565 2203 3622 Ejus

168 3634 258 3670 tant
274 3625 455 3682 jugulum
476 3628 694 3686 impietatis
710 3631 942 3688 tyrannicae,
955 3633 996 3674 δι
1011 3632 1161 3687 Regias
1223 3629 1356 3674 verbis
1373 3629 1569 3683 Regalem
1583 3628 1703 3671 animi
1721 3629 1779 3671 tui
1795 3627 1987 3683 pietatem
2002 3623 2202 3667 eit-tollen-

165 3699 308 3729 manus
333 3685 472 3729 lavare
487 3688 601 3742 poffis
622 3690 812 3748 {anguine
835 3699 1137 3746 peccatorum,
1149 3717 1160 3729 .
1221 3690 1329 3733 tibus
1344 3716 1357 3738 ,
1373 3692 1457 3731 Nos
1471 3688 1637 3744 quidem
1656 3686 1775 3730 fidem
1791 3686 1997 3728 habuimus
2013 3712 2028 3736 ,
2053 3683 2198 3739 quibus

168 3747 271 3803 Qae
284 3747 448 3801 negotia
464 3745 515 3788 ad
531 3747 633 3791 hanc
656 3764 740 3792 rem
763 3749 979 3804 spectantia
997 3760 1070 3793 tuo
1082 3763 1158 3791 no-

1216 3747 1425 3808 prospessa
1449 3746 1526 3803 jam
1551 3746 1707 3802 pridem
1734 3745 1789 3787 est
1813 3754 1932 3786 tantae
1951 3743 2113 3799 Reginae
2142 3745 2199 3785 in-

162 3808 273 3849 mine
287 3803 501 3854 disseruit,
532 3804 713 3851 Dilectus
738 3808 892 3859 Filius,
921 3808 1155 3867 Religiosus
1216 3807 1332 3852 doles
1362 3834 1378 3860 ³
1423 3805 1465 3848 in
1488 3803 1654 3864 publica
1691 3802 1888 3847 felicitate
1912 3802 2197 3846 constituentis

282 3865 386 3907 Tem.
407 3865 448 3909 V.

1713 3863 1755 3905 G
2047 3860 2149 3903 Gal-
