2638 4088
945 213 1675 334 Apostolica.

297 358 418 403 ritum
432 354 603 399 &inane
620 383 634 407 ‚
653 355 679 397 fi
695 355 806 402 secus
827 354 942 412 super
964 357 1025 402 his
1039 359 1062 405 ὲ
1077 371 1279 414 quoquam
1294 402 1297 404 ,

294 415 434 473 quavis
461 414 699 457 auctoritate
722 411 894 458 scienter
919 443 934 466 ‚
956 416 1019 459 vel
1046 416 1279 471 ignoranter

295 474 516 529 contigerit
539 482 649 516 atten
658 475 733 517 tari
752 504 764 517 .
788 479 886 525 Non
905 472 1151 516 obstantibus
1166 479 1278 518 Con-

291 532 578 581 filiationibus,
593 533 632 576 δε
654 531 990 577 Ordinationibus
1014 532 1279 586 Apostolicis,

290 606 363 635 nec
381 602 461 633 non
474 589 570 632 dieti
597 590 763 634 Ordinis
776 617 791 642 ,
816 590 856 632 δι
872 589 1175 631 Provinciarum
1199 590 1273 631 hu-

288 648 457 708 jusmodi
474 677 488 699 ‚
513 651 637 706 etiam
650 649 876 706 juramento
888 674 903 697 s
916 645 1273 697 confirmatione,

289 712 326 753 A
332 706 523 765 postolica
537 707 569 760 ,ί
578 707 644 749 vel
658 707 798 763 quavis
812 705 1001 748 firmitate
1014 705 1089 754 alia
1106 707 1275 749 robora·

290 769 342 810 tis
371 766 525 809 statutis
541 794 556 818 ‚
581 764 998 810 &consuetudinibus
1013 791 1029 815 ‚
1053 764 1275 820 privilegiis

288 838 451 883 quoque
475 823 672 873 indultis,
693 826 732 866 &
757 824 908 867 litteris
934 822 1174 877 Apostolicis
1200 823 1274 866 in.»

289 883 536 929 contrarium
551 880 837 939 praemiss'orum.
855 878 1164 936 quomodolibet
1177 894 1279 924 con·

289 940 398 984 ceffis
409 968 424 991 ‚
437 938 680 982 confirmatis
694 968 708 991 ,
724 943 763 981 ὃς
778 940 978 981 innovatis
991 951 1004 979 ε
1015 940 1097 999 Qi
1106 940 1176 982 bus
1191 952 1275 981 om·

290 1001 404 1042 nibus
419 1027 432 1050 ,
452 999 491 1039 δι
507 997 686 1052 lingulis,
700 997 865 1039 illorum
889 1007 1052 1040 tenores
1075 996 1275 1052 praesenti-

291 1060 364 1101 bus
379 1069 457 1111 pro
471 1054 618 1110 plene,
646 1056 687 1099 δε
718 1054 960 1097 sufficienter
987 1055 1172 1109 expreffis
1188 1084 1204 1106 ‚
1229 1067 1275 1097 ac

288 1117 341 1158 de
355 1114 484 1157 verbo
509 1113 560 1156 ad
576 1112 743 1158 verbum
760 1111 915 1157 insertis
940 1109 1170 1165 habentes²
1193 1112 1281 1154 illis.

288 1173 386 1218 alias
410 1173 450 1216 in
464 1170 534 1216 suo
548 1173 697 1216 robore
709 1170 986 1229 permansuris,
1001 1170 1051 1213 ad
1067 1168 1279 1228 praemisso-

289 1245 380 1276 rum
394 1230 577 1277 effeetum
607 1232 681 1275 hac
699 1231 786 1274 vice
806 1230 1002 1275 duntaxat
1025 1229 1280 1286 specialiter,

288 1295 328 1335 δι
342 1291 528 1346 expresse
543 1290 799 1347 derogamus,
816 1289 1047 1346 caeterisque
1063 1288 1280 1334 contrariis

289 1349 633 1407 quibuscumque.
664 1349 861 1392 Volumus
889 1359 1045 1400 autem,
1059 1357 1106 1392 ut
1123 1362 1280 1394 earum·

290 1410 383 1452 dem
399 1405 886 1464 praesentiumlitterarum
903 1407 1161 1465 transumptis
1173 1434 1187 1457 a
1214 1408 1281 1450 seu

288 1466 481 1523 exemplis
508 1494 522 1518 ‚
559 1466 683 1510 etiam
711 1467 930 1524 impreffis,
952 1481 1069 1511 manu
1107 1465 1280 1522 alicujus

289 1525 453 1571 Notarii
469 1524 619 1581 publici
637 1525 870 1581 subscriptis
886 1553 899 1575 ‚
923 1528 963 1567 δι
989 1525 1123 1588 sigillo
1146 1527 1282 1580 perso·

288 1598 346 1628 nae
371 1585 409 1626 in
433 1583 710 1626 Ecclefiastica
735 1583 935 1639 dignitate
953 1585 1178 1627 constitutae
1192 1598 1282 1626 mu·

287 1642 385 1686 nitis
417 1640 579 1685 eadem.
599 1639 759 1698 prorsus
789 1641 888 1684 fides
917 1644 1066 1698 ubique
1097 1643 1281 1686 locorum

288 1710 371 1744 tam
396 1701 434 1743 in
459 1699 607 1755 judicio
628 1728 644 1750 ,
682 1702 803 1756 quam
838 1713 953 1744 extra
995 1701 1097 1744 illud
1131 1703 1283 1745 habea-

287 1770 483 1816 tut-,quat
512 1760 734 1804 haberetur
752 1759 837 1812 ipfis
853 1759 1136 1814 praesentibus,
1164 1763 1190 1800 fi
1223 1759 1283 1801 fo-

300 1827 392 1863 rent
404 1818 591 1861 exhibitae
610 1844 628 1868 2
657 1816 722 1860 vel
737 1817 916 1861 ostensae.

411 1878 562 1917 Datum
578 1876 717 1917 Romae
747 1875 852 1929 apud
877 1878 1059 1920 Sanctam
1076 1876 1285 1918 Mariam-³

293 1935 492 1992 Majorem
508 1933 574 1975 sub
599 1932 768 1975 Annulo
782 1932 998 1976 piscatoris
1027 1935 1094 1977 die
1118 1948 1183 1976 xv.
1205 1938 1283 1976 De·

301 1994 473 2037 cembris
488 2004 748 2034 mnecxavtt.
761 1989 1178 2036 Pontificatus-Nostri
1194 1996 1284 2035 An-

297 2067 352 2096 no
370 2054 550 2094 ORavo.

351 2139 601 2221 Autograph.
626 2163 670 2206 in
701 2162 873 2206 Archivo
908 2166 1047 2206 secret.
1058 2162 1283 2205 Bavium-2

409 2224 715 2278 Apostolicorum
749 2221 902 2278 Regsso
941 2224 1037 2266 anni
1072 2221 1126 2269 ῤ’
1164 2219 1297 2278 mensi·

336 2298 340 2301 ²
399 2280 684 2336 praedifforum
695 2307 707 2320 .

293 2525 352 2575 In
375 2516 508 2567 Locis
552 2513 822 2565 Miffionum
847 2550 868 2573 ,.
904 2515 951 2564 in
974 2511 1138 2582 quibus
1184 2515 1290 2560 Fra-

363 2603 453 2638 tres
493 2583 711 2635 Ecclefias
752 2587 956 2652 proprias
988 2601 1076 2634 non
1106 2581 1288 2637 habent,

366 2656 685 2726 Indulgentias
710 2656 902 2704 Ordinis
924 2691 939 2713 ,
970 2650 1180 2704 Ecclefiis
1198 2654 1288 2701 Sae-

370 2729 596 2778 culariurn
633 2739 733 2774 tum
775 2743 858 2791 pro
889 2722 993 2791 ipfis
1037 2721 1288 2777 Fratribus,

369 2812 472 2848 tum
500 2813 582 2862 pro
615 2791 819 2844 Personis
841 2792 1137 2844 Saecularibus
1166 2807 1288 2840 com-

374 2868 580 2916 municat
600 2899 613 2914 .

303 3005 621 3058 BENEDI
644 3001 861 3056 CTUS
899 3004 1106 3053 PAPA
1138 3003 1286 3053 XIV.

462 3143 531 3187 Ad
542 3151 775 3200 perpetuam
803 3142 864 3185 rei
885 3140 1108 3185 memom‘am
1120 3169 1134 3184 .

375 3294 377 3296 ·
426 3269 592 3315 AElestes
623 3270 811 3314 Ecclefiae
825 3269 1067 3320 Thesauros,
1082 3283 1287 3326 quorum„

439 3325 781 3385 dispensationem
806 3327 899 3371 fidei
942 3328 1080 3370 nostrae
1109 3329 1286 3371 credidit

308 3385 535 3428 Attiffimus
550 3413 564 3436 2
576 3388 632 3441 iis,
649 3387 886 3441 potlssimum
919 3385 1260 3429 Christifidelibus
1274 3413 1288 3435 ‚

307 3443 449 3499 quibus
464 3447 798 3501 opportunitas,&
811 3445 1069 3488 commodum
1093 3443 1284 3488 Ecclesia-

308 3515 399 3550 rum
413 3527 429 3551 ‚
445 3503 783 3557 quemadmodum
801 3505 896 3545 alibi
912 3505 1114 3559 reperitur
1127 3531 1142 3552 ‚
1174 3516 1284 3544 non-2

307 3558 581 3612 est,1ibenter
597 3575 831 3616 erogamus.
864 3563 974 3604 Alias
1004 3561 1194 3615 siquidem
1220 3559 1288 3603 fel.

307 3619 468 3662 record.
486 3619 672 3663 Urbanus
697 3622 802 3672 Papa
816 3619 931 3660 VIII.
950 3617 1202 3674 praedeceffor
1220 3633 1291 3659 no-

305 3676 449 3728 ster‚ad
467 3676 799 3732 supplicationem
815 3684 909 3717 tunc
932 3678 1179 3719 existentium
1194 3677 1297 3719 Prot

307 3734 509 3787 vincialis,
523 3736 563 3776 &
578 3736 769 3779 Fratrum
782 3733 944 3776 Ordinis
961 3738 1164 3776 Minorum
1179 3737 1277 3776 San-

307 3797 359 3839 cti
385 3793 585 3896 Franciil‘Ji
607 3795 913 3852 Capucinorum
938 3804 1295 3849 nuncupatorum..-

424 3856 526 3898 Tomt
566 3881 578 3895 ι

2097 245 2262 334 305

1340 358 1563 402 Provinciae
1577 357 1777 406 Helvetiae
1789 355 1874 402 suas
1887 355 1926 401 in
1941 354 2055 398 simili
2081 355 2207 403 forma
2222 367 2318 405 Bre-¹

1342 421 1400 460 vis
1422 419 1576 459 litteras
1598 418 1712 460 dedit
1729 416 1880 460 tenoris
1896 416 1991 471 ,qni
2007 417 2188 469 sequitur
2206 432 2218 459 :
2239 424 2319 461 Ur-

1342 478 1466 521 banus
1480 477 1586 529 Papa
1609 478 1726 517 V111.
1742 475 1907 518 Dilectis
1936 472 2047 515 Filiis
2062 475 2322 526 Provinciali,

1342 539 1382 579 &
1408 534 1613 577 Fratribus
1627 534 1796 578 Ordinis
1813 533 2018 575 Minorum
2049 532 2179 577 Sanc‘ti
2194 533 2322 576 Fran-

1333 593 1427 636 cisci
1443 594 1740 647 Capucinorum
1756 605 1885 635 nuncu
1892 590 2325 647 patorun1‚Provinciae

1333 652 1559 696 Helveticae
1574 678 1589 701 ,
1617 650 1784 692 salutem
1799 680 1812 701 ‚
1836 651 1877 691 δε
1904 648 2173 705 Apostolicam
2195 651 2327 690 Bene-

1332 710 1548 753 dictionem
1563 738 1575 749 .
1608 708 1673 748 Ad
1685 707 1908 762 augendam
1940 708 2103 750 vestram
2141 707 2327 761 Religio-

1333 782 1426 814 nem
1441 795 1455 818 ,
1473 767 1514 807 δι
1527 767 1750 810 animarum
1765 765 1935 808 salutem
1949 797 1964 817 ,
1994 766 2226 809 coelestibus
2245 767 2326 807 Ec-

1337 827 1461 869 clestae
1478 821 1672 865 thesauris
1687 823 1752 878 pia
1767 824 1966 868 charitate
1983 825 2159 875 intenti,
2192 821 2328 867 Vobis

1339 884 1545 932 omnibus,
1558 883 1599 925 δι
1615 882 1667 921 fin
1701 880 1774 923 ulis
1793 882 1891 923 vere
1906 884 2199 936 poenitentibus
2215 911 2232 933 ³-
2245 883 2325 929 &e-

1335 942 1541 1000 Rcfi'duum
1563 942 1627 981 uti
1638 894 1768 995 siprd
1771 937 1877 997 fola
1885 953 1928 996 9.

1451 997 1657 1058 Qoniam
1674 1007 1807 1040 autem
1826 1012 1956 1055 nuper
1969 1014 2042 1055 pro
2059 1007 2172 1054 parte
2187 996 2327 1043 dileeti

1337 1057 1430 1103 Filii
1450 1056 1727 1105 procuratoris
1746 1057 1958 1102 Generalis
1972 1058 2147 1115 ejusdem
2161 1057 2329 1102 Ordinis

1339 1116 1469 1165 Nobis
1495 1115 1761 1170 supplicatum
1792 1114 1868 1157 fuit
1897 1144 1912 1166 ‚
1954 1128 2002 1160 ut
2029 1117 2231 1159 indultum
2257 1128 2331 1170 per

1339 1173 1588 1233 praeinsertas
1597 1173 1748 1216 Urbani
1765 1173 2062 1218 Praedecefforis
2078 1176 2249 1231 praedie‘ti
2266 1174 2332 1215 lit·-

1341 1244 1449 1280 teras
1462 1233 1671 1276 Fratribus
1687 1231 1913 1288 hujusmodi
1935 1236 1973 1275 in
1992 1234 2206 1277 Provincia
2223 1232 2332 1277 Hel·

1343 1293 1472 1336 vetica
1503 1292 1696 1333 duntaxat
1728 1291 1968 1346 degentibus
1994 1291 2219 1337 concessum
2247 1303 2330 1334 non

1341 1350 1467 1395 solum
1480 1350 1537 1393 adt
1548 1351 1707 1392 Fratres
1725 1349 1861 1392 omnes
1877 1348 2053 1408 ejusdem
2069 1350 2249 1399 ordinis,
2263 1345 2334 1403 qui

1342 1413 1380 1455 in
1424 1409 1653 1453 Provinciis
1693 1409 1801 1451 ultra
1829 1413 1990 1453 Montes
2033 1416 2333 1451 commorantes

1342 1470 1550 1513 sacrorum
1591 1469 1869 1524 operariorum
1919 1467 2335 1521 Misfionariorumque

1343 1529 1565 1571 functiones
1582 1558 1600 1582 ‚
1626 1525 1758 1570 officia
1779 1554 1793 1576 a
1828 1529 1868 1569 ὃ(
1890 1527 1967 1570 alia
1987 1526 2157 1583 'pietatis
2178 1529 2337 1579 opera-J

1343 1596 1539 1644 peragunt
1557 1615 1571 1637 ‚
1607 1587 1747 1628 verum
1764 1587 1884 1629 etiam
1900 1587 1948 1629 ad
1969 1600 2037 1630 eos
2057 1583 2261 1640 utriusque
2274 1583 2336 1628 se·¹

1343 1645 1417 1691 xfis
1433 1644 1758 1694 christifideles,
1786 1646 1854 1702 qui
1871 1645 2018 1688 eisdem
2046 1642 2338 1690 functionibus5

1343 1704 1484 1749 officiis
1498 1732 1515 1754 ,
1546 1704 1583 1744 &
1599 1705 1762 1759 pietatis
1787 1706 1978 1760 operi-bus
2008 1717 2078 1757 per
2091 1702 2217 1743 distas
2230 1701 2336 1763 Pro:

1346 1765 1496 1806 vincias
1513 1761 1618 1803 ultra
1638 1766 1802 1804 Montes
1825 1766 1876 1804 ab
1902 1763 1992 1818 ipsis
2011 1760 2219 1803 Fratribus
2245 1756 2334 1799 fier!

1346 1820 1470 1865 solitis
1485 1820 1682 1861 intersunt
1697 1847 1711 1871 ²
1740 1821 1960 1862 extendere
1974 1845 1988 1867 2
2022 1821 2061 1859 &
2087 1818 2138 1859 de
2153 1815 2335 1870 benig-ni-

1346 1889 1430 1921 tate
1446 1881 1476 1919 A
1483 1876 1676 1932 pollolica
1698 1877 1921 1920 concedere
1934 1879 2196 1936 dignaremur
2210 1892 2222 1915 ’.
2248 1877 2336 1916 Nos

1345 1938 1470 1994 igitur
1498 1936 1570 1991 piis
1601 1934 1780 1989 ejusdem
1816 1938 2095 1980 Procuratoris
2122 1932 2338 1976 Generalis

1347 1995 1676 2050 votisquantnm
1693 2008 1783 2035 cum
1799 1996 1977 2038 Domino
1992 1992 2209 2051 poffumus,
2220 1990 2339 2033 beni-

1343 2055 1421 2107 gne
1434 2067 1611 2096 annuere
1643 2052 1823 2095 volentes
1844 2083 1858 2106 ‚
1886 2048 2069 2110 eu’nique
2089 2055 2110 2096 a
2136 2049 2336 2108 quibusvis

1341 2109 2114 2164 excommunicationis,suspenfionis‚&
2131 2106 2339 2153 interdicti

1344 2163 1510 2220 aliisque
1524 2164 1808 2206 Ecclesiasticis
1824 2166 2054 2216 sententiis,
2080 2167 2275 2214 censuris,
2297 2166 2340 2205 &

1349 2224 1481 2280 poenis
1498 2250 1511 2272 a
1531 2226 1555 2267 a
1570 2222 1658 2276 jure
1673 2252 1686 2274 ,
1714 2223 1843 2267 vel'ab
1869 2225 2049 2276 homine,
2063 2225 2201 2281 quavis
2215 2237 2339 2265 occa-

1348 2284 1486 2330 sione,
1513 2281 1837 2333 velcausalatis,
1860 2285 1885 2325 fi
1906 2284 2045 2340 quibus
2076 2281 2341 2339 quomodoli-

1347 2339 1414 2378 bet
1429 2338 1629 2378 innodatis
1654 2339 1802 2388 existit,
1817 2340 1870 2381 ad·
1883 2341 2067 2382 effectum
2082 2339 2340 2394 praesentium

1348 2393 1503 2436 tantum
1531 2393 1884 2447 consequendum,
1916 2397 2057 2438 harum
2083 2396 2184 2436 serie
2209 2395 2340 2443 abs01÷

1347 2465 1518 2498 ventes,
1549 2450 1826 2494 &absolutum
1854 2451 1945 2493 fore
1974 2452 2213 2503 censentes,
2245 2453 2338 2507 sup-

1349 2509 1633 2567 plicationibus
1662 2507 1885 2563 hujusmodi
1902 2510 2113 2562 inclinati,
2134 2507 2341 2566 praeinser-

1349 2580 1434 2610 tum
1446 2565 1672 2621 hujusmodi
1690 2567 1896 2608 indultum
1909 2568 2060 2610 Urbani
2074 2565 2337 2612 Praedeceffo·

1349 2627 1404 2668 ris
1420 2624 1590 2681 praediffl
1609 2625 1676 2666 sub
1690 2624 1828 2668 iisdem
1841 2626 1965 2668 modo
1979 2655 1992 2676 ,
2013 2627 2052 2666 ὅτ.
2067 2624 2192 2668 forma
2205 2651 2220 2674 ς.
2248 2633 2334 2669 tam

1348 2684 1398 2727 ad
1415 2695 1658 2725 memoratos
1674 2685 1969 2738 Fratres‚qua'm
1988 2683 2042 2725 ad
2054 2683 2260 2739 utriusque
2275 2682 2338 2724 se-

1347 2741 1419 2784 xfis
1434 2741 1726 2786 Christifideles
1749 2745 1795 2786 in
1809 2743 2035 2787 Provinciis
2051 2742 2158 2785 ultra
2171 2745 2335 2785 Montes

1346 2800 1539 2858 praedietis
1550 2800 1777 2855 degentes,
1803 2801 2025 2845 dummodo
2050 2798 2236 2858 praemiffa
2248 2812 2335 2841 om·

1348 2862 1415 2903 nia
1447 2862 1675 2915 peregerint
1702 2886 1716 2909 2
1751 2860 2002 2903 extendimus
2028 2889 2042 2911 ‚
2077 2858 2335 2913 iisdemque)

1348 2920 1631 2961 concedimus·
1666 2922 1760 2962 Non
1789 2920 1973 2962 obstante
1997 2918 2135 2973 regula
2161 2916 2337 2960 Cancel-

1348 2976 1453 3020 lariae
1468 2977 1604 3019 nostrae
1619 2977 1855 3032 Apostolicae
1882 2978 1934 3019 de
1948 2990 2031 3018 non
2058 2973 2333 3018 concedendis

1346 3035 1616 3090 indulgentiis
1642 3035 1841 3087 adinstar,
1864 3035 2095 3090 caeterisque
2121 3031 2333 3077 contrariis

1347 3094 1687 3151 quibuscumque.
1713 3093 1973 3137 Praesentibus
1988 3121 2003 3143 a
2017 3093 2220 3149 postquam
2235 3093 2334 3133 Fra-

1347 3164 1432 3196 tres
1450 3153 1622 3207 praediffti
1640 3153 1817 3207 proprias
1845 3152 2042 3196 Ecclefias
2064 3152 2104 3194 in
2132 3149 2336 3194 Domibus-

1347 3211 1422 3253 suis
1435 3223 1765 3264 quarumcunque
1783 3212 2080 3254 provinciarum
2094 3211 2205 3253 ultra
2217 3208 2335 3250 Mon-

1347 3280 1408 3312 tes
1423 3269 1635 3309 habuerint
1653 3294 1668 3316 ,
1685 3268 1846 3311 minime
1861 3269 2042 3313 valituris
2056 3297 2070 3309 .

1465 3328 1613 3367 Datum
1643 3328 1783 3368 Romae
1820 3327 1922 3382 apud
1956 3330 2136 3371 Sane'tam
2163 3325 2334 3370 Mariam'

1349 3383 1542 3434 Maiorem
1564 3383 1631 3424 sub
1653 3384 1822 3428 Annulo
1837 3385 2044 3430 Piscatoris
2064 3386 2130 3429 die
2143 3398 2237 3427 xlv.
2255 3385 2333 3425 Fe-

1347 3444 1494 3486 bruarii
1513 3456 1707 3484 moccxtt
1721 3458 1754 3484 1.
1767 3443 2036 3489 pontificatus
2059 3443 2195 3489 Nostri
2210 3443 2332 3483 Anno

1351 3502 1538 3547 Secundo
1557 3529 1568 3542 .

1675 3564 1738 3608 D.
1753 3559 1892 3611 card.
1913 3561 2167 3613 Paffioneus
2180 3591 2196 3607 .

1416 3677 1666 3730 Autograph.
1679 3675 1721 3717 in
1737 3678 1906 3721 Archivo
1934 3682 2076 3720 Secrct.
2106 3676 2333 3718 Bavium-J

1471 3740 1557 3788 Apo
1571 3743 1583 3755 ¹·
1593 3738 1772 3777 oticorum
1787 3735 2032 3791 Regss-anm'
2047 3735 2101 3787 ὠ·
2113 3736 2333 3794 mens-'prat

1470 3793 1608 3846 (ίιὶῗον.
2067 3839 2071 3842 .

1834 3854 1915 3911 Q
2149 3850 2279 3909 PRQ·
