2612 4100
915 243 1333 338 Tur-eoae
1356 248 1582 363 nfis.
2084 258 2189 351 85

213 390 354 429 uitaret
367 391 407 426 ad
420 392 541 434 gratias
551 393 752 438 propensum
765 413 776 425 .
801 391 937 427 Fortius
951 391 983 425 iu
997 396 1142 431 eundem
1154 396 1253 430 finem
1265 393 1338 439 egit
1354 394 1538 440 versipellis
1548 395 1693 435 Petrum
1715 392 1925 438 quantumvis
1945 393 2034 429 enim
2053 394 2175 436 titterae
2196 401 2259 436 Pa-

225 438 380 476 triarehae
395 464 405 480 ,
430 440 604 488 laudesque
617 442 656 476 ab
669 440 836 486 Episcopo
848 440 932 475 datae
943 439 1076 475 abunde
1094 453 1171 476 eum
1182 442 1379 486 Imperatori
1398 443 1671 480 commendarent
1682 466 1694 483 ,
1717 440 1926 477 nihilosecius
1946 465 1958 482 ,
1981 442 2061 479 dum
2088 445 2257 484 scholam„

223 488 387 535 publicam
401 500 467 534 pro
476 490 494 526 J
498 490 668 526 uventutis
680 487 896 525 instructione
915 485 949 522 in
960 485 1084 532 linguis
1096 489 1269 529 Graeca,&
1288 489 1450 526 Hebraica
1461 516 1473 533 ,
1493 492 1529 526 in
1541 489 1708 535 AEthiopia
1723 488 1902 535 plurimu-m
1927 489 2087 525 aestimatis
2098 494 2259 538 erigeret,

211 546 399 582 'aegrorum
412 550 524 575 curam
563 539 688 576 ratuito
698 535 876 581 susciperet
889 560 902 576 ‚
929 537 965 572 δε
987 535 1069 570 ritus
1081 536 1307 572 Schismaticos
1321 542 1462 574 externa
1474 541 1597 585 pietate
1620 541 1768 575 servaret
1781 561 1792 580 ,
1816 538 1960 575 Caesarei
1981 538 2104 574 amoris
2126 539 2160 574 se
2182 541 2258 577 fecit

222 585 486 623 arbitrumthinc
497 588 544 624 Pa
557 584 672 626 atium,
682 585 798 621 hortus
815 582 929 624 Christi
943 583 1082 624 dffltlm,
1101 584 1214 621 Caesar
1226 584 1317 620 Petri
1327 587 1396 626 iuri
1409 588 1548 631 addixit,
1557 597 1633 624 eum
1650 588 1690 623 ad
1700 587 1841 624 concilia
1855 586 1967 632 Regni
1989 586 2139 627 vocavit,
2148 589 2183 623 &
2197 601 2257 624 ceu

220 634 427 679 prophetam
442 636 485 671 de
494 633 595 671 Coelo
610 634 668 671 fibi
689 634 817 668 missum
835 632 980 678 suspexit
993 655 1004 666 .
1029 632 1055 667 F
1059 631 1144 668 lante
1157 640 1221 668 tam
1234 633 1378 669 suaviter
1394 637 1572 681 gratiarum
1584 637 1812 673 Caesarearum
1825 635 1988 682 Zephyro
1998 659 2013 676 ,
2027 637 2061 671 ἃ
2072 635 2259 680 Episcopus,

218 684 257 718 δε
268 682 390 718 Petrus
405 683 632 721 Misstonarios
651 681 772 718 Gallos
783 689 875 717 tetro
889 679 1007 716 colore
1021 681 1208 716 describere
1221 692 1394 726 coeperunt
1406 707 1419 722 ,
1445 682 1583 730 illosque
1593 685 1637 719 ab
1646 685 1782 730 Imperii
1795 682 2135 722 finibuseoercendoa
2148 685 2259 726 essm.

207 731 277 767 ‘fib
289 730 378 767 varia
396 732 535 778 ambage
549 729 944 768 consuluerunt-Accessit
958 739 1078 764 eorum
1093 727 1251 765 voluntati
1261 729 1499 776 Imperator,&
1513 732 1799 768 Gubernatoribus
1811 732 2085 773 ‹Provincias-um,
2098 743 2143 769 ne
2153 730 2260 770 ullum

210 778 436 827 ‘Religiosum
444 778 580 816 Gallum
598 777 810 816 catholicum
823 779 864 813 ad
878 776 1058 822 Imperium
1072 778 1283 814 admitterent
1293 802 1304 820 ,
1331 778 1502 815 severiore
1519 779 1636 815 edicto
1647 780 1862 826 praescripsit.
1888 780 2025 818 Interim
2042 780 2112 818 Pr.
2123 780 2259 820 Mitrro-

221 828 308 864 narii
325 828 368 863 de
384 829 420 864 iis
432 827 507 864 telis
519 852 531 869 ,
554 839 628 874 quae
643 826 850 873 ingratitudo
866 827 900 862 δι
917 823 1036 862 malitia
1049 833 1164 861 contra
1176 826 1281 863 cosin
1298 827 1467 873 AEthiopia
1480 828 1639 863 cuderant
1655 849 1667 866 ,
1691 838 1754 863 uec
1769 828 1989 871 somniantes,
2001 829 2038 867 δι
2053 829 2154 866 variis
2169 829 2259 869 litte·-

222 877 264 911 ad
278 875 521 921 Imperatorem
534 899 544 910 .
564 876 763 922 Episcopum
778 877 845 912 &c.
873 873 1015 913 muniti,
1038 886 1127 910 anno
1147 876 1248 920 1638.
1269 875 1375 912 Caire
1388 875 1587 916 solverunt,
1610 872 1763 921 felicique
1789 876 1910 913 itinere
1931 878 2100 925 Suaquem
2126 877 2260 913 Civita-

223 932 308 965 tem,
321 925 402 962 olim
415 924 663 962 Ptolemaidem
677 924 823 958 ferarum
845 930 1069 965 nuncupatam
1084 946 1096 963 ,
1114 924 1317 965 attigerunt,
1341 925 1362 959 ὲ
1383 923 1506 960 Graeco
1518 923 1660 964 Latino,
1675 923 1898 964 Constantino
1924 935 2072 968 vocato,
2097 937 2173 962 cum
2185 936 2259 972 quo

220 971 316 1010 Cairi
331 973 432 1008 amice
445 982 547 1018 agere
558 967 708 1007 solebant
724 995 735 1011 ,
754 970 900 1016 benigne
914 969 1048 1015 excepti
1067 993 1077 1003 .
1104 971 1204 1006 Varia
1219 971 1275 1007 hic
1286 971 1419 1007 'itineris
1434 971 1709 1018 prosecutionem·
1720 971 1955 1015 suspendebant
1967 987 1978 1007 ε
2003 975 2037 1010 &
2049 972 2263 1021 quantumvis

219 1021 240 1056 a
251 1019 464 1059 Miffionariis
481 1020 659 1065 Agam,qui
673 1030 819 1054 annuum
831 1018 989 1054 tributum
1012 1029 1077 1063 pro
1093 1018 1270 1064 AEthiopiae
1284 1020 1489 1066 Imperatore
1505 1019 1662 1057 Erkikum
1677 1027 1813 1068 portare
1826 1021 2148 1066 deberet,expectari
2160 1023 2260 1058 Con-

217 1066 374 1103 stantinus
386 1065 527 1103 suafiffet
538 1088 554 1111 ‚
576 1066 793 1105 nihilominus
818 1065 986 1112 longioris
1002 1077 1108 1103 morae
1121 1069 1247 1112 perraefi
1262 1070 1280 1104 'a
1291 1068 1438 1115 quodam
1456 1068 1598 1114 Officiali
1613 1066 1827 1114 Imperatoris
1835 1066 2014 1113 AEthiopiae
2042 1068 2198 1107 Erkikum
2226 1069 2259 1104 se

203 1113 361 1150 ‘conduci
372 1116 534 1152 >curarunt
547 1138 558 1150 .
582 1116 620 1152 In
635 1114 794 1153 hocloco
805 1116 1046 1152 commercium
1057 1139 1068 1156 ,
1083 1117 1176 1163 quod
1194 1117 1238 1153 ibi
1253 1115 1315 1153 late
1327 1117 1442 1158 floret,
1455 1118 1494 1153 ad
1513 1126 1593 1153 vota
1603 1116 1812 1153 occasionem
1821 1116 1967 1161 praebuit
1982 1116 2120 1154 Barvam
2144 1118 2260 1164 usque.

203 1160 331 1209 ‘Regni
346 1164 402 1200 seu
419 1164 608 1202 Provincia
623 1165 839 1211 Barnagassiae
853 1165 977 1201 Urbem
994 1164 1185 1209 capitalem,
1197 1166 1258 1200 iter
1268 1166 1496 1212 prosequendi
1507 1189 1518 1199 .
1544 1164 1618 1201 Fuit
1638 1167 1684 1202 δι’
1696 1164 1729 1199 in
1750 1164 1809 1199 hac
1820 1163 1967 1211 glorioss
1986 1163 2040 1201 illa
2052 1167 2211 1211 palaestra,
2225 1165 2260 1200 in

217 1221 282 1258 qua
297 1212 418 1248 ardens
433 1223 556 1250 eorum
569 1213 662 1250 zelus
675 1214 837 1260 Mat-tyrii
851 1213 1006 1259 primitiis
1019 1213 1157 1249 debebat
1168 1214 1316 1261 insigniri
1331 1227 1342 1248 ε
1365 1214 1685 1251 Gubernator-enim
1702 1213 1860 1261 Caesareo
1872 1213 2018 1249 influens
2032 1215 2146 1250 edicto
2156 1238 2167 1253 ‚
2191 1212 2264 1248 coi·

214 1257 287 1295 latis
297 1270 377 1296 cum
389 1260 526 1299 Vicat-io
550 1261 700 1308 Episcopi
714 1262 868 1309 Abyffini
887 1262 933 1298 ibi
947 1262 1093 1308 degente
1118 1263 1262 1299 consiliis
1273 1287 1286 1304 ‚
1309 1272 1445 1309 gentem
1472 1272 1552 1299 cum
1573 1273 1734 1299 caravana
1759 1261 1995 1297 adventantem
2021 1262 2185 1298 morosius
2199 1261 2264 1296 ob-

217 1307 364 1346 servavit
378 1334 390 1351 ,
414 1311 450 1348 ἃ
462 1321 507 1346 ex
520 1310 666 1347 candore
681 1310 774 1347 faciei
782 1309 977 1357 Religiosos
987 1309 1104 1346 Gallos
1121 1335 1131 1352 ‚
1145 1311 1264 1358 quibus
1277 1312 1440 1357 ingressus
1450 1312 1482 1348 in
1501 1311 1705 1358 AEthiopiam
1721 1311 1798 1345 esset
1809 1310 2008 1346 interdictus
2021 1333 2033 1350 ,
2052 1309 2261 1345 >commixtos

215 1357 283 1393 effe
308 1359 404 1395 novit
418 1371 430 1393 .·
451 1358 649 1396 consultius
669 1368 781 1396 tamen
806 1367 843 1393 ut
869 1359 1065 1400 incederet,
1090 1358 1230 1395 sarcinas
1250 1371 1370 1396 eorum
1392 1361 1515 1407 aperiri
1534 1361 1624 1403 suffit
1641 1385 1652 1401 ,
1674 1359 1708 1394 in
1725 1357 2051 1403 isque,dum1„ibros
2065 1381 2077 1397 ‚
2103 1354 2258 1397 Calices,

216 1403 348 1453 aliaque
364 1405 586 1444 Sacerdotalia
594 1415 785 1454 paramenta
794 1408 963 1444 contineri
976 1407 1064 1444 vidit
1081 1432 1092 1449 ,
1115 1419 1176 1444 eos
1187 1409 1310 1445 catenis
1335 1410 1469 1446 onustos
1480 1434 1492 1451 ,
1515 1411 1551 1446 &
1565 1409 1596 1445 se
1611 1409 1786 1444 Romanos
1794 1404 1998 1443 Cutho‘licos
2024 1404 2127 1442 libere
2151 1405 2259 1450 profi·

215 1461 348 1496 tentes,
374 1455 502 1492 carceri
514 1466 587 1492 man
610 1457 619 1465 “
644 1456 711 1493 avit
724 1470 735 1490 ε
758 1455 809 1492 ob
818 1464 1082 1502 reperta-stamen
1099 1455 1224 1494 litteras
1237 1457 1454 1503 imperatori,
1479 1457 1645 1505 Episcopo
1656 1458 1722 1493 &c.
1738 1454 1919 1499 inscriptas,
1934 1462 1996 1489 δοῦ
2019 1463 2083 1489 nec
2104 1454 2174 1489 vit&
2187 1453 2260 1499 pri·

213 1512 298 1539 vare
310 1526 322 1544 ,
346 1513 409 1539 nec
424 1504 466 1540 ad
476 1510 587 1548 partes
636 1504 736 1552 gypti
751 1503 863 1541 reduci
876 1504 985 1542 voluit
999 1528 1010 1546 ‚
1034 1505 1089 1540 sed
1103 1505 1202 1541 missis
1214 1507 1255 1542 ad
1270 1506 1510 1552 Imperatorem
1522 1506 1642 1544 litteris
1657 1529 1668 1545 ‚
1692 1504 1774 1551 quid
1786 1511 1860 1540 cum
1876 1502 1914 1537 iis
1936 1502 2257 1549 foretagendumm

205 1550 386 1596 'requisivit
401 1575 413 1586 .
437 1552 605 1589 Detentus
618 1552 654 1590 in
667 1563 804 1591 earcere
819 1553 929 1590 Soror
939 1552 1185 1591 Gubernatoris
1197 1580 1208 1596 ‚
1233 1553 1402 1602 Religiosa
1411 1555 1616 1593 Schifinatica
1626 1581 1637 1598 ,
1661 1553 1806 1590 invisere
1816 1551 2016 1590 consuevit,
2041 1551 2096 1586 vel
2107 1576 2118 1592 ‚
2141 1560 2175 1585 ut
2190 1554 2258 1595 prb

213 1597 362 1645 ingenita
374 1600 598 1648 compassione
609 1608 671 1638 eos
689 1601 873 1644 solaretur,
897 1600 976 1644 vei,
1001 1611 1038 1638 ut
1050 1602 1202 1648 spiritum
1218 1603 1396 1644 doctrina,
1416 1605 1452 1640 &
1469 1604 1606 1642 virtutis
1619 1605 1654 1640 in
1669 1601 1735 1637 iilis
1751 1602 1932 1638 miraretur
1955 1623 1966 1635 .
1992 1598 2255 1636 subministravit

210 1644 248 1682 ἃ
261 1645 316 1683 ilia
329 1644 490 1687 lautiores
499 1649 532 1686 in
544 1650 864 1699 refrigerium'eibos
884 1671 897 1693 ,
921 1661 1010 1696 quos
1025 1660 1132 1689 tamen
1147 1652 1348 1688 desiderium
1362 1652 1521 1702 Martyrii
1540 1653 1700 1699 infipidos
1712 1647 1858 1686 reddidit
1869 1659 1885 1690 s
1905 1649 1998 1695 panis
2012 1650 2048 1684 &
2060 1660 2146 1694 aqua
2156 1646 2260 1686 abun-2

206 1693 254 1729 de
272 1694 387 1731 refecit
401 1721 419 1737 ,-
438 1707 526 1745 quos
537 1698 713 1736 meditatio
721 1697 814 1736 'Coeli
828 1701 1027 1747 occupavit.
1055 1699 1173 1738 Allato
1189 1701 1323 1738 tandem
1346 1702 1420 1748 post
1431 1702 1575 1740 mensem
1587 1701 1713 1738 nuncio
1727 1723 1739 1743 ‚
1764 1698 1858 1746 quod
1884 1698 1925 1734 ad
1951 1697 2133 1733 Civitatem
2146 1696 2256 1748 Daui-

209 1741 275 1779 bee
292 1767 303 1783 ‚
327 1743 463 1782 itBarva
483 1757 551 1783 non
565 1749 683 1792 parum
696 1748 835 1784 dissitam
850 1749 989 1794 perduci
1003 1749 1186 1791 deberent,
1214 1749 1336 1787 ibidem
1350 1762 1384 1795 5.
1394 1748 1536 1796 Augusti
1550 1751 1617 1796 '163
1624 1752 1656 1786 8.
1671 1750 1711 1786 ab
1724 1747 1932 1793 Imperatore
1947 1746 1989 1783 ad
2000 1746 2152 1781 Senatum
2163 1768 2174 1783 ,
2199 1751 2257 1788 qut

210 1789 258 1824 de
270 1790 462 1836 Religionis
477 1795 622 1838 negotiis
633 1795 800 1835 iudicabat
816 1819 827 1835 ,
852 1796 975 1832 remim
992 1797 1064 1831 sunt
1076 1819 1087 1829 .
1109 1798 1308 1838 Interrogati
1320 1800 1363 1832 de
1376 1799 1439 1832 suo
1449 1801 1543 1834 statu·
1552 1798 1588 1833 Bc
1611 1798 1679 1831 fine
1691 1797 1830 1831 itineris
1843 1817 1856 1833 ,
1881 1795 1915 1828 si-
1927 1793 2124 1838 Reiigiosos
2137 1792 2259 1833 Capu·

213 1837 310 1872 cinos
323 1837 443 1873 Gallos
453 1841 518 1874 esse
528 1863 541 1887 ,
566 1842 602 1875 &
614 1842 654 1876 ad
671 1841 883 1877 inferendum
896 1840 1071 1884 AEthiopiae
1099 1842 1246 1885 Imperio
1261 1854 1352 1877 verae
1367 1844 1445 1876 fidei
1457 1843 1618 1878 vexillum
1633 1843 1711 1876 illuc
1723 1842 1755 1875 se
1771 1840 1954 1884 pertigisse,
1965 1839 2130 1882 notosque
2145 1838 2178 1871 se
2187 1837 2254 1870 eise

213 1884 384 1928 Ariminio
393 1884 561 1931 Episcopo
572 1886 766 1932 ,batt-epidi
781 1887 958 1931 reposuere
973 1910 984 1921 .
1010 1885 1128 1923 Palluit
1140 1888 1214 1927 hic,
1239 1889 1318 1922 dum
1332 1887 1378 1922 illi
1393 1899 1516 1924 nomen
1532 1891 1605 1931 eius
1615 1887 1859 1929 ingeminabant
1879 1909 1890 1924 ‚
1918 1886 1974 1925 &‚
1999 1896 2074 1920 cum
2090 1884 2178 1929 turpi
2191 1881 2260 1918 sce-

213 1930 285 1967 iere
298 1933 338 1967 ad
353 1933 471 1974 ejurati
482 1931 662 1969 Schismatis
675 1945 811 1970 errores
830 1934 972 1971 rediisset
986 1959 997 1975 ‚
1027 1934 1145 1972 faciem
1158 1935 1416 1971 Beneficiorum
1430 1937 1464 1972 &
1482 1938 1677 1972 Amicorum
1692 1934 1808 1970 videre
1824 1932 1931 1969 noluit
1946 1958 1956 1972 ‚
1981 1933 2130 1978 quinimo
2145 1955 2157 1971 ‚
2182 1945 2257 1969 ne)

211 1978 338 2022 diutius
349 1991 472 2015 eorum
487 1982 651 2016 memoria
664 1982 813 2024 torqueri
824 1981 975 2019 deberet,
988 1992 1048 2015 eos
1061 1983 1079 2015 a
1091 1982 1178 2024 Papa
1192 1983 1233 2015 ad
1245 1981 1448 2024 AEthiopiam
1466 1984 1561 2018 Sedta
1571 1984 1719 2018 Romana
1731 1979 1962 2025 implicandam
1977 1981 2106 2016 emiffos
2120 2005 2133 2020 ,
2159 1980 2198 2015 ab
2215 1980 2253 2014 iis

213 2024 356 2064 Cairi&
368 2026 402 2061 in
415 2026 535 2061 Nitriae
545 2024 755 2060 Monasteriis
766 2025 880 2067 plures
895 2025 1048 2059 sedutstos
1060 2047 1072 2063 ,
1098 2024 1291 2068 Episcopale
1313 2026 1431 2060 solium
1455 2026 1584 2061 nefario
1596 2028 1673 2060 ausu
1686 2028 1787 2070 quaeri
1807 2048 1822 2067 ,
1845 2027 1883 2060 &
1901 2035 2082 2070 eapropter
2106 2038 2166 2062 eos
2188 2039 2253 2062 ex-

183 2076 191 2084 '
206 2077 319 2118 tremo
329 2070 496 2118 supplicio
506 2070 628 2116 dignos
641 2070 826 2106 constanter
838 2069 993 2105 clamavit
1006 2093 1016 2104 .
1513 2116 1515 2118 ι
1824 2089 1827 2094 .
2159 2079 2161 2083 -

305 2119 452 2165 Tempus
465 2126 694 2164 opportunum
706 2119 772 2157 iarn
789 2117 954 2154 sumenda:
968 2117 1124 2155 vindietae
1137 2130 1278 2155 cernens
1304 2122 1338 2158 &
1354 2120 1526 2157 haereticus
1536 2118 1657 2158 Petrus
1671 2147 1682 2163 ,
1709 2119 1790 2157 nihil
1800 2120 1912 2159 omisit
1920 2131 2059 2161 eorum,
2084 2131 2161 2167 quae
2172 2121 2254 2158 hanc

193 2166 382 2217 :explerent
395 2192 408 2209 ‚
431 2166 518 2204 odio
530 2167 592 2203 suo
610 2166 816 2203 conformem
838 2179 848 2200 ι
872 2166 1019 2214 dumque
1033 2167 1175 2204 addufia
1189 2168 1274 2205 ratio
1289 2181 1358 2206 non
1373 2170 1507 2211 movit,
1532 2179 1649 2216 preces
1673 2168 1879 2207 auctoritatis
1905 2169 2055 2206 adhibuit
2067 2194 2078 2210 ,
2103 2170 2139 2206 δι
2151 2170 2253 2207 Sena-

203 2224 278 2253 tum
301 2215 343 2252 ad
356 2215 547 2257 sententiam
574 2214 691 2251 mortis
703 2215 842 2251 dandam
867 2215 962 2252 flexit
975 2239 985 2250 .
1012 2214 1251 2252 Executionem
1273 2218 1373 2265 hujus
1391 2226 1427 2253 ut
1451 2217 1651 2256 Miffionarii
1675 2218 1841 2255 evitarent
1854 2242 1864 2259 ,
1891 2217 2058 2254 blanditiis
2066 2217 2254 2264 Imperator

192 2259 366 2307 3t'entavit3
385 2262 516 2311 Regias
528 2263 657 2312 gratias
672 2263 793 2300 obtulit
812 2288 823 2305 ,
848 2262 873 2300 fi
885 2263 986 2300 fidem
1001 2274 1168 2312 negarent
1180 2290 1192 2306 ,
1214 2265 1477 2314 catholicosque
1490 2276 1710 2312 protererent
1724 2268 1806 2304 ritus
1818 2289 1831 2299 .
1855 2264 2054 2302 Constantes
2068 2290 2079 2306 ,
2105 2267 2141 2303 δι
2156 2265 2253 2303 Mar-

205 2314 293 2360 pesia
305 2313 400 2350 caute
412 2313 583 2351 firmiores
598 2313 676 2349 dum
692 2313 839 2354 invenit,
863 2312 1055 2349 sententiam
1068 2314 1184 2350 mortis
1203 2314 1411 2361 subscripsit,
1436 2317 1470 2352 &
1484 2317 1515 2351 in
1529 2316 1678 2360 patibulo
1688 2315 1850 2361 compleri
1863 2314 2029 2351 mandavit
2043 2338 2054 2349 .
2085 2314 2160 2350 Nec
2181 2323 2255 2350 mo·

201 2374 239 2402 xa
253 2375 264 2404 ;
289 2370 498 2409 congregata
512 2362 669 2400 liciorum
685 2363 777 2398 turba
790 2361 878 2397 inter
891 2362 1081 2398 undantium
1095 2362 1299 2408 populorum
1308 2363 1462 2400 fremitus
1478 2363 1760 2410 trabealelignun1
1775 2371 1886 2408 parat,
1898 2363 2088 2399 educuntur
2102 2363 2121 2397 ὲ
2136 2375 2252 2398 carce-

201 2410 300 2447 aad
314 2410 445 2449 solitum
453 2411 601 2456 supplicii
611 2410 722 2448 locum
733 2409 856 2448 Christi
872 2410 1017 2447 Athletae
1029 2437 1040 2454 ,
1066 2413 1102 2448 δι
1117 2412 1216 2447 visum
1231 2435 1242 2452 ,
1268 2412 1363 2457 quod
1378 2411 1708 2457 aptabaturlignum‚
1732 2423 1808 2453 cum
1818 2411 1915 2458 Divo
1928 2411 2065 2447 Andrea
2077 2410 2246 2456 Apostolo

204 2459 238 2496 in
254 2469 339 2496 voce
355 2458 571 2496 exultationis
584 2459 722 2496 salutant
737 2473 747 2492 =
772 2464 799 2495 Ο
809 2459 891 2495 bona
904 2463 990 2496 Crux
1002 2485 1014 2502 ,
1025 2472 1096 2509 quae
1112 2461 1256 2496 decorem
1270 2471 1312 2495 ex
1326 2459 1480 2496 membris
1493 2461 1625 2496 Domini
1640 2459 1808 2507 fiefiepisii
1819 2483 1830 2499 ‚
1856 2460 1913 2493 diu
1928 2457 2105 2501 desiderata
2116 2483 2127 2499 ‚
2148 2458 2248 2505 solli·
2280 2500 2284 2506 ,

203 2509 270 2546 cite
279 2516 391 2544 amata
403 2532 414 2549 ,
431 2508 499 2552 fine
513 2509 738 2554 intermsffione
750 2507 883 2556 quaefita
897 2532 908 2550 ,
933 2512 976 2546 Θ·
992 2510 1166 2558 aliquando
1181 2507 1386 2555 cupientibus
1402 2509 1741 2556 animis.praeparata;
1765 2508 1875 2555 accipe
1895 2518 1960 2549 nos¹
1976 2505 2019 2541 ab
2041 2506 2246 2548 hominibus,

194 2556 245 2601 ’φ’
255 2557 353 2593 redde
361 2565 417 2592 nos
430 2554 583 2606 Magistro
596 2555 700 2600 nostro
711 2584 723 2600 ‚
748 2566 788 2593 nt
802 2567 864 2604 per
881 2563 916 2593 te
926 2568 982 2593 nos
1002 2560 1140 2605 recipiat
1153 2581 1164 2598 ,
1193 2557 1252 2603 qui
1259 2565 1320 2603 per
1333 2564 1367 2592 te
1379 2564 1434 2593 nos
1448 2556 1606 2593 redemit.
2037 2559 2042 2563 ’
2212 2566 2223 2593 1

301 2604 430 2642 Tardos
445 2607 480 2642 δι.
494 2606 616 2652 segnes
626 2607 748 2643 durnin
768 2606 883 2643 officio
896 2606 958 2642 suo
973 2604 1107 2643 lietores
1121 2605 1277 2641 viderunt
1289 2629 1301 2646 ‚
1314 2617 1456 2642 remorae
1469 2605 1596 2642 causam
1608 2606 1742 2651 Heroes
1752 2603 1995 2651 explorarunt:
2010 2600 2245 2648 cumquehanc

201 2664 247 2689 ex
259 2653 462 2691 chordarum
474 2655 606 2692 defectu
620 2655 804 2702 provenire
819 2654 1049 2701 intelligerent
1064 2679 1074 2694 ,
1095 2654 1222 2699 ipsimet
1235 2652 1377 2690 chordas
1392 2678 1403 2695 ,
1417 2654 1471 2690 seu
1485 2652 1618 2701 cingula
1631 2651 1772 2690 Habitus
1787 2655 1819 2690 in
1833 2655 1925 2689 usum
1937 2650 2152 2691 obtulerunt,
2170 2650 2248 2694 ipsi·

199 2711 270 2738 met
281 2702 494 2741 instrumenta
507 2704 655 2750 supplicii
670 2704 854 2747 gaudentes
867 2702 1163 2738 subministrarunt.
1189 2701 1239 2736 Eo
1253 2700 1325 2746 ipso
1339 2710 1468 2743 autem,
1486 2703 1591 2749 -qu'od
1610 2704 1679 2739 ltaec
1692 2701 1869 2750 groffioris
1882 2702 1982 2737 errent
2001 2698 2046 2734 fili
2062 2723 2073 2739 ‚
2100 2707 2243 2736 mortem

197 2751 373 2787 causat-unt
385 2749 583 2789 lentiorem.
608 2752 716 2788 Furiis
729 2752 805 2787 inde
819 2751 911 2787 actus
926 2750 1073 2796 populus
1097 2759 1264 2786 torrentes
1289 2749 1437 2795 lapidum
1448 2756 1578 2797 ,contra
1597 2751 1744 2797 suspensa
1775 2752 1967 2798 Martyrum
1990 2754 2137 2793 corpora
2155 2751 2247 2791 jece-

195 2806 271 2834 runt
286 2822 298 2838 ‚
324 2799 446 2844 quibus
460 2799 584 2834 dexter
595 2798 863 2841 P.'Agathangeli
877 2797 998 2833 oculus
1010 2798 1073 2833 fuit
1085 2804 1235 2835 excussus
1247 2823 1258 2838 ,
1278 2800 1312 2834 δε
1326 2800 1405 2834 dum
1417 2798 1573 2844 copiosus
1585 2800 1717 2847 sanguis
1733 2799 2035 2846 utriusque-corpus
2052 2796 2146 2830 tinxit
2165 2820 2175 2836 2
2189 2796 2246 2829 sub

194 2845 324 2891 duplici
339 2845 742 2895 chordarum&lapidum
757 2846 931 2893 Martyrio
951 2856 1093 2893 uterque
1115 2848 1254 2883 animam
1276 2846 1421 2888 efflavit,
1446 2853 1484 2882 u't
1504 2847 1598 2888 juata
1609 2847 1655 2883 D.
1670 2848 1836 2896 Cypriani
1858 2846 1949 2893 epist·
1964 2845 1998 2879 8·
2020 2845 2060 2877 ad
2082 2842 2184 2876 Mart.
2208 2844 2243 2877 &

197 2893 304 2931 Conf.
319 2904 398 2941 quos
407 2895 564 2979 »nimirum
577 2895 746 2983 viktculum
762 2894 955 2942 confeffionis
967 2919 979 2937 ,
1004 2898 1048 2933 Θ·
1062 2896 1240 2944 hospitium
1253 2897 1392 2931 carceris
1396 2895 1496 2940 simul
1503 2895 1669 2942 junxerat
1681 2921 1692 2937 ,
1714 2896 1871 2944 jungeret
1885 2895 1986 2930 etiam
2010 2889 2243 2934 consummatio

197 2942 342 2980 virtutis
351 2945 396 2981 ὁ·
408 2952 429 2972 ο
445 2944 516 2978 oria
530 2944 609 2978 cele
634 2944 662 2978 is
673 2968 683 2978 .

294 2973 498 3038 Sanguinem
510 2991 703 3039 Martyrum
719 3017 730 3034 ‚
755 2993 1018 3030 Christianorum
1030 2993 1138 3029 senten
1156 2994 1218 3028 efl‘e
1234 2995 1268 3030 &
1282 2973 1376 3028 novo
1390 2993 1441 3029 hic
1453 2999 1661 3038 compertum
1687 2991 1732 3026 est
1756 2992 1967 3027 documento
1981 3003 1993 3032 ;
2016 2985 2241 3041 Schismaticus

196 3037 333 3076 enimin
350 3040 556 3083 magnanima
571 3041 723 3084 patientia
737 3065 748 3081 ,
772 3041 837 3087 qua
853 3038 923 3077 PP.
939 3040 1135 3077 Miflionarii
1151 3049 1292 3078 mortem
1308 3041 1553 3081 sustinuerunt,
1579 3040 1720 3086 agnovit
1748 3040 1921 3075 veritatem
1933 3033 2115 3074 Catholicae
2142 3034 2240 3088 fidel,

198 3086 343 3135 zeloque
356 3098 498 3124 armatus
513 3112 524 3128 ,
549 3092 737 3134 penetravit
754 3089 936 3125 frendentis
949 3090 1066 3135 populi
1081 3102 1198 3136 agmen
1215 3116 1228 3132 ‚
1252 3103 1290 3126 ac
1304 3090 1391 3126 inter
1402 3090 1570 3135 amplexus
1584 3089 1618 3123 &
1629 3088 1736 3124 ostula
1751 3088 1874 3132 pedum
1888 3086 2080 3133 Martyrum
2097 3091 2241 3117 nativam

196 3136 366 3174 damnavit
376 3137 505 3173 Sectam
515 3158 529 3170 .
555 3136 622 3173 Alii
639 3138 718 3175 durn
731 3137 858 3183 pluries
872 3144 1019 3183 corpora
1030 3137 1162 3175 illorum
1176 3140 1344 3175 nocturno
1359 3146 1510 3183 tempore
1525 3137 1599 3172 luce
1611 3133 1709 3172 rutila
1721 3135 1999 3182 cingicernebant
2011 3159 2030 3175 ‚.
2047 3131 2241 3187 percutien-

191 3195 247 3222 tes
264 3186 405 3230 pedor-a
417 3186 472 3221 sua
488 3186 600 3221 Deum
612 3197 733 3222 verum
748 3187 779 3223 in
794 3186 932 3223 Ecclesia
947 3200 1031 3224 vera
1046 3189 1186 3224 adorare
1201 3211 1211 3227 ,
1237 3189 1271 3223 ὅ(
1284 3186 1381 3223 coetui
1396 3185 1608 3232 antiquorum
1627 3183 1880 3220 Catholicorum
1893 3182 1995 3227 iuneti
2010 3206 2022 3223 ,
2046 3192 2078 3215 tn
2093 3180 2175 3235 locis
2187 3191 2240 3213 oc-

193 3232 292 3270 cultis
304 3234 419 3273 divina
437 3234 599 3281 Mysleria
613 3234 781 3271 celebrare
800 3245 974 3281 coeperunt
985 3259 996 3272 .
1019 3235 1165 3272 Fremuit
1178 3236 1328 3282 impietas
1342 3261 1353 3278 ,
1364 3235 1442 3270 dum
1457 3232 1651 3269 miraculum
1667 3234 1838 3270 noeturnae
1853 3232 1936 3269 lucis
1952 3233 2144 3276 personuit,
2165 3230 2241 3281 reqi-

195 3282 280 3319 didit
294 3284 329 3319 &
343 3282 408 3319 hoc
420 3283 526 3329 ipsum
538 3283 781 3336 Imperatorem
794 3285 957 3321 turbatum
973 3296 985 3327 ;
999 3286 1090 3328 hinc,
1101 3295 1137 3320 ut
1150 3282 1292 3331 proprio
1302 3283 1401 3321 oculo
1419 3282 1465 3319 rei
1481 3282 1654 3318 veritatem
1667 3282 1830 3325 hauriret,
1857 3282 1891 3318 in
1908 3281 1986 3318 loco
1997 3281 2127 3316 secreto
2137 3302 2149 3319 ω
2162 3275 2237 3321 (ΙῦΙά

186 3327 281 3367 ‘circa
292 3329 486 3379 Martyrum
500 3341 646 3379 corpora
658 3333 761 3370 noctu
775 3340 935 3379 ageretur
947 3357 958 3374 ,
983 3335 1158 3370 observare
1171 3332 1282 3368 voluit
1295 3357 1305 3368 .

292 3378 418 3417 Locum
430 3379 627 3425 supplicii&
639 3390 785 3427 corpora
799 3381 992 3432 Martyrum
1007 3385 1086 3419 dum
1102 3380 1200 3428 plena
1217 3379 1393 3417 luminibus
1407 3379 1489 3416 vidit
1500 3403 1511 3420 ‚
1534 3379 1699 3417 damnavit
1713 3378 1905 3417 sententiam
1916 3386 2033 3416 contra
2044 3376 2236 3412 innocentes

198 3423 292 3460 latam
307 3450 318 3467 ‚
342 3428 378 3464 &
392 3439 513 3465 eorum
526 3430 690 3468 cadavera
702 3430 833 3476 sepeliri
848 3434 1038 3468 mandavit.
1065 3431 1177 3467 Nodu
1194 3430 1355 3466 Catholici
1371 3430 1434 3465 hoc
1447 3428 1617 3474 perfecere
1628 3428 1787 3469 officium,
1800 3429 1921 3474 pietate
1934 3429 2059 3467 maiore
2074 3447 2094 3463 ι
2106 3419 2235 3474 <infun—⁵

196 3473 320 3526 pompa
332 3496 344 3515 a
367 3476 427 3512 ¹²5st
441 3478 521 3513 hanc
534 3478 552 3513 ὲ
566 3477 740 3525 lachrymis
755 3505 765 3520 ‚
791 3491 866 3526 quae
878 3491 946 3526 prae
959 3481 1085 3527 gaudio
1101 3491 1142 3514 ex
1156 3479 1277 3515 horum
1292 3479 1399 3514 oculis
1413 3478 1584 3513 manabant
1598 3500 1610 3518 ,
1633 3476 1722 3514 illam
1734 3478 1976 3522 compensatam
1987 3474 2077 3509 fuisse
2093 3493 2102 3508 ³
2120 3468 2196 3522 'dle‘
2204 3477 2239 3499 re

195 3521 340 3557 velimus
353 3545 365 3557 .
388 3524 511 3561 Serviit
527 3527 609 3563 &in
621 3526 813 3574 Martyrum
831 3530 1037 3574 triumphum
1053 3528 1193 3564 vindicta
1208 3552 1220 3570 ,
1244 3539 1319 3575 quae
1334 3528 1471 3563 Petrum
1486 3526 1593 3561 secuta
1604 3526 1650 3562 el}
1661 3548 1672 3557 -
1697 3525 1747 3560 Ex
1760 3537 1830 3571 quo
1842 3526 1929 3562 enim
1952 3524 2004 3560 hic
2019 3518 2233 3573 dodonam-⁹

195 3569 290 3606 se‘stae
302 3569 368 3607 suae
390 3570 586 3612 LUffheranae
599 3598 611 3615 2
636 3587 736 3622 quam
751 3577 904 3623 Regnum
921 3578 1117 3625 Abyffinum
1132 3577 1275 3617 horret,
1301 3573 1479 3621 divulgare
1496 3573 1594 3619 coepit
1610 3598 1622 3615 ‚
1648 3581 1756 3609 totum
1776 3583 1895 3610 contra
1918 3574 1948 3608 se
1974 3572 2149 3621 conffltttvlt
2172 3571 2235 3606 ΡΟ·

195 3624 241 3664 βυ
248 3617 311 3653 lum
325 3641 336 3658 9
362 3619 406 3655 ita
417 3643 428 3660 ‚
440 3629 474 3655 ut
490 3631 627 3659 errores
642 3622 714 3660 hinc
730 3625 808 3660 inde
821 3626 948 3670 sparsos
957 3625 1087 3672 publice
1100 3619 1262 3661 'revocare
1275 3623 1408 3660 coactus
1421 3622 1539 3659 fuerit.
1563 3621 1774 3658 insolentiam
1787 3631 1892 3658 tamen
1904 3632 1970 3655 non
1982 3617 2117 3651 retinuit
2130 3611 2233 3662 factug

195 3666 373 3713 palinodiae
391 3669 527 3712 pudor;
549 3671 818 3717 hinclmperator
833 3675 951 3718 maiori
977 3671 1063 3710 malo
1077 3673 1313 3712 consulturus,
1339 3673 1356 3707 ὲ
1380 3672 1504 3717 Regno
1517 3669 1692 3715 AEthiopiae
1707 3671 1800 3706 illum
1822 3666 2031 3715 proscripsit,
2057 3665 2092 3700 δῖ
2121 3667 2233 3717 m²g¹3¹

185 3716 294 3762 ‚pretii
313 3716 412 3752 donis
426 3718 580 3753 onustum
594 3720 626 3753 iti
642 3731 723 3764 paee
735 3722 856 3758 dimisit
868 3746 880 3757 .
903 3723 1010 3760 Bacha
1022 3724 1065 3759 de
1077 3724 1245 3768 Suaquem
1258 3745 1269 3762 ,
1296 3721 1336 3755 de
1350 3720 1478 3765 peracta
1490 3718 1523 3755 in
1534 3719 1681 3755 Dambee
1702 3718 1869 3764 sanguinis
1882 3718 1976 3751 scena
1991 3739 2002 3757 ‚
2027 3715 2060 3750 &
2080 3713 2121 3748 de
2143 3711 2233 3747 redi·

193 3775 230 3802 tu
246 3765 405 3801 Monachi
423 3766 612 3813 hypocritae
628 3767 802 3805 instructus
817 3795 829 3812 ,
853 3770 947 3808 illum
974 3774 1008 3809 in
1034 3772 1095 3807 suo
1111 3772 1153 3807 ibi
1180 3773 1324 3807 adventu
1339 3780 1398 3804 ceu
1413 3768 1595 3814 fugitivum
1619 3767 1762 3802 firmavit
1788 3769 1823 3801 &
1845 3764 1954 3800 furem
1969 3787 1981 3804 ‚
2006 3775 2080 3800 cum
2103 3770 2231 3806 pauper

191 3813 378 3852 Monachffl
397 3825 472 3852 ²⁰⁶⁶
492 3813 657 3852 modicum
670 3824 804 3866 tempus
820 3820 853 3856 in
880 3819 1081 3867 AEthiopiam
1097 3821 1273 3867 migrasset,
1291 3820 1401 3862 &iam
1414 3816 1536 3854 divitiis
1550 3817 1702 3862 turgidus
1715 3839 1727 3857 ‚
1753 3814 1830 3851 inde
1852 3813 1976 3852 rediret
1992 3836 2001 3847 .
2027 3809 2182 3897 I-linclvcl
2198 3809 2231 3843 in

2092 3873 2110 3895 υ
2126 3871 2186 3896 τιο-
