2612 4100
428 228 585 284 100

335 346 468 396 'Tum
498 347 521 394 ἂ
551 345 786 396 Fratribus
818 342 976 391 nostris
1015 375 1030 396 ‚
1057 340 1203 391 tuma
1228 345 1335 391 RR.

413 419 501 467 PP.
520 418 668 466 Tertii
703 412 924 467 Ordinis,
959 408 1191 461 Habitum
1207 411 1338 475 hujus

413 487 604 537 Ordinis
634 480 931 535 Saecularibus
961 480 1005 526 in
1033 483 1224 546 propriis
1258 487 1339 531 Ec.

412 555 557 607 clefiis
587 548 833 624 respestive
860 546 1056 600 conferri
1081 550 1336 603 confirmat.

346 656 820 751 CLEMENS
893 693 1154 744 PAPA
1228 697 1337 745 lx.

534 809 602 852 Ad
615 806 811 866 futuram
821 809 880 851 rei
895 811 1121 853 memoriam
1133 841 1145 855 .

460 926 595 983 Xponi
618 924 745 969 Nobis
773 941 900 981 nuper
914 925 1102 971 fecerunt
1117 927 1253 972 dileeti
1269 929 1336 972 Fi-

475 986 534 1038 lii,
552 988 711 1027 Fratres
727 985 944 1028 Provinciae
962 989 1215 1031 Normanniae
1232 1017 1246 1039 ‚
1258 990 1336 1029 Or-

346 1053 450 1091 dinis
480 1049 664 1089 Fratrum
691 1044 898 1087 Minorem
921 1045 963 1087 S-
981 1044 1182 1089 Francisci
1204 1048 1339 1100 Capu-

346 1109 534 1149 cinorum
550 1114 901 1157 nuncupatorum,
921 1103 1031 1159 quod
1059 1104 1179 1156 alias,
1210 1119 1340 1148 cum.)

347 1169 513 1209 Fratres
530 1161 720 1204 Tertiarii
750 1161 972 1216 Regulares
999 1162 1338 1218 Congregationis

348 1224 509 1272 Galliae,
520 1220 686 1264 Ordinis
702 1218 879 1275 ejusdem
894 1223 1024 1265 saneti
1047 1222 1243 1265 Francisci
1262 1224 1339 1264 &c.

350 1284 536 1327 Tertium
564 1279 760 1322 Ordinem
793 1281 834 1323 S·
862 1279 1060 1323 Francisci
1099 1279 1339 1332 erexissent,

349 1353 471 1397 atque
495 1339 602 1381 illius
626 1338 819 1381 Habitum
843 1338 882 1380 in
911 1338 1134 1383 parochiali
1159 1339 1339 1383 Ecclesia

348 1401 443 1443 disti
469 1397 621 1453 Oppidi
654 1397 833 1452 personis
860 1395 1106 1441 saecularibus
1132 1398 1339 1455 utriusque

351 1456 464 1503 sexus
480 1455 668 1499 conferre
683 1452 966 1512 praesumerent
978 1485 993 1508 ,
1006 1458 1045 1500 id
1060 1460 1116 1500 eis
1130 1457 1182 1501 ad
1198 1457 1343 1502 instan—

348 1520 446 1563 tiam
467 1519 717 1559 Curatorum
745 1517 1083 1570 Presbyter-orum
1100 1519 1341 1569 ‚Guberna-

348 1577 457 1620 toris
472 1605 486 1625 ‚
500 1576 537 1615 &
554 1573 842 1628 Principalium
859 1577 934 1616 &c-
961 1589 1032 1629 per
1056 1575 1154 1618 duas
1183 1578 1343 1620 senten·

354 1637 455 1684 tias,
489 1647 606 1675 unam
630 1631 697 1674 die
726 1645 792 1682 25·
809 1635 1012 1675 Februarii
1034 1637 1152 1688 1645.
1181 1638 1218 1677 δι
1242 1633 1346 1678 alte-

349 1706 433 1736 ram
461 1693 527 1735 die
541 1693 606 1735 26.
621 1693 862 1735 Decembris
884 1692 1002 1741 1651.
1016 1696 1039 1737 a
1064 1705 1160 1736 tunc
1174 1694 1348 1738 existen·

348 1752 454 1793 tibus
481 1750 683 1802 Episcopis
727 1752 947 1793 Lexovien.
991 1750 1209 1805 respeffive
1241 1753 1346 1794 latas

350 1808 428 1851 fuit
452 1805 637 1847 absolute
650 1805 907 1858 prohibitum
924 1833 938 1854 ‚
967 1817 1089 1859 atque
1110 1807 1349 1861 injunctum,

349 1876 396 1910 ut
417 1863 514 1908 dieti
540 1862 672 1905 Tertii
694 1861 861 1904 Ordinis
874 1864 1063 1903 curam&
1087 1862 1350 1906 directionem

351 1921 548 1982 praedietis
588 1921 795 1964 Fratribus
830 1920 1058 1964 Minoribus
1099 1922 1317 1979 Capucinis
1333 1950 1347 1973 ,

349 1985 416 2040 qui
435 1983 473 2022 in
491 1979 655 2032 Oppido
670 1978 833 2032 praefato
856 1980 879 2020 ὲ
896 1979 1077 2031 pluribus
1103 1979 1218 2019 annis
1233 1980 1364 2030 stabi-7

352 2042 414 2085 liti
429 2047 563 2080 erant,
578 2037 617 2074 &
630 2037 677 2076 ad
693 2047 790 2088 quos
806 2059 819 2081 ‚
835 2043 1024 2089 tanquam
1052 2035 1102 2074 ad
1119 2047 1238 2074 veros
1257 2037 1347 2075 Fra-

351 2110 436 2142 tres
451 2095 631 2137 Minores
648 2090 816 2133 Ordinis
837 2095 877 2133 S.
893 2091 1092 2134 Francisci
1118 2093 1315 2147 specstabat
1335 2119 1349 2142 ,

354 2152 690 2208 relinquerent:a
709 2148 855 2205 quibus
874 2148 1084 2195 sententiis
1109 2164 1201 2192 cum
1226 2150 1349 2192 iidem

351 2220 511 2260 Fratres
528 2209 716 2252 Tertiarii
748 2209 971 2263 Regulares
995 2209 1045 2251 ad
1062 2209 1208 2251 Sedem
1233 2213 1348 2265 Apo-

355 2273 534 2316 stolicam
566 2264 829 2322 appellassent
869 2270 945 2309 &c.
991 2278 1254 2311 recurrerunt
1300 2266 1349 2309 ad

353 2327 723 2385 Congregationem
740 2323 999 2368 &c.Concilii
1023 2327 1253 2370 Tridentini
1272 2328 1351 2368 &c-

353 2394 376 2434 ὲ
403 2390 546 2445 quibus
578 2385 681 2426 certi
714 2384 879 2425 Decreti
917 2385 983 2427 die
1009 2395 1076 2426 20.
1111 2385 1349 2428 Decembris

364 2447 485 2491 1616.
509 2444 684 2485 emanati
707 2439 1053 2485 confirmationem
1081 2442 1348 2498 postularunt,

354 2509 393 2549 δι
409 2505 673 2548 obtinuerunt
689 2514 764 2556 per
796 2500 887 2545 bina
906 2501 1075 2543 decreta
1102 2504 1170 2544 die
1185 2516 1251 2561 29·
1271 2506 1352 2544 De·

357 2563 531 2607 cembris
554 2562 673 2603 1626.
699 2559 821 2602 &die
853 2573 915 2612 ¹5·
934 2560 1030 2617 Maji
1068 2563 1189 2610 1655.
1217 2561 1352 2618 respe-

356 2623 461 2667 ἂίνὲ
476 2620 664 2676 expedita
679 2651 693 2671 ‚
709 2633 880 2676 quorum
895 2619 1078 2662 ultimum
1094 2636 1166 2676 per
1183 2622 1352 2675 Aposto.

356 2684 451 2725 licas
474 2682 513 2721 in
531 2679 644 2720 simili
677 2679 804 2721 forma
834 2679 971 2721 Brevis
997 2677 1150 2723 litteras
1184 2679 1253 2722 die
1281 2692 1349 2736 30-

359 2737 541 2798 Januarii
567 2737 739 2793 ejusdem
762 2738 853 2779 anni
876 2737 994 2785 1655.
1028 2748 1227 2782 emanatas
1253 2754 1350 2780 con«

357 2799 562 2843 firmatum
587 2794 662 2838 fuit
685 2824 700 2846 2
729 2810 773 2838 ac
793 2795 941 2841 deinde
967 2793 1018 2839 ad
1042 2798 1349 2855 congregatio-

359 2871 451 2900 nem
478 2855 656 2910 ejusdem
671 2861 712 2900 S.
729 2857 781 2900 R.
801 2858 849 2898 E.
865 2855 1146 2900 Cardinalium
1160 2856 1348 2912 negotiis,

358 2921 398 2958 δι
415 2914 781 2959 consultationibus
810 2915 1098 2970 Episcoporum
1111 2947 1126 2968 ,
1154 2919 1192 2958 &
1210 2919 1343 2970 Regu-

361 2976 502 3017 larium
529 2974 772 3029 propositam
790 3000 803 3023 ,
825 2975 848 3017 ὲ
876 2987 952 3028 qua
980 2975 1103 3016 etiam
1128 2975 1235 3018 aliud
1266 2977 1349 3016 De·

337 3072 339 3074 .
365 3042 522 3075 cretum
546 3032 611 3073 die
637 3033 792 3087 9.Junii
816 3032 940 3080 1656.
959 3043 1183 3077 emanatum
1211 3031 1354 3074 conse·

363 3091 446 3134 cuti
473 3090 575 3131 sunt·
593 3092 829 3141 Und02cum
846 3091 1104 3135 decretorum
1127 3091 1354 3146 hujusmodi

364 3150 504 3202 vigore
524 3150 822 3202 praetenderunt
838 3150 1008 3204 spoliare
1034 3151 1239 3206 praedictos
1258 3152 1356 3191 Fra-

360 3217 448 3250 tres
469 3207 696 3257 Capucinos
715 3207 940 3261 poffeffione
969 3209 1209 3253 conferendi
1234 3209 1356 3251 Habi-

364 3277 452 3307 turn
471 3264 566 3306 disti
583 3267 712 3307 Tertii
728 3267 892 3308 Ordinis
908 3270 1039 3312 sanciti
1056 3267 1251 3312 Francisci
1267 3281 1355 3322 per-

362 3326 466 3368 sonis
482 3324 729 3368 saecularibus
745 3325 949 3382 utriusque
964 3327 1072 3370 sexus
1085 3357 1099 3380 ‚
1116 3328 1152 3370 in
1168 3327 1351 3371 domibus

361 3384 526 3440 privatis
545 3393 659 3426 extra
693 3398 855 3426 omnem
881 3388 1250 3444 Congregationem
1275 3386 1349 3428 de-

362 3444 566 3498 gentibus,
581 3443 727 3498 absque
742 3443 861 3486 ullius
880 3446 963 3488 voti
991 3446 1241 3503 obligatione
1253 3445 1350 3499 Epi-

363 3503 484 3557 scopo
510 3500 717 3557 subjectis,
753 3503 867 3557 super
894 3506 970 3547 hoc
988 3517 1083 3549 tunc
1108 3505 1348 3557 existentes,

367 3561 543 3603 Minister
557 3560 768 3605 Generalis
784 3590 796 3612 ,
812 3564 850 3603 ὅτ.
863 3565 1104 3608 Procurator
1132 3564 1347 3607 Generalis

361 3618 455 3660 dieti
479 3620 645 3663 Ordinis
672 3623 860 3664 Fratrum
883 3624 1085 3667 Minorum
1113 3623 1348 3680 Capucino-

361 3690 449 3717 rum
484 3681 559 3719 &c-
593 3678 810 3734 supplicem
839 3681 1020 3723 libellum
1049 3692 1315 3737 porrexerunt
1333 3711 1347 3733 ,

363 3733 428 3776 sel.
456 3738 613 3778 record.
631 3739 866 3782 Alexandro
885 3743 995 3796 Dapae
1012 3744 1108 3783 V11.
1127 3740 1344 3783 Praedeces-

360 3791 438 3835 sori
453 3793 591 3836 nostro
611 3824 624 3847 ,
638 3800 706 3855 qui
724 3813 808 3843 rem
822 3814 981 3845 omnem
1011 3802 1313 3845 examinandam
1331 3827 1343 3851 ,

1092 194 1656 280 Provincia

1396 338 1709 397 &judicandam
1725 339 1804 381 &c·
1821 340 1860 382 C
1868 343 2151 396 ongregationi
2175 345 2401 389 nonnullo-

1399 413 1485 442 rum
1502 403 1544 442 S.
1559 400 1611 443 R.
1628 401 1680 442 E.
1701 396 1988 442 cardinalium
2014 402 2211 444 commisit
2225 429 2239 450 a
2270 405 2309 447 hi
2330 419 2402 448 ve..

1398 460 1447 501 τὸ
1462 458 1707 500 Cardinales
1719 455 1886 501 subinde
1902 457 2070 499 attentis
2088 463 2252 503 narratis
2269 461 2393 518 super

1397 517 1501 560 dieta
1516 514 1789 560 controversia
1804 543 1818 566 ‚
1842 530 1889 558 an
1905 516 2058 558 scilicet
2078 519 2240 560 Fratres
2252 521 2393 575 Capu.

1396 575 1476 616 cini
1509 573 1663 630 possent
1697 574 1888 617 conferre
1915 574 2095 616 habitum
2117 576 2246 619 Tertii
2266 578 2397 621 Ordi-

1397 634 1457 675 nis
1474 632 1730 676 S-Francisci
1761 634 1939 689 personis
1971 632 2221 678 saecularibus
2249 635 2398 680 utrius-

1398 706 1477 747 que
1493 691 1601 737 sexfis
1618 693 1656 734 in
1679 691 1870 738 domibus
1898 692 2067 748 privatis
2095 703 2207 736 extra
2234 707 2397 740 omnem

1399 753 1774 807 Congregationem
1790 750 2031 808 degentibus
2047 778 2061 802 ,
2091 752 2133 793 ἃ,
2153 752 2298 808 absque
2329 753 2398 802 ul-⁴

1398 809 1473 852 lius
1503 810 1585 851 voti
1611 805 1859 865 obligatione
1886 809 2200 853 ordinariorum
2227 810 2391 866 jurisdi-

1398 867 1519 910 aioni
1536 866 1849 924 subjectis,dieiis
1873 869 2054 922 partibus
2069 867 2233 920 auditis,
2247 869 2286 910 δι
2302 883 2396 911 om-

1400 926 1515 971 nibus
1534 926 1735 970 hincinde
1761 928 1894 971 allatis
1923 927 2076 969 mature
2093 926 2386 978 consideratis,

1400 986 1640 1028 censuerunt
1654 1000 1725 1041 pro
1740 995 1835 1028 tunc
1853 1016 1866 1038 ,
1888 987 1926 1027 &
1941 985 2064 1042 usque
2077 985 2128 1027 ad
2155 1000 2302 1029 novum
2321 1001 2397 1029 or·

1398 1044 1534 1086 dinem
1548 1043 1666 1097 ipsius
1680 1045 1932 1099 particularis
1961 1044 2243 1088 Cardinalium
2276 1048 2396 1088 Con-

1400 1102 1647 1158 gregationis
1679 1103 1998 1156 permittendum
2026 1101 2104 1144 esse
2134 1113 2214 1146 tam
2237 1104 2394 1146 Fratri-

1400 1163 1475 1204 bus
1493 1161 1710 1215 Capucinis
1723 1189 1739 1212 ,
1758 1162 1874 1216 quam
1905 1160 2121 1202 Tertiariis
2142 1161 2393 1213 regularibus

1401 1218 1596 1275 praediftae
1610 1219 1829 1263 Provincia:
1842 1217 2032 1262 conferre
2062 1218 2293 1273 predi-§ium
2307 1221 2396 1262 Ha-

1401 1280 1530 1323 bitum
1546 1277 1778 1321 memoratis
1789 1278 1997 1333 personis,
2032 1276 2156 1320 modo
2182 1289 2316 1320 tamen
2346 1276 2393 1319 id

1401 1337 1583 1383 facerent
1609 1339 1649 1380 in
1669 1336 1856 1379 Ecclesiis
1879 1336 2051 1392 propriis
2078 1333 2241 1378 siiorum
2277 1338 2396 1380 Con·

1403 1407 1619 1447 ventuum,
1650 1397 1690 1438 &
1717 1409 1798 1438 non
1813 1397 1909 1439 alibi
1924 1397 2000 1437 &c.
2030 1406 2110 1436 non
2138 1394 2392 1436 obstantibus

1405 1454 1708 1515 quibuscunque
1735 1456 1779 1497 in
1808 1455 2057 1498 contrarium
2094 1465 2142 1493 ex
2179 1461 2393 1508 utraque.)

1404 1525 1521 1572 parte
1536 1514 1669 1558 allatis
1685 1542 1699 1565 ‚
1710 1514 1750 1555 &
1763 1513 1858 1557 alias
1873 1541 1887 1564 ,
1898 1522 2019 1568 prout
2042 1513 2081 1552 in
2096 1509 2277 1566 ejusdem
2293 1524 2390 1565 par-

1403 1574 1585 1618 ticularis
1622 1572 1966 1628 Congregationis
2006 1573 2180 1612 decreto
2205 1567 2382 1626 desuper

1407 1634 1474 1676 die
1510 1645 1574 1685 17.
1601 1631 1850 1687 Septembris
1883 1630 2005 1678 1658.
2035 1641 2223 1672 emanare
2253 1628 2395 1671 conti-⁴

1407 1703 1556 1739 netur.

1523 1752 1632 1791 Cum
1647 1758 1799 1798 autem,
1825 1748 1923 1791 sicut
1947 1746 2086 1789 eadem
2105 1745 2297 1799 expositio
2311 1743 2402 1788 snb·

1410 1806 1619 1861 jungebar,
1641 1805 1821 1857 praediffl
1842 1807 2100 1858 Exponentes
2140 1806 2403 1846 Decretum

1410 1862 1558 1907 ultimo
1571 1859 1744 1909 dietum,
1757 1862 1838 1917 quo
1853 1859 2008 1901 firmius
2032 1856 2204 1901 subsistat
2222 1861 2292 1910 ,δι
2313 1860 2396 1902 ser-

1412 1931 1533 1967 vetur
1559 1919 1732 1961 exactius
1760 1948 1774 1970 ,
1797 1917 2041 1975 Apostolicae
2074 1916 2396 1964 confirmationis

1407 1979 1545 2021 nostrat
1586 1977 1815 2028 patrocinio
1854 1975 2097 2018 communiri
2148 1975 2403 2030 summopere

1409 2033 1658 2081 desiderent,
1677 2034 1803 2074 Nobis
1816 2036 2033 2087 propterea
2061 2033 2273 2075 huniiliter
2298 2033 2392 2090 sup-

1414 2090 1559 2148 plicari
1578 2087 1790 2139 fecerunt,
1805 2101 1850 2132 ut
1865 2089 1931 2132 sibi
1960 2091 1997 2131 in
2016 2091 2215 2144 praemiffis
2244 2105 2396 2148 oppor-

1409 2149 1505 2193 tune
1520 2147 1735 2205 providere
1749 2175 1763 2197 ,
1779 2149 1818 2190 &
1832 2177 1846 2199 ‚
1861 2161 1901 2190 ut
1917 2146 2020 2192 infra
2035 2175 2049 2198 ,
2075 2149 2290 2205 indulgere
2307 2150 2398 2194 de)

1411 2207 1658 2262 benignitate
1676 2207 1900 2261 Apostolica
1914 2207 2010 2261 dign
2024 2221 2184 2251 aremur
2195 2237 2206 2250 .
2225 2214 2311 2252 Nos
2327 2210 2404 2264 igi-

1411 2278 1475 2311 tur
1490 2261 1711 2321 hujusmodi
1740 2263 2092 2320 supplicationibus
2117 2267 2299 2311 inclinati
2314 2296 2328 2320 ,
2349 2281 2396 2309 ac

1409 2326 1578 2369 decreto
1593 2323 1737 2368 ultimo
1753 2324 1862 2368 disto
1877 2326 2111 2369 inhaerentes
2126 2351 2140 2372 ³
2155 2327 2390 2370 memoratis

1411 2385 1616 2429 Fratribus
1647 2394 1729 2425 tam
1754 2383 2001 2439 Caput-inis,
2026 2385 2144 2440 quim
2173 2385 2395 2429 Tertiariis

1412 2442 1682 2500 Regularibus
1698 2443 1919 2486 Provinciae
1936 2444 2195 2486 Normanniae
2208 2471 2222 2494 ‚
2249 2456 2295 2488 ut
2314 2446 2398 2487 Ha-

1411 2504 1540 2547 bitum
1556 2502 1790 2560 praediftum
1806 2501 1987 2557 personis
2021 2502 2272 2547 saecularibus
2295 2503 2401 2546 utris·

1412 2561 1534 2618 usque
1563 2559 1672 2605 sextis
1702 2561 1741 2602 in
1768 2560 1956 2603 domibus
1972 2562 2137 2616 privatis
2173 2573 2290 2604 extra
2309 2573 2400 2606 om·

1413 2636 1502 2664 nem
1517 2620 1888 2676 Congregationem
1912 2619 2150 2673 degentibus
2163 2649 2178 2672 ‚
2194 2622 2234 2662 &
2247 2618 2400 2675 absque

1412 2679 1530 2722 ullius
1557 2680 1643 2722 voti
1660 2679 1911 2732 obligatione
1935 2677 2243 2721 Ordinariorum
2270 2676 2400 2734 Juris-

1410 2739 1575 2782 dictioni
1596 2737 1774 2793 subjectis
1788 2765 1802 2788 ,
1817 2737 1854 2779 in
1871 2737 2045 2792 propriis
2077 2747 2212 2779 tamen
2246 2736 2398 2779 Eccle-

1412 2797 1472 2840 fiis
1499 2801 1655 2840 suorum
1671 2799 1957 2839 Conventuum
1989 2793 2237 2849 respective,
2265 2797 2302 2836 &
2321 2808 2400 2837 non

1410 2856 1523 2907 alibi,
1538 2855 1722 2898 conferre
1746 2853 1888 2897 libere.
1904 2854 1943 2894 &
1963 2852 2077 2895 licite
2104 2853 2263 2907 possints
2279 2854 2318 2895 &
2336 2866 2404 2895 va·

1410 2916 1518 2958 leant
1535 2943 1547 2965 ‚
1562 2914 1794 2957 auctoritate
1817 2915 1847 2955 A
1855 2912 2062 2969 postona,
2078 2921 2220 2955 tenore
2237 2913 2403 2969 praesen·

1414 2974 1513 3016 tium
1535 2971 1655 3028 usque
1670 2972 1718 3013 ad
1746 2972 1864 3014 aliam
1890 2969 2185 3014 ordinationem
2207 2971 2400 3013 concedi·

1416 3033 1558 3081 mus2&
1579 3031 1830 3086 indulgemus
1834 3030 2122 3082 ,decernentes
2134 3032 2209 3072 διε.
2219 3033 2315 3073 Non
2326 3030 2401 3072 ob-

1417 3092 1606 3134 stantibus
1621 3089 2000 3136 Constitutionibus,
2011 3089 2052 3128 &
2068 3086 2399 3130 Ordinationibus

1416 3150 1658 3205 Apostolicis
1675 3176 1690 3198 ‚
1703 3161 1774 3190 nec
1793 3161 1871 3189 non
1885 3174 1899 3193 ‚
1911 3155 2107 3202 quatenus
2126 3160 2227 3201 opus
2243 3145 2304 3197 fit,
2321 3147 2402 3186 Or-

1415 3209 1518 3251 dinis
1539 3210 1725 3249 Fratrum
1744 3206 2047 3260 Capucinorum
2062 3233 2076 3256 ,
2092 3217 2139 3246 ac
2155 3207 2398 3258 Congrega—

1415 3267 1538 3310 tionis
1555 3265 1697 3309 Galliae
1726 3262 1953 3320 hujusmodi
1969 3263 2093 3304 etiam
2114 3263 2190 3304 &m
2220 3262 2395 3313 statutis,

1414 3326 1454 3367 δι
1469 3322 1838 3373 consuetudinibus,
1851 3320 2072 3378 privilegiis
2085 3335 2244 3378 quoque
2261 3320 2400 3364 indul-

1413 3387 1491 3435 tis,
1512 3386 1552 3426 δι
1574 3383 1719 3425 litteris
1737 3380 2000 3434 Apostolicis,
2024 3380 2172 3423 eisdem
2187 3380 2331 3422 Ordini
2359 3381 2398 3422 δι

1413 3443 1630 3487 Provinciae
1649 3471 1664 3492 ,
1680 3439 1864 3496 illiusque
1877 3439 2158 3495 Superioribus
2172 3467 2186 3488 ,
2202 3442 2238 3482 &
2259 3440 2400 3494 perso-

1411 3503 1470 3546 nis
1499 3503 1536 3543 in
1563 3500 1815 3544 contrarium
1839 3496 2119 3555 praemifforum
2150 3499 2187 3541 in
2218 3512 2394 3554 genere,

1411 3562 1474 3605 vel
1490 3562 1526 3603 in
1539 3559 1669 3615 specie
1683 3587 1696 3608 a
1715 3572 1760 3601 ac
1774 3558 1867 3600 alias
1891 3557 2204 3614 quomodolibet
2222 3557 2392 3601 conces·

1409 3625 1454 3664 sis
1469 3648 1483 3669 a
1497 3618 1746 3663 confirmatis
1761 3648 1775 3669 ,
1799 3619 1838 3660 δι
1865 3618 2070 3660 innovatis
2085 3647 2096 3661 .
2112 3618 2276 3677 Qibus
2302 3629 2393 3657 om·

1408 3682 1525 3723 nibus
1539 3708 1552 3730 ,
1569 3681 1608 3722 &
1623 3677 1783 3734 lingulis
1795 3704 1807 3726 2
1823 3677 1986 3719 illorum
2005 3684 2166 3719 tenores
2183 3674 2386 3729 praesenti-

1406 3744 1476 3783 bus
1492 3753 1564 3795 pro
1580 3741 1698 3795 plene
1714 3765 1726 3787 ,
1742 3739 1781 3779 &
1798 3735 2036 3778 sufficienter
2050 3734 2255 3791 expreffis,
2272 3735 2310 3775 δι
2322 3733 2389 3774 in·

1406 3797 1518 3843 sertis
1546 3799 1739 3841 hibentes
1763 3826 1776 3849 ,
1804 3795 1886 3839 illis
1918 3794 2010 3838 alias
2041 3796 2079 3839 in
2109 3793 2179 3838 suo
2199 3794 2392 3837 robore,

2243 3864 2339 3908 per-
