2638 4088
718 19 725 23 -
808 74 1099 167 Baetica
1119 146 1143 175 ‚
1176 74 1327 193 fhu
1391 75 1826 192 Andalufiae
1846 144 1864 166 .

315 221 472 266 statutis
485 249 498 272 ,
514 224 552 263 &
566 218 923 264 consuetudInibus
935 249 949 271 ,
963 220 1196 277 caeterisque
1212 232 1308 262 con-

315 283 450 326 trariis
467 280 809 338 quibuscumque.

433 344 582 384 Datum
611 343 750 384 Romae
772 340 879 397 apud
894 341 1077 384 Sanstam
1095 339 1303 384 Mariam-⁴

313 400 509 451 Maiorem
535 401 604 442 sub
626 402 789 444 Annulo
817 401 1032 444 Piscatoris
1050 397 1117 440 die
1141 413 1243 442 xx11
1260 415 1300 442 r.

312 461 502 503 octobris
527 476 558 503 M
577 477 604 504 o
618 475 643 503 c
659 474 729 504 xz.
762 457 1028 502 Pontificatfis
1051 459 1174 502 nostri
1195 473 1303 503 anno

312 518 477 563 decimo
493 521 581 562 odila
589 535 638 563 vo
653 550 665 560 .

321 618 324 619 ⁷
370 638 621 696 Autograph.
637 641 681 680 in
701 636 873 681 Archivo
907 640 1100 679 secratur.
1119 636 1305 677 Brevium

426 698 735 756 Apostolicorum
764 695 922 756 Regesto
944 694 1078 753 menfis
1113 694 1169 745 ὢν
1206 698 1303 738 anm'

414 756 600 814 praedt'H.
609 754 738 816 fol-5.
1253 759 1255 763 “

1184 896 1304 908 -ι-

779 891 952 913 -s-—ss
1010 875 1013 878 ‹

309 994 369 1045 In
395 999 649 1048 Conventa
665 991 936 1044 Granatenfi
952 993 1170 1044 Novitios
1187 992 1303 1042 seor.

373 1064 456 1117 fim
485 1066 514 1115 ὲ
543 1082 735 1134 corpore
750 1067 950 1116 Familiae
967 1064 1166 1114 habitare
1178 1080 1302 1113 man-

374 1137 453 1187 dat
464 1173 481 1196 ,
501 1156 555 1188 ac
569 1136 626 1186 de
641 1137 739 1186 aliis
754 1154 838 1205 pto
856 1137 1164 1188 Novitiorum
1179 1152 1302 1187 com·

372 1207 520 1258 modo
550 1206 767 1278 providet
785 1244 799 1257 .

300 1348 815 1402 ALEXANDER
868 1352 1095 1402 PAPA
1142 1352 1299 1402 VII.

469 1470 538 1513 Ad
550 1468 750 1528 futuram
771 1470 834 1511 rei
858 1471 1110 1512 memoriam.

412 1586 551 1642 Xponi
566 1585 697 1630 Nobis
713 1599 841 1643 nuper
854 1583 954 1629 fecit
979 1585 1152 1629 dilectus
1166 1587 1288 1631 Filius

428 1644 614 1688 Minister
629 1645 846 1689 Generalis
871 1645 1040 1688 Ordinis
1063 1648 1294 1690 Fratrum„

295 1704 502 1746 Minorum
518 1704 780 1748 §.francisci
807 1705 1111 1760 Capucinorum
1136 1719 1291 1748 nuncu-

292 1771 483 1817 pat-orum
498 1791 513 1813 a
536 1763 649 1819 quod
664 1763 762 1806 alias
788 1764 1024 1806 conventui
1049 1764 1288 1806 Granatenfi

294 1821 392 1862 dien
407 1821 574 1864 Ordinis
607 1821 870 1877 quadraginta
886 1849 900 1872 ‚
929 1822 967 1863 δε
993 1822 1162 1877 amplius
1196 1825 1290 1866 Fra·

294 1889 403 1920 trum
428 1879 621 1923 familiam
638 1881 788 1926 habere
802 1879 924 1922 solito
941 1909 955 1931 ,
982 1881 1146 1937 quidam
1159 1882 1290 1925 bene-

291 1936 436 1988 factor,
451 1953 546 1981 cum
560 1941 712 1996 pluries
729 1949 931 1983 tentatum
947 1937 1080 1983 fuiffet
1095 1943 1283 1983 Novitia-

2124 121 2285 204 377

1365 220 1419 262 ἂί
1433 249 1450 272 ,
1471 234 1547 262 nec
1563 235 1642 264 non
1663 223 1895 278 Magistrum
1914 227 2171 274 Novitiorum
2189 262 2202 281 ‚
2219 253 2264 278 ac
2291 252 2352 280 re-

1367 279 1502 336 liquos
1517 283 1610 321 οέὶο
1621 307 1635 329 ,
1651 284 1714 324 vel
1732 285 1874 324 decem
1892 285 2052 326 Fratres
2070 290 2258 341 professos
2271 310 2351 338 ma.

1363 340 1425 394 gis
1443 350 1622 381 maturos
1635 367 1649 388 2
1663 344 1703 383 δι
1719 343 1971 397 exemplares
1986 372 1997 393 ,
2018 348 2083 397 qui
2107 351 2156 386 ad
2171 352 2347 393 habitan.

1363 401 1461 440 dum
1479 405 1555 442 una
1570 413 1663 441 cum
1677 402 1825 443 eisdem
1856 402 2037 444 Novitiis
2066 405 2246 447 destinati
2262 406 2346 452 fue-

1362 457 1475 508 rint,
1506 458 1649 514 reliqui
1677 462 1728 502 de
1743 459 1916 514 praedicti
1931 459 2168 504 Conventus
2195 461 2343 509 familia

1361 519 1701 571 compromittere
1720 519 1880 562 valeant
1895 549 1909 572 ‚
1935 521 1986 563 ad
2004 522 2083 563 hoc
2104 547 2119 569 s
2145 532 2188 561 ut
2205 521 2265 560 illi
2282 525 2352 565 soli

1364 575 1417 617 ad
1447 575 1627 620 dandum
1654 578 1881 633 suffragium
1917 594 1990 634 pro
2023 579 2259 623 admistione
2299 580 2352 621 ad

1362 633 1649 690 profeffionem
1663 636 1865 679 dictorum
1895 640 2155 682 Novitiorum
2179 651 2357 680 concur-

1362 706 1452 753 rere
1472 693 1675 745 debeant,
1693 698 1938 740 auctoritate
1968 727 1982 748 ,
2011 700 2051 740 &
2077 708 2221 742 tenore
2253 711 2353 752 prae-

1361 751 1532 796 sentium
1547 752 1878 804 concedimus‚&
1893 757 2148 813 indulgemus
2160 787 2174 799 .
2193 759 2354 799 Decer-

1360 812 1504 855 nentes
1520 812 1733 868 praesentes
1747 813 1905 857 litteras
1932 814 2085 871 semper
2110 816 2242 860 firmas
2257 845 2271 867 ,
2288 829 2355 859 va-

1360 871 1536 924 lidas‚&
1557 872 1739 915 efficaces
1752 874 1938 924 existere,
1951 877 1992 916 &
2009 875 2115 927 fore,
2130 890 2176 918 ac
2190 876 2242 918 ab
2256 874 2354 925 illis,

1361 931 1414 974 ad
1442 945 1541 986 quos
1567 931 1713 986 spectat
1740 957 1755 981 2
1781 934 1821 974 δε
1848 947 1924 989 pro
1949 944 2136 991 tempore
2162 933 2353 989 spectabit

1363 989 1656 1034 inviolabiliter
1670 990 1875 1035 observari
1892 1020 1906 1042 ‚
1938 993 2096 1050 illisque
2129 991 2354 1048 pleniffime

1361 1048 1794 1107 suffragar13s1cquein
1810 1052 2008 1107 praemiffis
2037 1067 2109 1110 per
2134 1051 2352 1109 quoscum-

1360 1122 1439 1165 que
1449 1108 1614 1164 Judices
1629 1110 1859 1154 ordinarios
1871 1138 1885 1161 a
1912 1114 1953 1155 &
1968 1111 2180 1169 delegatos
2196 1140 2210 1163 ‚
2229 1110 2355 1153 etiam

1359 1170 1566 1211 causarum
1583 1168 1727 1212 Palatii
1751 1170 1972 1225 Apostolici
1998 1172 2223 1215 Auditores
2245 1168 2355 1228 judi-

1358 1228 1442 1271 cari
1459 1256 1473 1279 ,
1490 1229 1529 1269 δι
1544 1225 1707 1270 definiri
1722 1227 1872 1271 debere
1885 1259 1901 1282 ,
1917 1245 1962 1274 ac
1979 1230 2143 1273 irritum
2156 1259 2170 1282 ‚
2199 1231 2239 1271 &
2266 1229 2354 1271 ina⁴

1359 1301 1429 1338 ne,
1440 1285 1633 1343 quicquid
1649 1289 1758 1330 secus
1775 1287 1892 1343 super
1906 1290 1969 1331 his
1982 1289 2004 1332 a
2018 1302 2222 1346 quoquam
2253 1293 2355 1344 qua-'

1362 1347 1418 1388 vis
1431 1347 1673 1390 auctoritate
1686 1345 1861 1390 scienter
1875 1375 1890 1398 ‚
1918 1345 1983 1389 vel
2001 1348 2237 1403 ignoranter
2250 1359 2353 1389 con-

1359 1406 1505 1462 tigerit
1523 1406 1741 1450 attentari.
1766 1409 1861 1449 Non
1873 1405 2123 1449 obstantibus
2141 1403 2353 1462 praemiffis,

1358 1480 1405 1507 ac
1421 1463 1779 1509 consuetudinibus
1794 1493 1809 1517 ,
1834 1466 1874 1506 &
1886 1465 2216 1508 ordinationibus
2238 1466 2354 1519 Apo—

1355 1523 1506 1567 stolicis
1523 1553 1537 1576 ‚
1552 1539 1624 1568 nec
1639 1537 1738 1576 non,
1749 1533 1945 1580 quatenus
1962 1539 2061 1582 opus
2075 1526 2139 1577 fit,
2161 1522 2348 1570 Ordinis,

1355 1598 1403 1626 ac
1420 1584 1702 1635 Provinciae‚&
1717 1582 1959 1627 Conventus
1975 1582 2349 1640 hujusmodi,etiam

1353 1642 1617 1701 juramento,
1645 1642 1956 1686 confirmatione
1981 1642 2213 1699 Apostolica
2239 1668 2253 1692 ,
2282 1638 2348 1681 vel

1352 1703 1493 1759 quavis
1519 1702 1597 1744 alia
1623 1701 1816 1745 firmitate
1843 1703 2048 1746 roboratis
2077 1701 2237 1744 statutis
2266 1726 2280 1748 ‚
2310 1700 2351 1740 &

1349 1760 1708 1804 consuetudinibus
1738 1789 1752 1812 ,
1777 1762 1999 1816 privilegiis
2022 1773 2187 1817 quoque
2219 1757 2362 1802 indul·

1350 1821 1401 1862 tis
1417 1819 1640 1872 ,&litteris
1659 1819 1899 1875 Apostolicis
1913 1821 1953 1861 in
1971 1820 2236 1862 contrarium
2253 1831 2353 1873 prae-

1348 1877 1553 1922 mifforum
1567 1878 1880 1935 quomodolibet
1897 1877 2089 1922 concellis
2104 1904 2118 1926 a
2133 1875 2351 1920 confirma-

1346 1939 1464 1990 tis‚&
1481 1937 1692 1981 innovatis·
1708 1938 1869 1997 Quibus
1884 1938 2143 1990 omnibus‚&
2169 1935 2348 1990 lingulis,

289 2009 376 2039 tum
400 1999 441 2039 in
469 1998 541 2041 illa
573 1998 800 2042 Provinciae
838 1998 1077 2042 Conventus
1106 2000 1283 2053 praedie'ti
1342 1998 1505 2041 illorum
1523 2008 1686 2041 tenores
1704 1995 1958 2052 praesentibus
1975 2011 2047 2054 pro
2063 1994 2254 2053 expreffis
2281 1996 2351 2038 ha-

291 2067 408 2111 parte
426 2057 578 2099 institui
593 2086 609 2108 ‚
622 2071 699 2101 nec
713 2055 754 2097 id
770 2054 859 2097 fieri
875 2056 1066 2111 potuifl'et
1081 2085 1095 2106 ,
1107 2058 1283 2099 Domum

286 2118 396 2171 quasi
412 2116 510 2156 novi
525 2112 769 2158 Conventus
788 2113 1059 2167 amplitudine
1071 2140 1086 2164 ,
1101 2127 1193 2156 cum
1212 2115 1285 2155 fiiis

284 2173 552 2229 officinis,pro
566 2173 814 2230 educatione
838 2172 1101 2216 Novitiorum
1115 2172 1285 2214 Ordinis

284 2232 516 2287 hujusmodi
528 2232 717 2285 adjunxit
730 2257 747 2279 ‚
759 2231 800 2270 in
817 2243 895 2281 qua
912 2229 980 2282 ipfi
996 2230 1158 2270 Novitii
1175 2232 1284 2270 seor-

283 2289 392 2333 fima
409 2287 618 2330 Fratribus
645 2283 832 2343 profestis
854 2285 951 2326 dieti
982 2285 1153 2326 Ordinis
1173 2285 1284 2327 habi·

283 2356 391 2391 tant.
408 2349 515 2389 Cum
537 2355 699 2398 autem,
715 2343 815 2387 sicut
827 2343 972 2386 eadem
988 2343 1182 2396 expositio
1199 2344 1222 2384 s
1215 2345 1286 2385 ub-

279 2404 477 2466 jungebat
491 2435 506 2459 ‚
527 2420 610 2448 non
639 2417 781 2446 omnes
801 2404 1016 2445 memorati
1042 2400 1283 2446 Conventus

282 2469 478 2516 Fratres,
506 2463 667 2508 attenta
691 2477 834 2506 eorum
857 2461 1123 2506 multitudine
1148 2491 1162 2513 ‚
1194 2462 1285 2504 exi·

281 2525 374 2567 miis
395 2553 409 2576 ,
439 2525 574 2579 eisque
599 2523 864 2580 qualitatibus
905 2521 1063 2577 praediti
1099 2518 1178 2563 esse
1210 2530 1283 2563 vai

284 2585 423 2631 leant,
439 2592 482 2624 ut
499 2581 683 2627 Novitiis
698 2578 896 2637 praediffls
915 2577 1172 2623 aedificationi
1187 2578 1278 2630 fint,

281 2643 350 2686 sed
367 2640 525 2686 necesse
537 2643 634 2685 sitin
651 2655 702 2682 eo
715 2641 855 2697 plures
869 2638 979 2682 senes
993 2668 1006 2690 ,
1022 2641 1061 2681 &
1078 2636 1278 2689 infirmos,

278 2716 327 2747 ac
355 2702 457 2743 alios
479 2701 607 2745 minus
636 2710 752 2753 aptos
771 2698 1000 2741 collocari.
1027 2697 1156 2741 Nobis
1179 2712 1277 2752 pro-

277 2768 419 2818 pterea
432 2760 538 2802 idem
561 2759 744 2801 Minister
763 2757 1007 2807 Generalis,
1029 2755 1082 2798 de
1108 2755 1276 2797 consilio
1337 2772 1863 2790 ————--—----

282 2819 411 2861 totius
429 2816 668 2860 Diffinitorii
683 2815 848 2859 Ordinis
872 2815 1052 2870 praediffl
1067 2844 1082 2866 ,
1103 2822 1147 2854 ut
1176 2812 1274 2857 asse-

1345 2058 1518 2107 bentes‚
1545 2056 1624 2101 illis
1654 2057 1748 2102 alias
1778 2058 1820 2099 in
1851 2054 1921 2099 suo
1942 2058 2092 2099 robore
2116 2056 2349 2111 permansu-

1347 2114 1428 2159 ris,
1459 2114 1510 2154 ad
1551 2115 1832 2166 praemifforum
1877 2114 2060 2158 effectum
2091 2114 2347 2170 specialiter,

1345 2171 1386 2212 δι
1400 2167 1590 2225 expresse
1603 2169 1866 2225 derogamus,
1883 2173 2118 2229 caeterisque
2133 2173 2351 2215 contrariis

1346 2227 1694 2282 quibuscumque.
1886 2274 1889 2276 ,

1464 2285 1617 2325 Datum
1648 2287 1789 2326 Romae
1813 2288 1918 2340 apud
1956 2289 2347 2332 Sanctam-Mariam

1345 2339 1546 2394 Maiorem
1567 2337 1639 2382 sub
1666 2342 1835 2383 Annulo
1851 2342 2064 2387 piscatoris
2096 2345 2164 2386 die
2185 2360 2200 2387 1
2216 2357 2249 2385 ι.
2264 2349 2348 2388 Au·

1345 2400 1452 2499 gustj³
1475 2413 1671 2443 Μοοινι.
1699 2399 1965 2443 Pontificatus
1998 2402 2123 2443 nostri
2150 2415 2259 2444 anno
2284 2405 2346 2446 se-¹

1343 2473 1422 2502 cun
1457 2471 1509 2499 0.

1400 2575 1653 2632 Autograpb.
1681 2576 1725 2617 bn
1739 2575 1910 2618 Archino
1936 2579 2136 2620 Secretar.
2149 2577 2335 2619 Brevium

1454 2634 1590 2693 Apost.
1604 2637 1699 2690 Reg.
1721 2635 1842 2692 mens?
1854 2634 1908 2685 &0
1920 2647 2013 2677 ann.
2023 2635 2150 2689 praed.
2150 2633 2233 2692 sol.
2237 2646 2308 2688 35.

278 2877 363 2929 rit,
387 2876 598 2920 humiliter
612 2876 824 2932 supplicari
839 2874 967 2926 fecit,
984 2874 1081 2916 utin
1100 2873 1273 2928 praemis-
1336 2874 1590 2922 Decretum
1622 2869 1680 2920 de
1710 2869 1973 2939 sepulturis
2011 2869 2058 2919 in
2085 2869 2327 2920 Ecclesia..

280 2935 326 2978 fis
341 2938 571 2993 opportune
588 2934 808 2992 providere
827 2963 841 2984 2
852 2936 917 2984 &a
932 2944 976 2976 ut
994 2931 1094 2975 infra
1107 2960 1120 2982 ,
1134 2931 1270 2975 indul·

277 3008 378 3051 gere
392 2996 443 3039 de
457 2994 710 3051 benignitate
726 2993 957 3050 Apostolica
970 2993 1234 3048 dignaremur
1254 3018 1266 3031 .

395 3058 482 3098 Nos
505 3054 628 3111 igitur
656 3054 806 3097 dietum
831 3053 1058 3094 Ministrum
1075 3054 1263 3094 Genera-

277 3114 360 3157 lem
375 3113 612 3171 specialibus
627 3113 832 3157 favoribus
844 3141 858 3164 ,
870 3113 911 3153 &
925 3111 1062 3167 gratiis
1076 3111 1264 3166 prosequi

1401 2941 1684 2992 Monialium
1710 2945 1927 2993 Granatae
1952 2956 2047 2990 non
2075 2941 2325 2992 alienandis

1398 3009 1670 3064 confirmat.

275 3173 463 3216 volentes
485 3202 498 3225 ,
521 3176 560 3216 &
587 3180 610 3221 ὲ
632 3171 838 3230 quibusvis
872 3171 1263 3214 excommunicatio·
1325 3158 1369 3206 C
1407 3159 1444 3205 L
1480 3158 1519 3205 E
1556 3156 1615 3204 M
1651 3156 1690 3203 E
1724 3152 1774 3201 N
1811 3154 1844 3202 S
1915 3154 1952 3203 P
1977 3155 2027 3202 A
2062 3154 2099 3204 P
2129 3156 2176 3204 A
2247 3156 2314 3205 X.

272 3235 335 3276 nis
347 3236 425 3276 διε.
444 3233 669 3276 absolutum
685 3233 771 3274 fore
785 3229 992 3274 censentes
1006 3260 1022 3282 ‚
1051 3229 1261 3286 hujusmo-

274 3292 316 3333 di
340 3291 699 3347 supplicationibus
714 3290 913 3337 inclinati,
931 3302 974 3333 ut
991 3290 1150 3333 Novitii
1163 3304 1261 3347 prae-

274 3350 372 3394 dieti
400 3349 560 3392 seorfim
585 3353 609 3394 a
633 3364 809 3407 corpore
837 3350 949 3392 dietae
965 3349 1140 3393 Familiae
1164 3347 1260 3392 dieti

274 3410 516 3452 Conventus
530 3438 545 3461 ‚
563 3417 607 3450 ut
622 3410 1126 3465 praemittitunhabitantes
1139 3436 1154 3459 ‚
1180 3421 1260 3449 non

273 3466 343 3510 nisi
360 3470 545 3510 Chorum
561 3494 575 3516 a
590 3470 627 3510 &
645 3467 864 3510 Ecclesiam
883 3482 1118 3512 communes
1133 3481 1259 3509 cum...

1506 3282 1577 3326 Ad
1576 3280 1771 3341 futuram
1795 3282 1855 3323 rei
1875 3281 2099 3325 memoriam
2111 3306 2123 3321 .

1421 3401 1548 3458 Xponi
1566 3400 1697 3446 Nobis
1724 3411 1850 3452 nuper
1882 3399 2069 3442 fecerunt
2090 3398 2244 3443 dileelae
2268 3400 2306 3444 in

1433 3461 1601 3504 Christo
1616 3460 1660 3504 Fi
1670 3458 1951 3510 liae,Abbatissa
1965 3461 2005 3501 &
2017 3459 2216 3502 Moniales
2230 3462 2310 3501 Ca-

272 3526 432 3583 reliquo
461 3525 622 3569 familiae
666 3524 893 3582 hujusmodi
928 3528 981 3571 de
1014 3523 1159 3568 caetero
1186 3527 1255 3566 ha·
1317 3523 1472 3576 pucinae
1499 3527 1733 3575 nuncupatae
1762 3516 2300 3568 MonasteriiGranatenfis,

272 3587 416 3637 beant,
434 3585 667 3639 Apostolica
691 3585 929 3628 auctoritate
944 3616 959 3638 ,
986 3596 1129 3628 tenore
1155 3597 1256 3639 prae-
1315 3578 1712 3636 quod2cumipsarum
1727 3575 2301 3632 Exponentium2quaeJurisdi-

272 3645 441 3689 sentium
466 3644 698 3692 statuimus,
727 3644 1011 3687 &ordinamus
1028 3674 1040 3685 .
1075 3646 1134 3686 Ac
1158 3656 1250 3696 pro·
1310 3636 1956 3692 &inni&gubernioVenerabilis
1972 3636 2297 3678 FratrisArchie-

268 3708 408 3761 pterea
423 3732 436 3757 ,
456 3713 500 3748 ut
517 3704 556 3746 in
574 3701 827 3761 Guardianos
852 3700 1087 3747 Conventus
1107 3698 1248 3758 praedi-
1311 3698 1459 3756 piscopi
1475 3697 1732 3741 Granatenfis
1744 3694 1981 3752 subjacent,
1998 3693 2295 3738 Ecclefiaintra

2140 3767 2246 3798 moe·-¹
