2612 4100
499 182 610 292 80

418 292 617 367 Habitum
633 325 674 366 &
687 319 959 380 profess‘ionem
972 311 1076 356 male
1088 323 1269 369 receptos
1283 315 1323 356 δι
1335 314 1402 356 nd-

421 381 570 432 rniffos,
585 383 635 426 ad
653 395 794 425 novam
809 373 1086 434 profeffionem
1099 371 1147 429 (fi
1163 372 1204 414 in
1219 374 1402 415 vocatio-

422 457 471 485 ne
494 440 744 499 perseverare
767 430 1038 487 voluerint,)
1059 433 1180 473 etiam
1195 445 1300 473 novo
1315 447 1405 488 pro·

421 501 593 545 bationis
609 513 713 542 anno
724 491 887 536 minime
908 490 1037 538 fade,
1053 489 1308 543 admittendi3
1323 505 1406 533 om·-

421 561 614 616 neique&
628 552 794 610 singulos
810 561 892 593 tam
906 548 1143 606 juris,quam
1158 547 1263 598 faeti,
1283 550 1403 592 etiam

424 616 699 662 substantiales
725 608 925 660 defectus,
958 620 1009 650 ex
1034 607 1218 651 nullitate
1235 609 1406 665 Capitu-

424 678 559 720 lorum
575 703 588 725 ‚
603 673 694 716 ficut
710 664 936 724 praefertur,
952 665 1055 709 male
1078 667 1374 713 celebratorum
1388 692 1403 715 ,

427 740 674 778 interventos
709 723 938 783 Apostolica
967 726 1210 769 auctoritate
1241 726 1407 768 nostra„

424 787 664 846 supplendi:
683 789 740 830 Ac
756 798 879 827 unum
902 799 949 828 ex
965 785 1168 828 Fratribus
1195 784 1408 839 ejusdem-³

425 848 586 893 Ordinis
603 846 672 888 fibi
687 845 787 888 bene
803 841 930 886 visum
944 872 958 896 ,
979 853 1096 886 aetate
1111 857 1294 899 gravem,
1311 841 1406 884 zelo

423 912 460 951 &
486 907 635 963 pietate
649 902 907 959 conspicuum
924 931 938 954 ,
952 917 995 945 ac
1010 903 1079 957 qui
1108 903 1202 946 alias
1230 900 1406 943 officium

426 965 595 1009 Ministri
625 961 889 1007 Provincialis
914 961 952 1004 in
986 959 1119 1003 Gallia
1145 960 1404 1004 laudabiliter

425 1024 687 1073 exercuerit,
717 1033 918 1077 quemque
944 1018 1158 1062 secundum
1193 1021 1326 1062 Deum
1357 1015 1407 1058 ad

425 1080 612 1141 praemiffa
645 1080 821 1123 fideliter
845 1079 1075 1135 peragenda
1110 1077 1313 1133 aptiorem
1340 1090 1410 1119 co-

427 1143 620 1199 gnoverit
633 1171 646 1190 ‚
676 1139 742 1182 sibi
764 1152 856 1181 cum
873 1138 1002 1187 simili,
1019 1139 1082 1180 vel
1100 1137 1269 1180 limitata
1284 1134 1412 1177 facul·

428 1202 576 1252 tate,s1
593 1200 659 1252 ,δε
677 1196 837 1255 quando
866 1197 906 1239 id
924 1197 978 1239 ita
1006 1195 1213 1239 necessitas
1238 1193 1412 1252 postula-

428 1260 534 1302 verit
551 1288 563 1309 ,
593 1271 685 1300 cum
713 1254 882 1298 consilio
907 1256 1215 1310 prudentiorum
1231 1282 1246 1306 ,
1272 1252 1408 1295 substi—

428 1319 599 1369 tuendi,
613 1313 847 1358 facultatem
861 1315 1076 1358 tribuimus
1088 1344 1098 1355 .

544 1381 742 1422 Praeterea
759 1374 1072 1417 Venerabilibus
1100 1373 1303 1416 Fratribus
1320 1396 1333 1419 2
1350 1370 1412 1412 Bi-

431 1436 620 1482 turicenfi
637 1436 699 1487 ,δι
716 1434 938 1475 Turonenfi
955 1431 1271 1488 Archiepiscopis
1286 1460 1301 1482 ,
1314 1442 1412 1470 nec-

427 1510 509 1542 non
526 1492 753 1538 Pit'tavienfi
767 1518 782 1542 ,
806 1490 1085 1534 Aurelianenfi
1102 1521 1117 1541 ,
1136 1487 1377 1534 Carnotenfi
1398 1516 1413 1540 ‚

427 1550 704 1612 Andegavenfi
722 1579 736 1602 ,
755 1550 995 1600 Luconenfi,
1017 1550 1281 1599 Nivernenfi‚
1303 1550 1416 1590 Xan-

428 1613 585 1660 tonenfi
611 1641 625 1664 ,
658 1608 945 1665 Engolismenfi
971 1611 1009 1651 &
1037 1609 1270 1664 Rupellenfi
1317 1606 1413 1663 Epi-

427 1675 557 1730 scopis
573 1700 586 1723 ‚
602 1684 673 1725 per
685 1670 845 1712 easdem
871 1669 1081 1725 praesentes
1107 1666 1414 1716 committimus,

429 1735 470 1773 δι
488 1730 714 1773 mandamus
730 1737 953 1782 ,quatenus
979 1727 1147 1782 quisque
1171 1727 1342 1781 ipsorum
1373 1724 1414 1764 in

428 1788 495 1829 sua
524 1788 695 1828 Dioecesi
725 1784 945 1838 respective
962 1786 1120 1824 fratres
1136 1783 1418 1828 inobedientes

430 1842 630 1888 exercitio
645 1839 948 1882 Confessionum
963 1866 979 1887 ,
1000 1841 1039 1879 δι
1056 1839 1421 1880 Praedicationum

431 1905 594 1962 privet,
626 1910 846 1954 eorumque
865 1895 1062 1939 Ecclefias
1098 1896 1225 1938 statim
1248 1893 1421 1938 interdi-

430 1967 496 2006 &o
515 1958 788 2003 Ecclesiastico
811 1955 994 2007 subjiciat
1010 1970 1023 1995 ε
1049 1969 1095 1994 ac
1119 1955 1292 2006 privatio
1307 1952 1422 2009 &in-

431 2019 645 2062 ιει-ἀιᾶυω
673 2011 893 2065 hujusmodi
910 2009 1068 2050 tamdiu
1083 2010 1232 2055 durent
1248 2037 1260 2058 ,
1291 2009 1425 2048 donec

431 2090 504 2135 per
530 2070 691 2114 eosdem
712 2068 991 2111 inobedientes
1013 2065 1263 2118 praesentibus
1282 2065 1424 2107 nostris

432 2133 583 2180 litteris
616 2127 773 2184 integre
801 2127 974 2182 paritum
1002 2123 1123 2167 fuerit
1141 2155 1157 2176 ,
1191 2125 1254 2166 vel
1281 2127 1318 2164 in
1345 2122 1423 2178 ipsa

433 2189 657 2248 Regularia
683 2187 771 2230 loca
794 2188 948 2228 Fratres
965 2183 1208 2226 obedientes
1223 2210 1238 2235 ,
1269 2183 1338 2225 sub
1353 2191 1423 2238 gu-

432 2252 576 2298 bernio
601 2242 869 2292 commissarii
897 2242 1114 2287 Generalis
1146 2270 1161 2294 ,
1193 2240 1275 2284 sese
1308 2254 1424 2284 rece-

465 2321 571 2354 erint
587 2338 599 2350 .
1419 2348 1423 2353 ,

435 2327 461 2371 p
553 2366 698 2412 Adhaec
714 2392 727 2415 ,
756 2363 934 2407 omnibus
949 2365 990 2405 δι
1015 2363 1174 2419 singulis
1191 2362 1348 2405 dilectis
1367 2361 1427 2405 Fi-

435 2431 497 2473 liis
511 2427 606 2471 dieti
622 2422 790 2466 Ordinis
807 2424 847 2464 in
862 2423 999 2465 Gallia
1019 2422 1334 2464 Provincialibus
1354 2450 1367 2472 ,
1382 2429 1427 2461 ut

436 2492 600 2533 Fratres
615 2482 855 2526 obedientes
887 2482 1112 2523 Provinciae
1145 2481 1331 2523 Turoniae
1354 2481 1427 2521 hu-

436 2546 622 2603 jusmodi,
636 2543 702 2599 qui
725 2555 796 2594 pro
812 2539 1067 2584 observantia
1086 2540 1254 2596 Regulae
1268 2541 1305 2580 δι
1322 2552 1430 2581 man-

437 2608 624 2650 datorum
641 2599 966 2653 Apostolicorum
985 2597 1309 2654 persecutionem
1330 2611 1430 2640 con·

442 2667 592 2708 stanter
609 2660 700 2717 pam
721 2662 826 2707 sunt,
844 2658 868 2700 si
883 2662 933 2702 ad
950 2672 1020 2699 eos
1038 2657 1323 2714 transmigrare
1337 2671 1429 2700 coa-

440 2726 493 2767 ἑὶὶ
511 2722 661 2766 fuerint
676 2747 691 2769 ,
714 2717 891 2772 benigne
907 2720 945 2759 &
960 2717 1221 2769 charitative,
1238 2729 1427 2772 tanquam

439 2782 663 2839 legitimam
677 2776 717 2816 S.
746 2775 946 2818 Francisci
961 2775 1117 2829 prolem
1133 2773 1339 2832 suscipiant
1355 2803 1368 2824 ,
1382 2788 1428 2816 ac

437 2842 491 2885 fic
509 2842 710 2894 susceptos
731 2834 805 2876 suis
821 2834 970 2891 juribus
989 2833 1065 2877 frui
1093 2831 1239 2877 faciant
1257 2863 1271 2884 ,
1298 2833 1432 2890 perin-

439 2902 509 2949 de,
526 2913 571 2940 ac
587 2897 609 2939 si
638 2894 792 2938 suarum
812 2893 1116 2937 Provinciarnm
1131 2893 1202 2936 filii
1219 2892 1362 2936 essent:
1382 2891 1431 2932 il-

440 2961 579 3011 losque
595 2956 664 2997 sub
680 2953 821 3009 quovis
839 2963 1039 3009 praetextu
1068 2953 1088 2993 εὶ
1114 2954 1187 2994 suis
1207 2949 1431 2996 Provinciis

442 3015 589 3071 absque
602 3012 835 3055 obedientia
850 3009 1118 3056 Commissarii
1133 3009 1345 3053 Generalis
1361 3010 1430 3049 ab-

442 3077 502 3119 ire
527 3089 606 3115 non
631 3072 779 3119 sinant,
810 3073 850 3113 in
871 3071 1026 3113 virtute
1044 3073 1192 3113 Sanetae
1226 3068 1431 3111 Obedien—

443 3135 510 3177 tiae
527 3129 769 3188 praecipimus
783 3160 798 3180 ,
831 3130 1003 3186 ipsisque
1021 3129 1224 3173 Fratribus
1241 3127 1289 3169 fic
1305 3128 1428 3169 trans-

442 3188 709 3248 migrantibus
722 3213 736 3235 ,
750 3201 794 3228 ac
809 3190 1007 3242 quibusvis
1030 3188 1118 3230 aliis
1135 3186 1248 3240 ipfius
1267 3187 1432 3228 Provin-

442 3254 512 3295 eiae
538 3247 722 3294 Turoniae
742 3247 971 3294 Fratribus,
1003 3261 1053 3287 ne
1081 3247 1131 3290 ad
1152 3244 1429 3288 inobedientes

442 3309 512 3353 sub
543 3307 686 3365 quovis
716 3315 908 3359 praetextu
936 3306 1100 3348 tranfire
1121 3338 1137 3359 ,
1166 3308 1204 3348 &
1224 3317 1314 3346 cum
1346 3303 1429 3345 illis

446 3364 688 3413 commorari
703 3362 908 3416 audeant,
922 3365 1178 3420 prohibemus
1192 3396 1205 3407 .

560 3428 760 3469 Praeterea
775 3423 882 3465 dieto
902 3425 1181 3468 Commiffario
1204 3421 1397 3466 Generali
1412 3450 1427 3472 ,

441 3498 486 3530 ut
503 3487 580 3528 una
595 3497 685 3526 cum
714 3481 1011 3526 Diffinitoribus
1031 3511 1046 3531 ,
1070 3485 1142 3541 qui
1168 3496 1216 3525 ex
1232 3481 1427 3536 Capitulo

441 3546 612 3589 Aureliae
645 3555 752 3583 anno
770 3541 887 3594 1648.
922 3543 1131 3587 celebrato
1148 3569 1162 3592 s
1180 3541 1428 3597 supererint,

440 3604 461 3658 (
480 3601 701 3645 dummodo
729 3599 968 3644 obedientes
985 3601 1094 3655 lint)
1121 3602 1373 3646 Guardianos
1390 3601 1429 3641 in

443 3659 726 3703 Conventibus
743 3661 978 3701 vacantibus
994 3660 1071 3702 five
1098 3660 1319 3703 interdictis
1333 3686 1347 3708 ,
1381 3673 1429 3701 ex

441 3731 612 3760 numero
638 3720 820 3760 Fratrum
846 3717 1122 3763 obedientium
1142 3749 1156 3772 ,
1183 3718 1426 3774 praeficere)

440 3774 582 3834 ponit,
605 3773 845 3833 facultatem
866 3779 1158 3837 concedimus.
1186 3781 1290 3824 Cum
1318 3779 1424 3834 hoc,

1194 173 1777 259 Provincia

1464 314 1574 373 quod
1590 314 1725 357 eidem
1749 307 2030 353 Comminatio
2058 314 2256 369 Gen'erali
2272 316 2295 373 (
2307 320 2333 360 fi
2350 325 2452 373 prae-'

1463 375 1556 417 dieti
1577 372 1825 416 Diffinitores
1851 370 2095 412 obedientes
2121 375 2282 433 desint)
2307 377 2451 423 idem..

1465 447 1559 476 cum
1580 432 1748 476 confilio
1769 432 1958 472 Fratrum
1974 429 2014 471 in
2028 428 2093 471 sua
2107 434 2453 482 commistione...

1466 492 1665 536 Generali
1697 489 2010 541 nominatorum,
2027 489 2209 544 praestare
2227 491 2348 536 liceat
2369 508 2381 536 ε
2399 498 2461 538 Ut

1467 550 1548 607 ipse
1565 561 1753 606 tempore
1768 561 1954 604 congruo
1967 576 1982 598 ,
2009 546 2094 602 post
2125 550 2348 593 Provinciae
2366 551 2459 602 vifis

1469 610 1682 660 tationem,
1700 608 1938 650 electionem
1954 606 2231 650 Discretorurn
2251 609 2453 662 indicere,

1467 666 1699 724 Capitulum
1717 677 1949 710 convocare
1963 694 1978 718 ,
2009 664 2150 720 illique
2166 667 2370 722 praefidere
2385 682 2460 719 va-,

1467 728 1550 771 leat
1567 755 1582 779 ,
1612 729 1651 768 in
1677 739 1783 782 quo,
1800 724 1946 780 absque
1974 724 2052 767 alia
2078 725 2299 776 electione,
2312 727 2448 771 suffra..

1468 795 1617 842 getur,
1645 799 1689 827 ac
1715 793 1888 839 utraque
1916 796 2016 826 voce
2045 783 2171 826 afflva
2198 786 2238 828 &
2263 779 2448 842 paffivb‘

1465 844 1643 889 fruatur.
2372 838 2375 843 ’

1583 902 1816 954 Postremo,
1839 915 1892 944 ne
1912 902 2085 959 aliquam
2116 902 2397 948 difficultatem
2420 903 2462 946 in

1469 961 1729 1006 electionibus
1743 971 1910 1018 propter
1934 962 2124 1017 Capitula
2140 963 2162 1020 (
2175 963 2271 1006 sicut
2298 959 2463 1017 praefer-

1470 1034 1535 1066 tur
1549 1021 1569 1078 )
1584 1020 1788 1063 annullata
1801 1050 1816 1072 ,
1833 1020 1932 1063 oriri
1947 1021 2154 1075 contingat
2169 1051 2183 1074 ,
2197 1024 2305 1078 quod
2323 1024 2461 1065 Guar-

1470 1082 1578 1123 diani
1594 1080 1660 1128 ,δι
1676 1080 1914 1134 Superiores
1931 1081 2138 1130 locorum,
2172 1081 2240 1135 qui
2262 1081 2312 1122 ab
2339 1093 2458 1123 exet·-

1472 1139 1571 1182 citio
1588 1136 1944 1188 Guardianatfis,&
1963 1138 2270 1192 Superioritatis
2288 1146 2462 1181 vacaved

1473 1199 1579 1247 rint,
1593 1195 1643 1237 ad
1659 1197 1800 1239 eadem
1817 1196 1948 1239 officia
1962 1224 1975 1245 ,
2012 1197 2083 1238 etsi
2106 1196 2353 1248 triennium,
2390 1196 2458 1239 vel

1472 1256 1703 1299 sexennium
1721 1254 2020 1310 compleverint
2045 1279 2061 1302 ,
2088 1267 2134 1295 ac
2165 1254 2264 1296 alias
2297 1252 2465 1298 servatis

1471 1314 1673 1361 servandis
1684 1342 1698 1365 ,
1713 1313 1805 1369 eligi
1826 1312 1986 1367 poffint,
2002 1313 2188 1366 perinde,
2203 1327 2248 1356 ac
2264 1314 2290 1354 si
2305 1323 2467 1368 tempo-

1472 1390 1516 1420 re
1529 1405 1544 1427 ,
1577 1387 1658 1431 quo
1681 1374 1730 1415 ab
1761 1371 1958 1415 exercitio
1991 1370 2212 1427 hujusmodi
2246 1371 2460 1424 vacarunt,

1472 1433 1695 1481 Guardiani
1709 1461 1723 1484 ,
1736 1433 1777 1473 ἃ.
1797 1429 2030 1488 Superiores
2049 1429 2125 1472 effe
2137 1429 2320 1474 defiffent
2338 1458 2353 1481 ,
2382 1430 2461 1485 deq

1476 1494 1674 1537 claramus
1690 1521 1702 1532 .
1872 1538 1875 1542 Α

1594 1554 1876 1595 Decernentes
1891 1545 2102 1606 praesentes
2120 1549 2301 1593 Litteras
2315 1577 2330 1602 ,
2345 1548 2465 1591 etiam

1477 1627 1525 1655 ex
1542 1609 1716 1666 eo,quod
1731 1609 1972 1664 quicumque
1989 1608 2027 1650 in
2058 1608 2254 1663 praemiffis
2275 1605 2462 1651 interesse

1475 1674 1668 1716 habentes
1684 1695 1698 1717 ,
1711 1671 1778 1712 seu
1795 1668 1945 1711 habere
1972 1668 2279 1722 quomodolibet
2293 1676 2468 1721 praeten-

1478 1733 1623 1773 dentes
1639 1757 1652 1777 ‚
1670 1727 1749 1768 illis
1764 1740 1842 1768 non
1867 1722 2165 1775 consenserint,
2188 1726 2225 1765 Sc
2254 1725 2305 1766 ad
2332 1739 2380 1766 ea
2396 1739 2470 1768 vo-

1479 1786 1560 1829 cati
1575 1813 1588 1834 ,
1605 1784 1670 1824 vel
1686 1783 1817 1823 auditi
1829 1798 1906 1824 non
1921 1781 2073 1823 fuerint
2087 1812 2103 1832 ,
2120 1783 2184 1822 vel
2205 1795 2254 1822 ex
2275 1783 2356 1822 alia
2369 1796 2468 1837 qua..

1482 1852 1653 1895 cumque
1682 1837 1797 1879 causa
1813 1838 2064 1888 ,occafione‚
2080 1838 2238 1890 colore,
2257 1849 2469 1893 praetextu,

1482 1898 1669 1954 &capite
1685 1925 1699 1946 ,
1712 1896 1834 1938 etiam
1862 1897 1901 1939 in
1920 1910 2092 1952 corpore
2106 1896 2204 1954 juris
2217 1897 2351 1940 clauso
2363 1926 2378 1949 ,
2411 1898 2466 1941 de

1486 1955 1777 2008 subreptionis,
1794 1954 2044 2008 obreptionis
2056 1981 2071 2003 ,
2094 1965 2161 1997 aut
2176 1956 2373 1999 nullitatis
2409 1957 2471 1999 vi·

1486 2013 1546 2055 tio
1560 2039 1575 2062 ,
1589 2012 1653 2054 vel
1670 2009 1904 2054 intentionis
1930 2013 2093 2062 nostrae,
2121 2023 2190 2054 aut
2205 2028 2466 2071 quocumque

1485 2071 1591 2123 alio,
1620 2070 1874 2124 quantumvis
1903 2067 2175 2119 substantiali,
2199 2071 2357 2115 defefiu
2389 2088 2470 2116 no-

1485 2131 1588 2181 tari,
1613 2129 1865 2185 impugnari,
1891 2126 2078 2185 redargui
2101 2159 2114 2181 ,
2142 2133 2348 2173 retraetari
2374 2160 2389 2183 ,
2419 2131 2471 2175 ad

1485 2188 1666 2237 viam,&
1685 2186 1879 2230 terminos
1903 2186 2000 2243 juris
2018 2188 2184 2231 reduci:
2210 2190 2272 2234 vel
2289 2200 2470 2234 ςοηιτα..

1486 2262 1549 2291 eas
1562 2246 1796 2303 aperitionis
1810 2249 1906 2295 oris,
1922 2245 2182 2290 restitutionis
2195 2250 2236 2291 in
2253 2249 2470 2304 integrum,

1486 2317 1552 2349 aut
1580 2304 1686 2350 aliud
1701 2305 1983 2362 quodcumque
2002 2305 2097 2362 juris
2125 2306 2190 2349 vel
2221 2306 2312 2350 faeti
2341 2321 2474 2350 reme-

1486 2368 1598 2409 dium
1633 2363 1872 2421 impetrari;
1899 2364 1964 2408 seu
1981 2364 2030 2407 fic
2047 2366 2280 2421 impetrato,
2291 2381 2336 2410 ac
2350 2367 2474 2409 etiam

1487 2436 1600 2469 motu
1617 2424 1781 2481 proprio
1796 2423 1983 2467 conceffo
2004 2453 2018 2476 ,
2051 2426 2282 2481 quempiam
2314 2425 2353 2468 in
2370 2423 2479 2484 judi-‚-

1488 2485 1552 2527 cio
1570 2513 1585 2536 ,
1601 2483 1665 2527 vel
1691 2493 1803 2526 extra
1826 2481 1927 2525 illud
1951 2483 2230 2540 utinunquam
2256 2482 2388 2539 poffe.

1603 2545 1683 2587 Sed
1704 2541 1861 2585 easdem
1892 2540 2103 2598 praesentes
2131 2542 2284 2598 semper
2316 2541 2476 2596 firmas,

1490 2603 1642 2646 validas
1655 2602 1695 2643 &
1714 2599 1898 2644 efficaces
1913 2601 2079 2644 existere
2092 2603 2131 2643 δι
2146 2601 2231 2644 fore
2245 2629 2260 2651 ,
2277 2604 2317 2644 δι
2341 2602 2391 2641 ab
2419 2602 2477 2644 il-

1488 2660 1605 2711 lis,ad
1622 2675 1717 2717 quos
1743 2661 1905 2717 speaat,
1917 2662 1956 2703 δι
1969 2674 2044 2716 pro
2057 2671 2243 2716 tempore
2257 2661 2467 2715 spectabit,

1491 2719 1782 2763 inviolabiliter
1797 2720 2026 2763 observari:
2056 2720 2187 2774 sicque
2200 2722 2238 2762 &
2254 2732 2332 2761 non
2351 2719 2470 2762 aliter

1495 2779 1534 2822 in
1563 2777 1760 2834 praemiffis
1785 2779 1969 2823 munibus
1995 2779 2034 2819 δι
2051 2777 2240 2833 singulis,
2272 2791 2342 2831 per
2359 2775 2480 2832 quos·

1493 2849 1665 2889 cumque
1687 2834 1852 2893 Judices
1868 2836 2095 2879 ordinarios
2117 2838 2156 2878 δι
2170 2835 2408 2890 delegatos3
2435 2848 2479 2877 c-

1494 2898 1589 2939 tiam
1606 2896 1813 2937 causarum
1843 2895 1986 2938 Palatii
2003 2894 2477 2949 Apostolici‘Auditores,

1492 2957 1532 2997 δι
1546 2955 1690 2997 δεηέὶεε
1708 2956 1890 3010 Romame²
1909 2952 2083 3010 Ecclefie
2098 2951 2475 3005 Cardinale53etiam

1493 3014 1545 3056 de
1562 3012 1688 3055 latere
1705 3016 1896 3067 Legatos,
1909 3014 1946 3056 &
1961 3012 2060 3054 alios
2075 3009 2360 3068 quoscumque,
2375 3025 2473 3067 qua·

1493 3074 1552 3115 vis
1574 3072 1808 3115 auctoritate
1820 3099 1835 3121 ,
1850 3074 1888 3113 δι
1905 3070 2102 3127 potestate
2126 3067 2354 3124 fungentes;
2368 3083 2474 3112 nunc

1492 3132 1532 3172 &
1561 3143 1634 3185 pro
1659 3142 1840 3186 tempore
1867 3129 2109 3180 existentes,
2136 3126 2288 3169 sublata
2319 3129 2404 3177 eis,
2434 3129 2475 3169 δε

1492 3201 1633 3229 eorum
1655 3189 1848 3235 cuilibet,
1879 3187 2015 3243 quavis
2041 3185 2403 3242 aliterjudicandi,
2433 3187 2474 3227 δε

1494 3247 1793 3301 interpretandi
1809 3243 2003 3289 facultate
2016 3245 2056 3286 δι
2074 3243 2311 3287 aneton-itate
2333 3257 2345 3286 :
2371 3243 2477 3300 judi-

1494 3305 1625 3347 cari&
1644 3303 1800 3346 definiri
1813 3304 1989 3347 debere:
2016 3317 2061 3346 ac
2087 3303 2248 3344 irritum
2273 3304 2312 3344 &
2328 3303 2472 3356 inane,

1490 3364 1514 3406 fi
1531 3363 1626 3419 quid
1641 3362 1752 3406 secus
1780 3362 1891 3418 snper
1906 3363 1967 3405 his
1981 3363 2001 3404 a
2025 3375 2320 3418 quoquam,qua
2329 3362 2385 3405 vis
2403 3375 2475 3404 au-

1488 3425 1690 3470 ctoritate,
1704 3420 1898 3470 scienter,
1913 3421 1975 3463 vel
1997 3421 2234 3476 ignoranter
2249 3420 2470 3476 contigerit

1488 3481 1679 3525 attentari
1695 3484 1814 3523 :Non
1832 3479 2074 3522 obstantibus
2087 3479 2467 3529 Constitutionibus,

1487 3541 1528 3581 δε
1545 3539 1873 3583 Ordinationibus
1893 3537 2151 3595 Apostolicis,
2178 3538 2298 3582 etiam
2323 3537 2472 3583 Conci-

1491 3601 1654 3643 liaribus
1668 3627 1681 3650 ,
1695 3612 1739 3639 ac
1755 3597 1851 3640 dicti
1870 3597 2036 3640 Ordinis
2050 3627 2066 3649 ,
2081 3599 2118 3639 &
2133 3598 2302 3654 praesatae
2334 3598 2467 3638 ‘ruro-

1491 3660 1588 3710 niae,
1613 3658 1864 3715 aliarumque
1891 3655 2163 3715 quarumlibet
2188 3655 2272 3710 ejus
2302 3655 2473 3698 Provin-

1487 3719 1638 3762 ciarum
1654 3745 1667 3767 ,
1680 3719 1803 3760 etiam
1823 3717 2051 3773 juramento
2069 3741 2084 3764 ,
2107 3713 2468 3758 confirmatione-³

1485 3781 1518 3821 A
1524 3774 1715 3836 postolica
1726 3807 1743 3837 ,
1761 3775 1825 3837 vel
1851 3777 1928 3825 alia
1943 3775 2080 3836 quavis
2093 3771 2283 3834 firmitate
2297 3771 2468 3837 robora-

2367 3839 2419 3872 tis
