2612 4100
875 183 1549 304 Parisiensts.
2054 223 2150 310 33

178 334 248 371 'alii'
261 334 351 371 casus
365 335 558 382 Capuei‘nos
571 338 665 385 :nque
681 348 717 373 ac
733 335 813 373 alios
826 337 934 374 socios
948 339 1050 373 variis
1066 339 1200 377 miseriis
1216 340 1403 382 exposuere
1413 365 1423 381 ,
1438 342 1471 377 δε
1487 340 1710 385 compassione
1725 340 1927 384 eorjos'ephi
1947 339 1990 377 ita
1999 343 2139 381 affecere
2155 371 2166 388 ‚
2177 354 2214 381 ut

196 382 239 420 ad
249 382 376 429 lytriim
389 395 521 422 centum
536 385 624 421 mille
639 385 791 422 librarum
805 386 890 431 Regi
904 384 1069 420 Marochii
1091 398 1156 430 pro
1178 397 1298 419 eorum
1326 386 1473 424 libertate
1488 390 1768 424 transmittendum
1783 388 1912 434 Regem
1929 390 2093 424 induxerit
2107 416 2118 426 .
2142 395 2213 429 Ca.

193 433 324 475 pucinis
348 446 415 469 non
429 434 570 479 amplius
589 433 713 479 profuit
725 457 736 474 ‚
760 444 838 469 cum
855 444 915 468 eos
930 433 1029 477 pestis
1042 458 1052 471 ‚
1078 445 1152 478 quae
1167 432 1495 482 Marochiostragem
1513 438 1679 483 sexaginta
1705 437 1839 473 millium
1863 436 2068 472 subditorum
2086 438 2211 481 intulit,

190 489 268 517 cum
281 481 352 524 ipso
375 483 470 529 Rege
487 481 745 527 consumpserit.
757 479 895 515 Insultus
907 506 917 521 ‚
937 481 1053 526 quibus
1068 481 1202 515 barbara
1224 491 1304 524 gens
1318 483 1416 519 Gallo
1438 487 1600 522 hincinde
1614 484 1710 521 illusit
1726 510 1736 527 ,
1759 485 1837 521 Rex
1849 484 2074 519 vindicaturus
2089 486 2209 522 bellum

189 527 222 561 ei
238 528 381 571 indixit,
402 532 438 567 &
453 533 491 566 ad
508 532 596 577 pacis
604 530 708 566 fidem
721 529 850 574 coegit.
859 530 1056 564 conditione
1073 527 1241 567 insertam
1255 529 1286 563 in
1303 533 1457 567 omnibus
1472 534 1581 580 Regni
1594 533 1800 571 Marochiani
1816 531 2030 579 partibus‚ubi
2043 532 2211 568 Consules

189 575 278 613 Calli
305 588 520 617 morarentur
545 579 684 615 liberum
705 577 892 622 Religionis
925 576 1121 612 exercitium
1142 578 1413 619 concederetur,
1437 594 1480 616 ex
1506 592 1645 628 utraque
1670 592 1761 628 parte
1775 581 1895 627 captivi
1913 581 1944 616 in
1961 579 2144 616 libertatem
2158 591 2211 615 re-

187 623 403 663 stituerentur
416 652 426 667 ‚
439 626 652 674 &capucini
666 626 788 670 absque
803 626 957 662 molestiis
971 626 1004 660 iu
1018 626 1140 672 Regno
1154 623 1345 661 Miffionem
1358 627 1495 663 fundare
1508 632 1650 673 possent.
1667 631 1851 666 Tractatum
1865 640 1908 664 ex
1922 638 2014 674 parte
2039 626 2210 673 impletum

187 673 246 717 qui
262 673 368 718 legit,
382 675 570 712 Miffionem
583 682 719 711 econtra
733 674 773 708 ad
786 673 943 709 effectum
957 674 1127 710 detineam
1146 684 1215 708 non
1228 675 1291 708 esse
1304 685 1371 709 non
1388 676 1527 711 miretur
1540 701 1553 718 ,
1581 681 1616 714 ἃ
1635 677 1768 715 consilia
1790 679 1919 715 Divinae
1933 676 2156 714 providentie
2175 677 2208 712 in

186 719 302 765 spiritu
318 722 510 760 humilitatis
526 724 642 759 adoret
654 748 665 758 .

283 768 345 807 His
358 772 388 808 in
405 773 536 814 rejectis
553 780 678 808 naturae
694 769 799 818 plagis
815 771 858 807 ita
875 771 954 808 ac‘tis
970 794 982 810 ,
995 770 1185 807 Cardinalis
1202 770 1351 807 Minister
1364 771 1394 807 in
1410 783 1519 818 regno
1531 771 1648 809 Galliae
1663 798 1673 813 ,
1693 775 1734 811 ad
1749 787 1825 811 eum
1841 775 2005 811 eiuaatus
2023 774 2068 810 est
2083 772 2204 820 gloriae

185 819 327 861 gradum
342 844 353 860 ,
370 829 406 856 ut
426 832 492 857 non
507 819 566 855 nisi
581 831 654 855 cum
668 820 793 857 invidia
805 820 978 855 videretur
992 844 1003 860 ‚
1018 822 1054 854 &
1070 819 1191 856 inimici
1205 831 1264 863 per
1281 819 1411 855 libellos
1422 821 1564 855 famosos
1577 823 1611 856 δι
1633 820 1800 858 calumniis
1816 824 1965 870 repletos
1977 849 1987 865 ‚
2001 823 2074 861 eius
2089 822 2207 857 famam

183 867 296 912 passim
310 867 492 904 lacerarent
504 892 517 902 .
531 867 771 914 Tempestatem
783 868 860 904 exin
873 868 930 904 sibi
949 867 1124 904 imminere
1148 868 1330 914 previdens
1348 892 1357 908 ‚
1371 869 1520 904 morbum
1534 868 1631 903 finxit
1645 893 1656 909 ‚
1673 870 1872 916 Regemque
1883 896 1893 912 ‚
1925 881 1961 906 ut
1975 882 2083 908 onere
2099 880 2209 915 nego-

183 914 309 954 tiorum
324 915 466 953 liberum
482 917 522 952 ad
542 917 628 952 aedes
640 919 679 952 de
691 919 840 952 Limours
854 916 1035 952 dimitteret
1051 940 1061 956 ,
1077 917 1230 952 instanter
1247 916 1384 960 rogavit
1397 940 1407 950 .
1427 917 1481 951 Sat
1496 916 1693 962 quietum&
1708 918 1747 952 ab
1774 919 1894 953 insidiis
1921 927 2028 955 tutum
2051 918 2082 954 se
2096 920 2208 954 dum.»

181 974 247 999 nec
259 964 314 999 hic
324 964 450 999 censuit
462 989 473 1006 ,
486 964 626 1000 Romam
637 964 739 1010 usque
754 964 917 1000 declinare
934 965 1039 1000 statuit
1050 988 1059 998 .
1075 964 1287 1010 Reprobavit
1299 965 1367 999 fine
1383 965 1532 1009 praescitu
1556 965 1616 999 suo
1641 974 1731 1010 capta
1757 966 1944 1011 Cardinalis
1968 964 2207 1003 confiliaJose·

180 1012 267 1057 phus
277 1035 288 1051 ,
298 1013 332 1048 &
349 1011 482 1049 invidiae
504 1022 545 1046 ne
559 1012 724 1048 honorem
738 1012 842 1058 Regis
857 1015 892 1049 &
907 1013 1082 1058 proprium
1096 1013 1252 1048 sacrificet
1267 1036 1279 1053 ‚
1294 1025 1356 1048 nec
1367 1013 1549 1050 clamorem
1563 1013 1677 1057 populi
1699 1021 1814 1049 contra
1829 1013 1994 1050 Ministros
2006 1015 2202 1050 consuetum

178 1059 426 1103 apprehendat,
442 1057 629 1096 consuluit.
640 1059 795 1095 Suceeffit
809 1063 916 1097 amico
929 1061 1034 1097 fadus
1046 1063 1156 1096 sermo
1171 1085 1182 1101 ‚
1206 1063 1241 1098 &
1255 1070 1372 1097 mutata
1394 1061 1439 1096 est
1465 1061 1609 1097 recesssss
1636 1061 1677 1096 ab
1699 1061 1773 1098 aula
1802 1061 1963 1098 resolutio
1979 1085 1989 1095 .
2007 1062 2200 1097 Calumnias

179 1107 260 1159 dum
279 1106 398 1144 invidia
410 1108 517 1144 irritas
531 1108 614 1144 vidit
628 1110 664 1145 &
677 1107 792 1149 elus-as,
806 1110 934 1146 infidias
947 1112 1025 1146 vitae
1039 1107 1208 1146 Cardinali
1222 1110 1347 1154 paravit
1358 1134 1368 1144 .
1385 1110 1474 1145 Inter
1483 1121 1608 1146 novem
1632 1109 1795 1146 Proceres
1807 1135 1819 1152 ,
1844 1120 1930 1156 quos
1949 1109 2028 1145 Dux
2045 1110 2203 1145 Aurelia-

178 1163 213 1190 nl
227 1155 263 1191 δι
276 1153 497 1195 Marechallus
508 1157 546 1193 ab
563 1156 704 1194 Ornano
717 1159 755 1193 ad
770 1157 840 1194 suas
851 1159 982 1195 traxere
996 1168 1106 1202 partes
1119 1183 1129 1198 ‚
1142 1158 1295 1194 conclusa
1310 1158 1374 1195 fuit
1387 1170 1476 1194 mors
1488 1156 1676 1193 Cardinalis
1691 1183 1701 1198 ,
1714 1158 1749 1194 δι
1764 1159 1880 1206 Fleury
1893 1157 1948 1193 seu
1964 1157 2106 1195 Floriaci
2117 1181 2128 1198 ,
2146 1156 2202 1192 ubi

176 1209 257 1238 tunc
269 1204 482 1241 cunctabatur
494 1229 504 1246 ,
519 1202 686 1242 subsecuta
706 1206 812 1243 fuisset
824 1232 835 1248 ,
849 1208 880 1242 ni
898 1207 1058 1251 Josephus
1071 1207 1261 1252 tempestive
1275 1209 1406 1244 technas
1428 1206 1678 1254 malignantium
1691 1207 1865 1242 detexisset
1876 1231 1889 1248 ,
1909 1218 2091 1253 earumque
2118 1206 2203 1240 effe-

177 1249 265 1288 &um
282 1253 416 1289 custode
429 1253 532 1290 milite
542 1277 552 1294 ,
565 1253 733 1291 Cardinali
750 1255 1084 1300 misso‚impedivisset
1101 1279 1111 1289 .
1128 1257 1236 1299 Digna
1253 1256 1371 1292 mulcta
1384 1253 1585 1301 compescuit
1601 1255 1857 1300 conspirantium
1870 1255 2030 1302 flagitium
2043 1280 2054 1295 ‚
2078 1255 2112 1290 δε
2124 1254 2204 1287 Du·

175 1310 248 1334 ceni
269 1301 440 1338 Aureliani
452 1303 611 1338 duntaxat
632 1301 765 1339 salvavit
779 1306 852 1344 eius
864 1317 939 1341 cum
953 1305 1051 1348 Rege
1067 1305 1268 1342 Fraternitas
1278 1328 1290 1339 .
1316 1305 1515 1343 Honoribus
1541 1305 1576 1340 ὅτ
1590 1303 1757 1349 obsequiis
1771 1305 1858 1339 hunc
1871 1303 2031 1339 cumulari
2043 1302 2203 1344 Joseplius

176 1346 274 1383 suasit
288 1373 299 1390 ‚
314 1355 349 1383 ut
360 1374 371 1390 ,
384 1362 484 1396 quem
498 1350 617 1387 invidia
631 1352 670 1388 ab
682 1352 754 1389 ‚aliis
771 1353 910 1390 excitata
921 1353 1042 1388 fecisset
1056 1355 1179 1390 hostem
1190 1380 1201 1396 ‚
1216 1353 1355 1390 studiosa
1371 1353 1589 1389 beneficentia
1616 1359 1758 1389 mutaret
1787 1352 1820 1387 in
1844 1352 1998 1387 Amicum
2011 1374 2022 1384 -
2048 1349 2202 1383 Duratret

176 1396 213 1431 ὅτ
226 1407 337 1431 novus
353 1398 502 1435 amicitia:
520 1410 626 1434 nexus
639 1425 649 1442 ,
668 1400 699 1435 ni
717 1400 935 1439 Marechallus
950 1402 989 1436 ab
1003 1402 1146 1438 Ornano
1158 1427 1168 1443 ‚
1184 1404 1240 1450 qui
1258 1404 1369 1445 Regio
1383 1402 1471 1437 Duci
1487 1400 1621 1439 consilia
1635 1400 1816 1435 dictaverat
1827 1424 1836 1440 ‚
1865 1410 1940 1434 eum
1956 1398 2063 1444 rumpi
2079 1422 2090 1437 ‚
2105 1396 2202 1431 vario

174 1444 330 1482 tricarum
340 1469 350 1486 ,
364 1447 400 1483 δι
420 1458 581 1482 vexarum
599 1448 707 1484 studio
722 1462 789 1486 non
801 1450 1017 1486 contendisset
1027 1475 1038 1485 .
1051 1452 1154 1487 Dedit
1167 1453 1272 1489 turbae
1285 1452 1432 1498 quietem
1446 1474 1455 1490 ,
1467 1449 1613 1487 bonitate
1624 1447 1958 1492 abundansJosephus
1973 1471 1983 1487 ‚
2006 1456 2075 1482 tum
2090 1445 2203 1480 Orna-

173 1503 252 1529 uum
266 1495 310 1529 de
327 1494 570 1539 conspiratione
584 1506 699 1532 contra
715 1498 843 1544 Regem
859 1499 1038 1545 suspeEium
1060 1501 1157 1539 huius
1171 1501 1274 1547 gratie
1289 1499 1464 1535 reconcilia
1472 1494 2091 1540 ndo,tumDucemAurelianiConsilio
2105 1492 2201 1529 status

173 1540 583 1594 aggregari‚redditusque
596 1546 628 1586 εἰ
634 1555 670 1580 us
682 1558 811 1583 annuos
825 1548 940 1594 augeri
953 1548 1160 1586 consulendo
1172 1574 1181 1590 ‚
1193 1562 1229 1586 ac
1243 1551 1327 1585 hunc
1338 1549 1613 1585 eundemDucem
1628 1547 1669 1581 ad
1681 1546 1808 1590 nuptias
1822 1557 1898 1581 cum
1910 1541 2202 1590 PrincipiffaMan

174 1588 378 1645 uspenstffiff
389 1603 470 1637 quas
484 1592 567 1639 Regi
584 1593 617 1629 δι
632 1594 772 1639 Reginae
790 1598 983 1644 gratissimas
996 1598 1060 1633 esse
1076 1598 1240 1644 ‚Iosephus
1267 1606 1427 1638 noverat,
1443 1596 1689 1633 concludendas
1699 1593 1887 1630 inducendo
1899 1616 1909 1627 .
2163 1640 2172 1647 .

271 1637 410 1674 Galliam
423 1640 478 1675 diu
498 1641 529 1676 in
547 1641 635 1687 pacis
650 1643 875 1690 otiotorpere
892 1644 1169 1691 noluitJosephus
1184 1673 1196 1689 ‚
1222 1648 1300 1683 dum
1325 1658 1395 1682 uno
1420 1646 1609 1692 eodemque
1634 1644 1700 1680 istu
1715 1667 1725 1683 ‚
1745 1645 1780 1680 &
1801 1641 1994 1678 Calvinl'smi
2015 1640 2199 1680 domandi,

172 1686 209 1722 δι
223 1685 328 1732 Regis
339 1687 570 1725 audioritatem
586 1691 765 1736 ampliandi
779 1703 909 1738 tempus
930 1704 1163 1740 opportunum
1177 1695 1338 1732 credidit:
1355 1694 1474 1731 bellum
1489 1703 1602 1730 contra
1618 1691 1791 1737 Rupellam
1806 1716 1816 1732 ‚
1838 1691 2001 1727 haereseos
2035 1690 2129 1735 aeque
2160 1700 2199 1725 ac

172 1733 366 1789 “b-elllonis
381 1736 685 1783 sedemiconcepite
708 1741 792 1778 facili
808 1742 907 1779 etiam
920 1743 1066 1788 negotio
1079 1744 1210 1790 Regem
1222 1746 1260 1780 ad
1275 1745 1305 1779 id
1321 1744 1474 1789 persuasit
1490 1766 1501 1783 ,
1524 1750 1596 1778 tum
1615 1741 1769 1786 exempla
1783 1739 1989 1784 indignarum
2004 1739 2172 1774 achonum
2184 1760 2196 1776 .

171 1783 288 1826 quibus
303 1783 372 1819 haec
385 1782 524 1822 Galliam
538 1786 595 1822 sub
608 1788 786 1825 Ludovico
798 1790 853 1825 xi.
867 1791 1001 1833 Carolo
1014 1791 1104 1825 vili.
1120 1792 1295 1828 Ludovico
1308 1792 1377 1826 xii.
1394 1791 1562 1827 Francisco
1575 1791 1602 1825 Ι.
1630 1789 1764 1824 Carolo
1781 1788 1836 1823 IX.
1850 1789 1886 1822 &
1897 1786 2047 1822 Henrico
2063 1785 2120 1819 111.
2139 1795 2199 1817 ve-

169 1839 311 1864 xaverat
323 1852 339 1872 ‚
355 1840 424 1866 tum
437 1842 662 1876 contemptum
673 1847 765 1878 ,quo
777 1836 909 1878 impune
921 1838 1024 1881 Regis
1038 1839 1109 1874 iura
1125 1839 1253 1872 violare
1277 1846 1435 1881 pergeret
1445 1860 1456 1875 ‚
1474 1828 1682 1875 exponendo
1693 1855 1703 1866 .
1724 1835 1911 1868 Accessit&
1921 1832 2062 1866 confilio
2073 1830 2195 1865 Cardi-

170 1875 253 1910 nalis
267 1877 419 1912 Berullus
431 1901 441 1918 ,
453 1878 630 1922 praesertim
642 1890 717 1913 cum
731 1880 770 1914 ab
781 1881 933 1926 Hispania
947 1894 1041 1917 novo
1055 1881 1142 1916 Duci
1157 1883 1304 1918 Mantuae
1320 1882 1444 1916 bellum
1465 1883 1571 1926 parari
1583 1881 1678 1916 sciret
1690 1901 1700 1917 ‚
1720 1880 1755 1913 ΒΖ
1772 1879 1850 1913 ideo
1867 1888 1956 1913 arma
1970 1878 2194 1922 Imperatoris,

170 1923 347 1960 obsidione
366 1922 517 1969 Rupellae
531 1924 628 1961 semel
646 1925 776 1972 incepta
792 1952 802 1967 ‚
818 1927 873 1963 vel
888 1928 1066 1964 dividenda
1077 1954 1088 1970 ‚
1102 1930 1153 1965 vel
1167 1930 1206 1964 ad
1222 1939 1330 1975 partes
1344 1928 1443 1965 ltaliae
1459 1929 1618 1965 vertenda
1630 1927 1769 1963 inferret
1783 1949 1794 1960 .
1814 1927 1888 1962 Nee
1899 1925 1990 1961 haesit
2006 1925 2194 1961 Cardinalis

167 1972 448 2015 Armandus,quin
462 1974 495 2007 &
509 1973 570 2005 suo
582 1974 702 2006 assensu
724 1976 899 2008 confilium
911 1976 1058 2009 firmaret
1068 1999 1079 2008 .
1096 1978 1256 2013 Detecto,
1269 1978 1325 2018 qui
1339 1976 1470 2013 latebat,
1482 1979 1574 2016 igne,
1587 1973 1806 2016 Rupellenses
1822 1973 2012 2017 Anglorum
2030 1973 2193 2017 suppetias

164 2017 391 2052 incunctanter
411 2017 600 2059 petierunt3
614 2028 756 2061 cumque
770 2018 803 2050 hi
817 2018 958 2050 Insulam
974 2019 1077 2057 Regis
1101 2020 1221 2052 didam
1247 2020 1407 2052 invadere
1436 2021 1501 2056 iam
1517 2027 1683 2053 tentarent
1696 2041 1707 2056 ,
1722 2020 1853 2051 obsidio
1867 2019 2017 2060 Rupellae
2030 2021 2191 2054 concordi

162 2062 322 2098 consensu
336 2062 398 2107 fuit
412 2060 584 2096 conclusa.
602 2061 692 2096 Huic
705 2084 717 2101 ‚
731 2073 770 2096 an
790 2063 863 2096 Rex
877 2062 942 2106 ipse
956 2064 1098 2097 assistere
1118 2064 1275 2104 deberet,
1290 2064 1387 2098 unice
1405 2065 1510 2100 adhuc
1535 2065 1594 2099 fuit
1608 2063 1837 2108 disceptatum.
1857 2062 2040 2099 Discordes
2059 2065 2191 2101 senten-

161 2111 223 2146 tias
238 2111 341 2146 univit
351 2109 512 2153 Josephus
525 2131 536 2147 ,
549 2109 630 2145 dum
645 2108 775 2153 prolix&
792 2111 921 2145 ratione
940 2110 1142 2155 praesentiam
1152 2112 1256 2159 Regis
1271 2113 1479 2148 necessariam
1493 2112 1635 2148 ostendit
1647 2136 1657 2153 ‚
1682 2111 1739 2157 qui
1755 2113 1790 2146 &
1810 2121 1866 2155 13.
1879 2112 2022 2157 Augusti
2039 2117 2142 2159 1627.
2156 2115 2189 2150 in

161 2157 270 2196 eastris
283 2157 404 2202 appulit
418 2155 599 2201 dost-pho,
614 2167 714 2203 quem
731 2157 918 2195 Cardinalis
934 2169 1132 2199 vocaverat,
1146 2162 1218 2203 post
1233 2171 1356 2206 paucos
1380 2160 1452 2196 dies
1465 2160 1635 2196 subsecuto
1646 2183 1657 2194 .
1676 2159 1711 2195 ln
1726 2158 1799 2205 ipso
1812 2157 2003 2196 Cardinalis
2019 2160 2191 2198 domicilio

156 2207 245 2242 hunc
257 2205 410 2252 hospitari
424 2205 604 2250 oportuit,
629 2205 795 2243 &timere
808 2231 819 2246 ‚
839 2207 919 2242 dum
934 2208 1024 2244 varia
1038 2208 1220 2245 obsidionis
1244 2210 1308 2246 fata
1321 2208 1497 2254 conspexit
1518 2221 1579 2246 nec
1602 2217 1710 2245 tamen
1728 2209 1842 2245 animo
1865 2208 2003 2248 cecidit,
2019 2209 2098 2244 dum
2114 2222 2192 2246 cau-

157 2254 223 2291 sam
239 2255 304 2290 Dei
322 2254 377 2300 agi
393 2251 576 2300 cogitavit.
596 2255 693 2301 Rege
712 2254 856 2291 Parisios
873 2256 1233 2297 redeunte-,cardinalis
1248 2257 1400 2294 Minister
1415 2257 1472 2294 sub
1484 2259 1583 2294 Duce
1596 2257 1775 2294 Inculismae
1787 2281 1800 2298 ‚
1827 2258 1862 2294 δι
1878 2255 2086 2293 Marechallis
2112 2259 2188 2297 dg,

157 2301 413 2348 Bassam-pierre
423 2327 434 2343 ‚
447 2303 482 2338 ὅ(
496 2301 539 2337 de
554 2303 764 2348 Schofmberg
775 2304 985 2341 obsidionem
998 2306 1121 2342 direxit
1131 2329 1143 2341 .
1169 2305 1334 2343 Successus
1350 2306 1449 2350 hujus
1475 2319 1542 2342 non
1564 2317 1678 2351 parum
1700 2306 1894 2342 tardabatur
1907 2330 1918 2346 ‚
1940 2306 2020 2340 dum
2045 2316 2164 2350 portus
2175 2331 2189 2349 ,

161 2361 225 2396 per
236 2363 339 2398 quem
353 2351 460 2387 Cives
473 2349 610 2388 subsidia
626 2352 851 2397 recipiebant,
866 2352 975 2389 claudi
989 2366 1057 2390 non
1075 2363 1207 2399 poterat
1221 2380 1233 2396 ‚
1246 2355 1436 2398 tempestate
1451 2356 1547 2390 maris
1573 2353 1706 2400 argines
1721 2355 1757 2390 δι
1769 2354 1932 2389 machinas
1949 2355 2068 2398 positas
2080 2356 2190 2390 absor-

159 2400 259 2436 bente
271 2423 280 2433 .
302 2400 368 2436 Per
388 2410 501 2444 rupem
514 2401 647 2436 tandem
666 2401 766 2438 maris
781 2410 918 2437 ventum
931 2404 976 2439 est
989 2404 1029 2439 ad
1052 2413 1133 2439 vota
1148 2427 1160 2444 ‚
1174 2403 1227 2443 ita,
1244 2410 1281 2438 ut
1295 2402 1480 2438 cardinalis
1495 2403 1602 2438 Cives
1621 2402 1660 2437 ad
1680 2402 1887 2437 deditionem
1901 2410 2056 2436 moneret
2068 2403 2189 2447 .Spre—

152 2457 277 2484 verunt
292 2449 324 2484 hi
341 2448 495 2484 nuncium
511 2472 523 2488 ‚
535 2449 570 2484 δι
583 2449 723 2492 ingenio
739 2448 804 2486 loci
816 2451 871 2491 ‚&
883 2451 1042 2488 Virorum
1059 2463 1204 2488 numero
1214 2450 1348 2486 confisi:
1377 2451 1453 2486 hinc
1466 2462 1528 2496 per
1539 2449 1658 2485 fistulas
1668 2449 1902 2489 subterraneas,
1915 2449 2036 2496 quibus
2046 2449 2188 2486 immun-

152 2497 242 2534 ditia:
263 2497 527 2534 exonerabantur
540 2522 550 2538 ‚
563 2497 594 2533 in
614 2498 797 2535 Civitatem
814 2501 982 2544 penetrari
995 2500 1170 2544 &Iosepho
1183 2499 1309 2535 suasum
1323 2499 1391 2533 ests
1417 2499 1539 2543 placuit
1565 2497 1652 2543 Regi
1674 2498 1715 2532 ad
1738 2507 1888 2541 campum
1907 2499 2055 2542 regresso
2074 2499 2186 2534 confir

150 2544 231 2581 lium
248 2569 259 2586 ,
275 2545 423 2583 turbavit
437 2553 548 2580 autem
559 2547 739 2591 Josephuni
754 2548 844 2583 obex
856 2572 867 2588 ‚
882 2549 940 2594 qui
958 2548 1044 2585 illius
1058 2547 1292 2583 executionem
1305 2546 1533 2591 impossibilem
1547 2545 1690 2581 reddidit
1703 2565 1715 2577 .
1728 2544 1862 2580 Terruit
1882 2554 1999 2579 omnes
2012 2568 2022 2583 ‚
2037 2547 2115 2581 dum
2123 2547 2185 2583 Jo.

153 2594 289 2639 sephum
302 2593 397 2631 febre
412 2617 423 2634 ,
436 2605 511 2640 quae
526 2594 557 2630 iu
573 2596 769 2631 continuam
780 2597 984 2638 deflexerat,
997 2596 1164 2637 deiefiium
1189 2595 1391 2640 percepere:
1415 2606 1491 2630 cura
1513 2604 1621 2630 tamen
1635 2618 1646 2634 ‚
1666 2603 1741 2639 quae
1759 2592 1790 2628 in
1805 2591 1947 2627 Medicis
1959 2591 2063 2637 Regis
2077 2595 2184 2633 major

149 2642 212 2678 esse
225 2644 293 2678 non
308 2651 464 2688 poterat,
483 2653 611 2688 aegrum
626 2644 668 2679 ita
682 2643 882 2682 refocillavit
893 2668 904 2686 ‚
917 2654 955 2681 ut
968 2657 1041 2681 cum
1056 2644 1157 2678 totius
1172 2644 1341 2680 exereitus
1350 2642 1478 2686 gaudio
1489 2668 1499 2684 ‚
1513 2645 1623 2678 denuo
1644 2641 1677 2676 in
1690 2640 1800 2676 castris
1810 2649 2037 2684 compareret.
2058 2640 2182 2678 Fuit&

142 2691 208 2725 hoc
225 2693 269 2728 eo
284 2694 473 2733 majus‚cum
487 2691 717 2739 foeminae‚quae
735 2694 777 2727 de
794 2694 882 2729 Urbe
896 2694 990 2729 exire
999 2692 1248 2732 debebant,eam
1263 2688 1454 2727 victualium
1467 2691 1613 2737 inopiam
1627 2688 1670 2724 ibi
1685 2689 1749 2723 esse
1766 2687 2006 2727 retulerunt‚ut
2017 2689 2179 2725 corium-2

144 2740 344 2776 manducare
361 2737 452 2775 multi
471 2751 678 2784 cogerentur
694 2754 703 2772 =
721 2741 883 2777 recreavit
894 2741 1070 2776 emaciatos
1085 2748 1190 2774 tamen
1203 2739 1307 2774 Cives
1331 2749 1398 2773 non
1423 2749 1542 2784 parum
1562 2739 1726 2775 adventus
1743 2736 1933 2782 7o.navium
1950 2735 2178 2782 Anglicarum,

143 2798 213 2834 quss
224 2788 360 2823 dentato
377 2788 497 2824 ordine
522 2787 555 2827 in
582 2787 762 2832 conspectu
776 2788 874 2823 Urbis
886 2788 919 2822 se
932 2788 1079 2823 sistebant
1097 2809 1107 2820 .
1125 2786 1174 2823 Εὸ
1200 2794 1310 2822 autem
1323 2785 1425 2821 aleam
1434 2790 1498 2829 jam
1510 2787 1628 2830 iaflam
1638 2785 1768 2820 tandem
1781 2785 1986 2829 conspexere
2002 2808 2012 2824 ‚
2033 2794 2067 2819 ut
2078 2785 2176 2820 resisti

145 2834 284 2878 amplius
297 2847 366 2872 non
383 2836 490 2879 posset
504 2857 514 2873 ,
530 2836 565 2870 &
580 2835 619 2869 ab
633 2834 753 2879 Anglis
770 2834 848 2870 nihil
863 2835 983 2879 sperari
998 2835 1138 2871 deberet
1151 2859 1161 2869 .
1187 2835 1274 2871 Hinc
1296 2845 1356 2878 per
1369 2844 1518 2880 quatuor
1543 2834 1732 2879 Deputatos
1749 2831 1967 2868 'Cardinalem
1985 2833 2149 2883 rogarunt
2161 2856 2174 2873 ‚

145 2890 182 2917 ut
197 2883 327 2929 Regem
341 2907 351 2923 ,
370 2883 465 2923 cuius
482 2881 682 2918 obedientiae
699 2882 729 2916 se
742 2882 968 2919 submitterent
983 2907 993 2923 ‚
1017 2883 1072 2918 fibi
1092 2882 1249 2918 redderet
1276 2882 1457 2927 propitium
1473 2905 1484 2916 .
1509 2883 1595 2916 Mox
1619 2881 1660 2916 ad
1675 2882 1743 2916 haec
1768 2890 1880 2924 portas
1893 2877 2172 2913 CivitatieGallus

147 2930 250 2966 Miles
263 2930 446 2975 occupavit
457 2952 470 2971 ,
482 2928 669 2966 Cardinalis
688 2941 718 2964 1.
734 2931 923 2967 Nove-mbr.
939 2930 970 2966 in
985 2929 1125 2966 Ecciefia
1138 2930 1170 2965 S.
1185 2929 1398 2976 Margarithae
1421 2940 1481 2974 per
1503 2928 1796 2971 Archiepiscopum
1817 2924 2085 2978 Burdigala-ntem
2108 2938 2173 2962 no-

142 2980 232 3015 viter
243 2980 434 3016 consecrata
449 3003 460 3019 ,
486 2977 697 3014 Exercituum
712 2978 864 3015 Domino
878 2980 1080 3016 Sacrificium
1094 2978 1196 3015 laudis
1218 2978 1400 3015 immolavit
1409 2978 1463 3019 ,δι
1476 2984 1610 3022 portato
1628 2984 1690 3018 per
1704 2975 1826 3018 plateas
1848 2972 2050 3027 Sancftissimo
2064 2973 2172 3027 Sacra·

139 3035 256 3064 mento
269 3053 281 3070 ‚
301 3027 423 3067 oratio,
438 3027 567 3074 hymno
580 3027 802 3063 Ambrosiano
814 3026 877 3063 fuit
889 3028 1143 3063 absoluta-'Rex
1155 3038 1285 3063 memor
1299 3037 1418 3062 eorum
1435 3049 1445 3066 ,
1456 3037 1530 3071 quae
1539 3021 1698 3067 josephus
1712 3021 1804 3078 suasit
1815 3023 1851 3058 &
1869 3020 1969 3060 fecit-2
1983 3031 2015 3056 ln
2034 3021 2168 3076 J’rinei-

141 3084 224 3122 pum
239 3075 407 3121 praesentia
425 3075 468 3110 de
480 3085 524 3110 eo
539 3075 608 3111 haec
621 3075 726 3111 dixit=
739 3075 902 3122 ‘Josephus
915 3088 972 3111 ceu
985 3077 1074 3112 alter
1085 3074 1264 3111 Abraham
1277 3083 1389 3110 contra
1397 3073 1488 3120 spem
1503 3076 1535 3109 in
1542 3074 1634 3120 spem
1651 3071 1810 3105 credidit:
1838 3069 2057 3115 compensavit
2079 3075 2167 3106 Deus

135 3123 236 3167 fidem
249 3124 342 3172 ipsius
358 3146 373 3166 5
384 3121 543 3171 debetque
556 3122 688 3164 historia
702 3126 849 3171 gloriam
861 3125 1077 3172 expeditionis
1096 3126 1183 3159 inter
1200 3124 1399 3159 cardinalem
1412 3123 1578 3158 Berullum
1589 3143 1604 3173 χ
1627 3121 1672 3156 (⁹-
1699 3117 1878 3171 Jofiphunf
1901 3117 2077 3171 dividere-¹
2095 3116 2163 3154 Μὶ-

139 3179 223 3208 tram
238 3197 250 3214 ,
262 3171 415 3219 Rupeiiae
430 3172 570 3216 primam
581 3194 592 3212 ‚
603 3181 682 3220 opus
693 3175 805 3208 aeterm'
815 3173 953 3208 nominis
966 3197 977 3213 ‚
995 3171 1155 3218 premium
1167 3168 1499 3216 Josephi‚Cardinalis
1520 3167 1671 3204 Minister
1685 3166 1750 3201 esse
1775 3165 1913 3204 voluit;
1939 3172 1972 3199 at
1985 3187 1997 3205 ,
2015 3176 2077 3220 .un
2100 3166 2163 3202 Al.

140 3221 283 3258 biensem
296 3225 363 3265 iam
377 3219 459 3257 olim
473 3222 635 3262 reiecerat
649 3244 660 3261 ‚
676 3219 869 3266 Rupeiienii
883 3220 994 3257 renuit
1004 3221 1120 3258 abduci
1133 3220 1151 3255 a
1164 3220 1278 3266 spiritu
1292 3218 1495 3259 humilitatis,
1505 3228 1570 3264 qua
1583 3213 1736 3261 regulam
1749 3236 1762 3254 2
1782 3215 1818 3250 ὅτ
1829 3213 2064 3249 S·P·Francisci
2080 3224 2165 3259 pau-

138 3277 298 3315 pertatem
313 3271 412 3316 super
426 3270 539 3306 omnia
552 3269 719 3306 aestimavit
729 3293 739 3303 .
2011 3308 2019 3315 ¹

235 3318 316 3355 Tam
329 3316 478 3365 gloriosa
489 3317 637 3354 Ecclefiae
653 3319 688 3354 &
708 3318 794 3365 Regi
807 3317 981 3364 expeditio
994 3317 1165 3355 facilitavit
1182 3317 1342 3363 suppetias
1357 3339 1369 3356 ‚
1393 3315 1505 3360 quibus
1521 3315 1597 3350 Rex
1612 3311 1778 3350 Carolum
1801 3309 1959 3366 Gonzaga
1973 3310 2164 3364 Nivernen·

137 3363 207 3447 gem
218 3389 230 3406 2
240 3377 338 3414 quem
349 3366 518 3412 Hispania,
527 3366 571 3402 de
586 3366 721 3403 noviter
734 3368 904 3414 occupatis
925 3367 1071 3404 Mantuae
1086 3369 1120 3403 &
1132 3364 1372 3403 Montisferrati
1386 3363 1570 3400 Ducatibus
1581 3386 1594 3405 ,
1603 3370 1778 3399 extorrem
1805 3359 1916 3395 voluit
1930 3381 1942 3399 ,
1959 3355 2158 3395 suffulcire,

164 3423 288 3450 ecrevit
298 3437 308 3448 .

235 3462 376 3500 Ventum
389 3467 454 3509 iam
468 3464 532 3505 fuit
545 3463 585 3499 ad
599 3475 711 3507 arma,
726 3466 762 3501 &
777 3464 951 3501 obsidione
964 3464 1122 3502 Civitatis
1136 3462 1260 3501 Casalis
1275 3474 1318 3497 ex
1329 3470 1419 3507 parte
1435 3459 1599 3505 Hispaniae
1618 3458 1737 3512 fadum
1757 3455 1938 3510 hostilitatis
1949 3450 2154 3509 principium·

135 3508 388 3554 Properavit&
407 3513 524 3549 Gallus
550 3511 642 3548 miles
660 3513 868 3556 (mordente
889 3512 964 3550 licet
977 3512 1056 3559 gelu
1072 3515 1091 3559 )
1116 3513 1149 3549 in
1168 3511 1338 3547 subsidium
1352 3533 1363 3550 ,
1384 3513 1418 3546 &
1430 3508 1552 3546 coactis
1567 3508 1606 3544 ad
1631 3507 1840 3543 deditionem
1861 3515 1957 3540 variis
1979 3506 2082 3539 Ducis
2097 3502 2155 3536 Sa·

134 3558 262 3594 baudiae
278 3556 359 3594 locis
372 3583 383 3600 ‚
397 3562 483 3604 pacis
493 3560 650 3598 trassatus
665 3586 676 3602 ,
688 3573 758 3608 quo
772 3561 907 3606 Hispani
926 3563 945 3598 a
958 3561 1081 3599 Casalis
1095 3560 1269 3598 obsidione
1283 3559 1435 3595 desistere
1447 3582 1458 3599 ,
1473 3560 1507 3593 &
1521 3557 1561 3592 ad
1578 3565 1688 3601 partes
1709 3551 1974 3607 Mediolanenses
1997 3550 2152 3605 secedere

133 3604 205 3642 obli
234 3607 368 3642 abantur
381 3629 393 3647 ‚
405 3606 465 3643 fuit
475 3609 592 3645 initus.
601 3610 781 3654 Josephum
793 3610 870 3645 Rex
880 3611 920 3647 ad
933 3611 1062 3646 Ducem
1077 3609 1221 3646 Mantuae
1236 3632 1246 3648 ,
1260 3615 1295 3643 ut
1307 3619 1383 3642 eum
1395 3608 1437 3642 de
1450 3606 1528 3642 affls
1540 3603 1715 3641 instrueret
1730 3625 1742 3642 ,
1753 3600 1917 3646 ablegavit
1929 3622 1939 3633 .
1957 3600 1993 3652 In
2009 3608 2063 3650 yia
2079 3598 2152 3632 adi·

134 3654 211 3691 viti
228 3653 259 3691 le
272 3654 404 3690 Ducem
417 3655 607 3704 sabaudiae,
624 3658 683 3704 qui
710 3660 747 3694 &
765 3658 912 3704 gratiose
931 3671 1008 3694 eum
1020 3658 1174 3702 excepit,
1198 3658 1233 3691 δι
1247 3656 1415 3690 Comitem
1428 3653 1598 3689 Cumianae
1613 3677 1624 3693 ‚
1641 3649 1862 3702 utJosephum
1878 3648 1918 3681 ad
1938 3646 2151 3700 Civitatem...

134 3701 341 3739 Casalensem
356 3703 591 3745 comitaretur,
604 3706 773 3743 destinavit
785 3729 796 3740 .
811 3706 847 3740 In
864 3708 1005 3754 ingressu
1017 3705 1169 3742 Civitatis
1183 3703 1309 3740 invenit
1332 3705 1366 3738 δι
1381 3703 1511 3737 Ducem
1523 3700 1668 3737 Mantua:
1682 3723 1691 3740 ‚
1706 3700 1763 3744 qui
1782 3696 1918 3749 quidem
1946 3695 1988 3728 de
2004 3693 2148 3729 restituta

130 3749 188 3789 fibi
208 3752 357 3799 Civitate
374 3751 504 3794 Regi&
515 3751 661 3798 Josepho
673 3754 705 3788 se
719 3754 912 3790 devinctum
924 3755 1020 3791 fairus
1033 3753 1095 3795 est,
1119 3754 1301 3789 cessionem
1319 3759 1383 3786 tam
1398 3750 1462 3786 loci
1477 3749 1569 3784 Trini
1585 3747 1672 3784 Duci
1692 3744 1857 3782 Sabaudiae
1873 3741 1988 3778 saetam
2003 3740 2149 3790 querulo

129 3797 282 3845 sermone
294 3799 443 3838 traduxit
459 3823 470 3834 .
480 3799 677 3838 Rationibus
691 3803 962 3850 tandemJosephi
974 3803 1123 3843 accessit,
1136 3802 1171 3838 &
1189 3811 1303 3847 pacem
1315 3798 1441 3845 pariter
1456 3797 1619 3844 signavit.
2052 3789 2100 3825 ΕΣ
