<?xml version="1.0" encoding="UTF-8"?>
<!DOCTYPE html PUBLIC "-//W3C//DTD XHTML 1.0 Transitional//EN"
    "http://www.w3.org/TR/xhtml1/DTD/xhtml1-transitional.dtd">
<html xmlns="http://www.w3.org/1999/xhtml" xml:lang="en" lang="en">
 <head>
  <title>
</title>
<meta http-equiv="Content-Type" content="text/html;charset=utf-8" />
  <meta name='ocr-system' content='tesseract 3.04.00' />
  <meta name='ocr-capabilities' content='ocr_page ocr_carea ocr_par ocr_line ocrx_word'/>
</head>
<body>
  <div class='ocr_page' id='page_1' title='image "./bullariumordinis05cath_0015.png"; bbox 0 0 2756 4074; ppageno 0'>
   <div class='ocr_carea' id='block_1_1' title="bbox 829 140 1876 236">
    <p class='ocr_par' dir='ltr' id='par_1_1' title="bbox 829 140 1876 236">
     <span class='ocr_line' id='line_1_1' title="bbox 829 140 1876 236; baseline -0.007 -2"><span class='ocrx_word' id='word_1_1' title='bbox 829 140 1876 236; x_wconf 78' lang='lat' dir='ltr'><em>ELENCHUS.</em></span> 
     </span>
    </p>
   </div>
   <div class='ocr_carea' id='block_1_2' title="bbox 336 291 1324 364">
    <p class='ocr_par' dir='ltr' id='par_1_2' title="bbox 336 291 1324 364">
     <span class='ocr_line' id='line_1_2' title="bbox 336 291 1324 364; baseline 0 -20"><span class='ocrx_word' id='word_1_2' title='bbox 336 297 495 344; x_wconf 86' lang='lat' dir='ltr'>cietate</span> <span class='ocrx_word' id='word_1_3' title='bbox 505 294 566 361; x_wconf 89' lang='lat' dir='ltr'>Je</span> <span class='ocrx_word' id='word_1_4' title='bbox 573 291 620 342; x_wconf 86' lang='lat' dir='ltr'>su</span> <span class='ocrx_word' id='word_1_5' title='bbox 633 328 648 352; x_wconf 87' lang='lat'><strong>,</strong></span> <span class='ocrx_word' id='word_1_6' title='bbox 664 294 807 364; x_wconf 80' lang='lat' dir='ltr'>Regis</span> <span class='ocrx_word' id='word_1_7' title='bbox 820 292 1185 346; x_wconf 82' lang='lat' dir='ltr'>Christianiffimi</span> <span class='ocrx_word' id='word_1_8' title='bbox 1198 298 1324 347; x_wconf 85' lang='lat' dir='ltr'>Con-</span> 
     </span>
    </p>
   </div>
   <div class='ocr_carea' id='block_1_3' title="bbox 322 362 1322 1138">
    <p class='ocr_par' dir='ltr' id='par_1_3' title="bbox 334 362 1318 416">
     <span class='ocr_line' id='line_1_3' title="bbox 334 362 1318 416; baseline -0.001 0"><span class='ocrx_word' id='word_1_9' title='bbox 334 362 512 416; x_wconf 69' lang='lat' dir='ltr'>fiess&#39;ario</span> <span class='ocrx_word' id='word_1_10' title='bbox 528 400 539 412; x_wconf 93' lang='lat'>.</span> <span class='ocrx_word' id='word_1_11' title='bbox 579 362 695 414; x_wconf 83' lang='lat' dir='ltr'>Idem</span> <span class='ocrx_word' id='word_1_12' title='bbox 708 400 722 414; x_wconf 91' lang='lat'><strong>.</strong></span> <span class='ocrx_word' id='word_1_13' title='bbox 1225 385 1246 414; x_wconf 83' lang='lat'>1</span> <span class='ocrx_word' id='word_1_14' title='bbox 1262 386 1281 416; x_wconf 84' lang='lat'>1</span> <span class='ocrx_word' id='word_1_15' title='bbox 1295 385 1318 415; x_wconf 90' lang='lat'>1</span> 
     </span>
    </p>

    <p class='ocr_par' dir='ltr' id='par_1_4' title="bbox 323 435 1322 862">
     <span class='ocr_line' id='line_1_4' title="bbox 406 435 1322 506; baseline 0 -21"><span class='ocrx_word' id='word_1_16' title='bbox 406 437 508 485; x_wconf 86' lang='lat' dir='ltr'>Nec</span> <span class='ocrx_word' id='word_1_17' title='bbox 544 453 633 485; x_wconf 89' lang='lat' dir='ltr'>non</span> <span class='ocrx_word' id='word_1_18' title='bbox 662 438 841 506; x_wconf 86' lang='lat' dir='ltr'>Magno</span> <span class='ocrx_word' id='word_1_19' title='bbox 884 435 1119 487; x_wconf 83' lang='lat' dir='ltr'>Hetruriae</span> <span class='ocrx_word' id='word_1_20' title='bbox 1158 438 1283 487; x_wconf 89' lang='lat' dir='ltr'>Duci</span> <span class='ocrx_word' id='word_1_21' title='bbox 1307 470 1322 485; x_wconf 87' lang='lat'><strong>.</strong></span> 
     </span>
     <span class='ocr_line' id='line_1_5' title="bbox 327 504 1314 558; baseline -0.002 0"><span class='ocrx_word' id='word_1_22' title='bbox 327 504 448 558; x_wconf 82' lang='lat' dir='ltr'>Idem</span> <span class='ocrx_word' id='word_1_23' title='bbox 462 542 476 556; x_wconf 90' lang='lat'><strong>.</strong></span> <span class='ocrx_word' id='word_1_24' title='bbox 1225 525 1245 556; x_wconf 83' lang='lat'><em>1</em></span> <span class='ocrx_word' id='word_1_25' title='bbox 1261 526 1277 556; x_wconf 86' lang='lat'>1</span> <span class='ocrx_word' id='word_1_26' title='bbox 1295 527 1314 557; x_wconf 83' lang='lat'>1</span> 
     </span>
     <span class='ocr_line' id='line_1_6' title="bbox 323 575 1320 646; baseline -0.002 -17"><span class='ocrx_word' id='word_1_27' title='bbox 323 577 493 630; x_wconf 71' lang='lat' dir='ltr'>Eidem</span> <span class='ocrx_word' id='word_1_28' title='bbox 512 612 527 635; x_wconf 91' lang='lat'><em>‚</em></span> <span class='ocrx_word' id='word_1_29' title='bbox 565 591 674 628; x_wconf 89' lang='lat' dir='ltr'>tunc</span> <span class='ocrx_word' id='word_1_30' title='bbox 698 575 924 646; x_wconf 83' lang='lat' dir='ltr'>Episcopo</span> <span class='ocrx_word' id='word_1_31' title='bbox 955 577 1173 629; x_wconf 86' lang='lat' dir='ltr'>Beritenfi</span> <span class='ocrx_word' id='word_1_32' title='bbox 1187 614 1203 637; x_wconf 89' lang='lat'>‚</span> <span class='ocrx_word' id='word_1_33' title='bbox 1243 581 1320 628; x_wconf 88' lang='lat' dir='ltr'>In-</span> 
     </span>
     <span class='ocr_line' id='line_1_7' title="bbox 327 646 1316 717; baseline 0.002 -19"><span class='ocrx_word' id='word_1_34' title='bbox 327 648 591 717; x_wconf 88' lang='lat' dir='ltr'>dulgentias</span> <span class='ocrx_word' id='word_1_35' title='bbox 603 650 822 717; x_wconf 85' lang='lat' dir='ltr'>plenarias</span> <span class='ocrx_word' id='word_1_36' title='bbox 838 684 854 707; x_wconf 91' lang='lat'><strong>,</strong></span> <span class='ocrx_word' id='word_1_37' title='bbox 890 646 940 700; x_wconf 85' lang='lat'>&amp;</span> <span class='ocrx_word' id='word_1_38' title='bbox 960 649 1316 717; x_wconf 80' lang='lat' dir='ltr'>Apostolicam..</span> 
     </span>
     <span class='ocr_line' id='line_1_8' title="bbox 328 717 1314 788; baseline -0.003 -16"><span class='ocrx_word' id='word_1_39' title='bbox 328 717 699 772; x_wconf 72' lang='lat' dir='ltr'>Benedifflonem</span> <span class='ocrx_word' id='word_1_40' title='bbox 726 736 811 788; x_wconf 89' lang='lat' dir='ltr'>pro</span> <span class='ocrx_word' id='word_1_41' title='bbox 835 720 996 770; x_wconf 86' lang='lat' dir='ltr'>mortis</span> <span class='ocrx_word' id='word_1_42' title='bbox 1014 723 1213 771; x_wconf 88' lang='lat' dir='ltr'>articulo</span> <span class='ocrx_word' id='word_1_43' title='bbox 1230 722 1314 770; x_wconf 90' lang='lat' dir='ltr'>im-</span> 
     </span>
     <span class='ocr_line' id='line_1_9' title="bbox 325 787 1310 862; baseline 0 -21"><span class='ocrx_word' id='word_1_44' title='bbox 325 792 525 862; x_wconf 85' lang='lat' dir='ltr'>pertitur</span> <span class='ocrx_word' id='word_1_45' title='bbox 541 827 554 839; x_wconf 91' lang='lat'><strong><em>.</em></strong></span> <span class='ocrx_word' id='word_1_46' title='bbox 593 787 779 840; x_wconf 81' lang='lat' dir='ltr'><em>Clemens</em></span> <span class='ocrx_word' id='word_1_47' title='bbox 797 787 917 843; x_wconf 85' lang='lat' dir='ltr'><strong>XII.</strong></span> <span class='ocrx_word' id='word_1_48' title='bbox 1219 811 1238 841; x_wconf 86' lang='lat'>1</span> <span class='ocrx_word' id='word_1_49' title='bbox 1255 811 1273 841; x_wconf 88' lang='lat'>1</span> <span class='ocrx_word' id='word_1_50' title='bbox 1285 811 1310 840; x_wconf 79' lang='lat'>2</span> 
     </span>
    </p>

    <p class='ocr_par' dir='ltr' id='par_1_5' title="bbox 322 859 1316 1138">
     <span class='ocr_line' id='line_1_10' title="bbox 397 859 1316 932; baseline 0 -20"><span class='ocrx_word' id='word_1_51' title='bbox 397 866 577 912; x_wconf 79' lang='lat' dir='ltr'>Fratres</span> <span class='ocrx_word' id='word_1_52' title='bbox 590 859 901 912; x_wconf 85' lang='lat' dir='ltr'>Miffionarios</span> <span class='ocrx_word' id='word_1_53' title='bbox 913 862 939 912; x_wconf 69' lang='lat' dir='ltr'>a</span> <span class='ocrx_word' id='word_1_54' title='bbox 953 880 1063 913; x_wconf 85' lang='lat' dir='ltr'>cura</span> <span class='ocrx_word' id='word_1_55' title='bbox 1077 863 1316 932; x_wconf 86' lang='lat' dir='ltr'>Spirituali</span> 
     </span>
     <span class='ocr_line' id='line_1_11' title="bbox 327 931 1314 1001; baseline 0.001 -19"><span class='ocrx_word' id='word_1_56' title='bbox 327 931 611 982; x_wconf 88' lang='lat' dir='ltr'>Monialium</span> <span class='ocrx_word' id='word_1_57' title='bbox 627 933 971 1001; x_wconf 88' lang='lat' dir='ltr'>Capucinarum</span> <span class='ocrx_word' id='word_1_58' title='bbox 1004 936 1226 987; x_wconf 86' lang='lat' dir='ltr'>Civitatis</span> <span class='ocrx_word' id='word_1_59' title='bbox 1249 937 1314 989; x_wconf 87' lang='lat' dir='ltr'>U-</span> 
     </span>
     <span class='ocr_line' id='line_1_12' title="bbox 322 999 1314 1073; baseline 0.002 -20"><span class='ocrx_word' id='word_1_60' title='bbox 322 999 643 1070; x_wconf 84' lang='lat' dir='ltr'>lyffiponenfis</span> <span class='ocrx_word' id='word_1_61' title='bbox 661 1005 823 1054; x_wconf 81' lang='lat' dir='ltr'>eximit</span> <span class='ocrx_word' id='word_1_62' title='bbox 837 1040 853 1063; x_wconf 93' lang='lat'><strong>,</strong></span> <span class='ocrx_word' id='word_1_63' title='bbox 888 1002 1051 1073; x_wconf 82' lang='lat' dir='ltr'>hasque</span> <span class='ocrx_word' id='word_1_64' title='bbox 1060 1008 1154 1072; x_wconf 87' lang='lat' dir='ltr'>juri</span> <span class='ocrx_word' id='word_1_65' title='bbox 1172 1007 1314 1057; x_wconf 88' lang='lat' dir='ltr'>Ordi-</span> 
     </span>
     <span class='ocr_line' id='line_1_13' title="bbox 323 1069 1311 1138; baseline 0.004 -15"><span class='ocrx_word' id='word_1_66' title='bbox 323 1075 439 1123; x_wconf 86' lang='lat' dir='ltr'>narii</span> <span class='ocrx_word' id='word_1_67' title='bbox 459 1069 640 1138; x_wconf 86' lang='lat' dir='ltr'>subjicit</span> <span class='ocrx_word' id='word_1_68' title='bbox 651 1108 666 1124; x_wconf 91' lang='grc'><strong>.</strong></span> <span class='ocrx_word' id='word_1_69' title='bbox 704 1073 819 1126; x_wconf 83' lang='lat' dir='ltr'>Idem</span> <span class='ocrx_word' id='word_1_70' title='bbox 838 1111 852 1125; x_wconf 87' lang='lat'><strong>.</strong></span> <span class='ocrx_word' id='word_1_71' title='bbox 1220 1097 1240 1128; x_wconf 80' lang='grc' dir='ltr'>ι</span> <span class='ocrx_word' id='word_1_72' title='bbox 1256 1097 1274 1130; x_wconf 81' lang='lat'>1</span> <span class='ocrx_word' id='word_1_73' title='bbox 1286 1096 1311 1127; x_wconf 86' lang='lat'>2</span> 
     </span>
    </p>
   </div>
   <div class='ocr_carea' id='block_1_4' title="bbox 336 1216 1294 1277">
    <p class='ocr_par' dir='ltr' id='par_1_6' title="bbox 336 1216 1294 1277">
     <span class='ocr_line' id='line_1_14' title="bbox 336 1216 1294 1277; baseline 0.003 -10"><span class='ocrx_word' id='word_1_74' title='bbox 336 1216 735 1270; x_wconf 86' lang='lat' dir='ltr'>PROVINCIA</span> <span class='ocrx_word' id='word_1_75' title='bbox 768 1219 1266 1277; x_wconf 86' lang='lat' dir='ltr'><strong>LUGDUNENSIS</strong></span> <span class='ocrx_word' id='word_1_76' title='bbox 1281 1256 1294 1270; x_wconf 95' lang='lat'><strong>.</strong></span> 
     </span>
    </p>
   </div>
   <div class='ocr_carea' id='block_1_5' title="bbox 317 1362 1318 1782">
    <p class='ocr_par' dir='ltr' id='par_1_7' title="bbox 317 1362 1318 1782">
     <span class='ocr_line' id='line_1_15' title="bbox 397 1362 1318 1434; baseline 0.004 -26"><span class='ocrx_word' id='word_1_77' title='bbox 397 1362 599 1410; x_wconf 88' lang='lat' dir='ltr'>Decreto</span> <span class='ocrx_word' id='word_1_78' title='bbox 627 1363 775 1411; x_wconf 69' lang='lat' dir='ltr'>Sacrae</span> <span class='ocrx_word' id='word_1_79' title='bbox 807 1363 1196 1434; x_wconf 77' lang='lat' dir='ltr'>congregationis</span> <span class='ocrx_word' id='word_1_80' title='bbox 1229 1362 1318 1413; x_wconf 70' lang='lat' dir='ltr'>de..</span> 
     </span>
     <span class='ocr_line' id='line_1_16' title="bbox 323 1429 1316 1500; baseline 0.004 -19"><span class='ocrx_word' id='word_1_81' title='bbox 323 1429 629 1500; x_wconf 86' lang='lat' dir='ltr'>Propaganda</span> <span class='ocrx_word' id='word_1_82' title='bbox 648 1429 759 1480; x_wconf 83' lang='lat' dir='ltr'>Fide</span> <span class='ocrx_word' id='word_1_83' title='bbox 777 1431 939 1482; x_wconf 65' lang='lat' dir='ltr'>habitat</span> <span class='ocrx_word' id='word_1_84' title='bbox 959 1437 1090 1485; x_wconf 87' lang='lat' dir='ltr'>Fcria</span> <span class='ocrx_word' id='word_1_85' title='bbox 1104 1453 1150 1485; x_wconf 92' lang='lat' dir='ltr'>v.</span> <span class='ocrx_word' id='word_1_86' title='bbox 1178 1434 1251 1485; x_wconf 88' lang='lat' dir='ltr'>die</span> <span class='ocrx_word' id='word_1_87' title='bbox 1274 1454 1316 1485; x_wconf 88' lang='lat'>1.</span> 
     </span>
     <span class='ocr_line' id='line_1_17' title="bbox 321 1502 1317 1571; baseline 0.005 -20"><span class='ocrx_word' id='word_1_88' title='bbox 321 1502 440 1571; x_wconf 87' lang='lat' dir='ltr'>Julii</span> <span class='ocrx_word' id='word_1_89' title='bbox 463 1510 604 1553; x_wconf 83' lang='lat'>1610.</span> <span class='ocrx_word' id='word_1_90' title='bbox 639 1506 850 1552; x_wconf 87' lang='lat' dir='ltr'>Domum</span> <span class='ocrx_word' id='word_1_91' title='bbox 866 1503 1144 1557; x_wconf 83' lang='lat' dir='ltr'>Miffionum</span> <span class='ocrx_word' id='word_1_92' title='bbox 1160 1508 1317 1558; x_wconf 88' lang='lat' dir='ltr'>Tono-</span> 
     </span>
     <span class='ocr_line' id='line_1_18' title="bbox 320 1570 1314 1647; baseline 0.005 -24"><span class='ocrx_word' id='word_1_93' title='bbox 320 1571 680 1624; x_wconf 68' lang='lat' dir='ltr'>niiaProvincia</span> <span class='ocrx_word' id='word_1_94' title='bbox 710 1570 942 1643; x_wconf 88' lang='lat' dir='ltr'>separari,</span> <span class='ocrx_word' id='word_1_95' title='bbox 978 1575 1028 1629; x_wconf 73' lang='grc' dir='ltr'><strong>ἃ</strong></span> <span class='ocrx_word' id='word_1_96' title='bbox 1045 1579 1092 1628; x_wconf 90' lang='lat' dir='ltr'>in</span> <span class='ocrx_word' id='word_1_97' title='bbox 1119 1579 1314 1647; x_wconf 85' lang='lat' dir='ltr'>peculia-</span> 
     </span>
     <span class='ocr_line' id='line_1_19' title="bbox 317 1645 1314 1716; baseline 0.005 -22"><span class='ocrx_word' id='word_1_98' title='bbox 317 1661 416 1694; x_wconf 85' lang='lat' dir='ltr'>rem</span> <span class='ocrx_word' id='word_1_99' title='bbox 429 1645 724 1696; x_wconf 89' lang='lat' dir='ltr'>Provinciam</span> <span class='ocrx_word' id='word_1_100' title='bbox 738 1646 854 1716; x_wconf 87' lang='lat' dir='ltr'>erigi</span> <span class='ocrx_word' id='word_1_101' title='bbox 872 1645 1176 1700; x_wconf 87' lang='lat' dir='ltr'>confirmatur</span> <span class='ocrx_word' id='word_1_102' title='bbox 1188 1686 1201 1700; x_wconf 90' lang='lat'><strong>.</strong></span> <span class='ocrx_word' id='word_1_103' title='bbox 1223 1668 1314 1699; x_wconf 87' lang='lat' dir='ltr'>cum</span> 
     </span>
     <span class='ocr_line' id='line_1_20' title="bbox 317 1730 1312 1782; baseline 0.007 -18"><span class='ocrx_word' id='word_1_104' title='bbox 317 1730 416 1764; x_wconf 83' lang='lat' dir='ltr'>nota</span> <span class='ocrx_word' id='word_1_105' title='bbox 430 1750 446 1765; x_wconf 90' lang='lat'><strong>.</strong></span> <span class='ocrx_word' id='word_1_106' title='bbox 1216 1741 1236 1771; x_wconf 92' lang='lat'>1</span> <span class='ocrx_word' id='word_1_107' title='bbox 1254 1741 1272 1770; x_wconf 90' lang='lat'>1</span> <span class='ocrx_word' id='word_1_108' title='bbox 1284 1740 1312 1782; x_wconf 88' lang='lat'><strong><em>7</em></strong></span> 
     </span>
    </p>
   </div>
   <div class='ocr_carea' id='block_1_6' title="bbox 320 1783 1314 1924">
    <p class='ocr_par' dir='ltr' id='par_1_8' title="bbox 320 1783 1314 1924">
     <span class='ocr_line' id='line_1_21' title="bbox 385 1783 1313 1860; baseline 0.005 -23"><span class='ocrx_word' id='word_1_109' title='bbox 385 1783 590 1855; x_wconf 87' lang='lat' dir='ltr'>Epistola</span> <span class='ocrx_word' id='word_1_110' title='bbox 609 1792 711 1839; x_wconf 87' lang='lat' dir='ltr'>Sac.</span> <span class='ocrx_word' id='word_1_111' title='bbox 725 1791 1119 1860; x_wconf 85' lang='lat' dir='ltr'>Congregationis</span> <span class='ocrx_word' id='word_1_112' title='bbox 1135 1790 1284 1859; x_wconf 84' lang='lat' dir='ltr'>Episc.</span> <span class='ocrx_word' id='word_1_113' title='bbox 1297 1828 1313 1850; x_wconf 86' lang='lat'><em>‚</em></span> 
     </span>
     <span class='ocr_line' id='line_1_22' title="bbox 320 1852 1314 1924; baseline 0 -18"><span class='ocrx_word' id='word_1_114' title='bbox 320 1852 371 1906; x_wconf 72' lang='grc' dir='ltr'><strong>ἆ</strong></span> <span class='ocrx_word' id='word_1_115' title='bbox 385 1858 556 1924; x_wconf 84' lang='lat' dir='ltr'>Regul.</span> <span class='ocrx_word' id='word_1_116' title='bbox 587 1861 664 1907; x_wconf 87' lang='lat' dir='ltr'>Ne</span> <span class='ocrx_word' id='word_1_117' title='bbox 684 1862 794 1908; x_wconf 82' lang='lat' dir='ltr'>RR.</span> <span class='ocrx_word' id='word_1_118' title='bbox 809 1861 898 1907; x_wconf 83' lang='lat' dir='ltr'>PP.</span> <span class='ocrx_word' id='word_1_119' title='bbox 918 1861 1314 1914; x_wconf 69' lang='lat' dir='ltr'>Reformati,alias</span> 
     </span>
    </p>
   </div>
   <div class='ocr_carea' id='block_1_7' title="bbox 317 1925 1316 2059">
    <p class='ocr_par' dir='ltr' id='par_1_9' title="bbox 317 1925 1316 2059">
     <span class='ocr_line' id='line_1_23' title="bbox 319 1925 1313 1990; baseline 0.001 -16"><span class='ocrx_word' id='word_1_120' title='bbox 319 1925 579 1974; x_wconf 66' lang='lat' dir='ltr'>Recollesti</span> <span class='ocrx_word' id='word_1_121' title='bbox 612 1927 894 1990; x_wconf 88' lang='lat' dir='ltr'>nuncupati,</span> <span class='ocrx_word' id='word_1_122' title='bbox 913 1929 958 1975; x_wconf 89' lang='lat' dir='ltr'>in</span> <span class='ocrx_word' id='word_1_123' title='bbox 990 1929 1194 1976; x_wconf 83' lang='lat' dir='ltr'>Civitate</span> <span class='ocrx_word' id='word_1_124' title='bbox 1221 1931 1313 1975; x_wconf 90' lang='lat' dir='ltr'>Va-</span> 
     </span>
     <span class='ocr_line' id='line_1_24' title="bbox 317 1992 1316 2059; baseline -0.003 -17"><span class='ocrx_word' id='word_1_125' title='bbox 317 1993 472 2042; x_wconf 80' lang='lat' dir='ltr'>lentiae</span> <span class='ocrx_word' id='word_1_126' title='bbox 500 1993 544 2039; x_wconf 89' lang='lat' dir='ltr'>in</span> <span class='ocrx_word' id='word_1_127' title='bbox 574 1992 888 2059; x_wconf 87' lang='lat' dir='ltr'>Delphinatu,</span> <span class='ocrx_word' id='word_1_128' title='bbox 925 1996 1137 2041; x_wconf 85' lang='lat' dir='ltr'>Domum</span> <span class='ocrx_word' id='word_1_129' title='bbox 1150 1993 1316 2059; x_wconf 88' lang='lat' dir='ltr'>Regu-</span> 
     </span>
    </p>
   </div>
   <div class='ocr_carea' id='block_1_8' title="bbox 310 2058 1315 2757">
    <p class='ocr_par' dir='ltr' id='par_1_10' title="bbox 319 2058 1315 2185">
     <span class='ocr_line' id='line_1_25' title="bbox 321 2058 1315 2115; baseline -0.006 -1"><span class='ocrx_word' id='word_1_130' title='bbox 321 2065 466 2114; x_wconf 86' lang='lat' dir='ltr'>larem</span> <span class='ocrx_word' id='word_1_131' title='bbox 498 2058 762 2113; x_wconf 87' lang='lat' dir='ltr'>construant</span> <span class='ocrx_word' id='word_1_132' title='bbox 792 2059 885 2113; x_wconf 78' lang='grc' dir='ltr'>διε.</span> <span class='ocrx_word' id='word_1_133' title='bbox 914 2078 1106 2113; x_wconf 88' lang='lat' dir='ltr'>cavetur</span> <span class='ocrx_word' id='word_1_134' title='bbox 1133 2095 1147 2109; x_wconf 88' lang='lat'><strong>.</strong></span> <span class='ocrx_word' id='word_1_135' title='bbox 1189 2079 1315 2115; x_wconf 69' lang='lat' dir='ltr'>cum...</span> 
     </span>
     <span class='ocr_line' id='line_1_26' title="bbox 319 2149 448 2185; baseline 0.016 -2"><span class='ocrx_word' id='word_1_136' title='bbox 319 2149 448 2185; x_wconf 85' lang='lat' dir='ltr'>nota.</span> 
     </span>
    </p>

    <p class='ocr_par' dir='ltr' id='par_1_11' title="bbox 311 2202 1313 2550">
     <span class='ocr_line' id='line_1_27' title="bbox 383 2202 1312 2275; baseline -0.004 -18"><span class='ocrx_word' id='word_1_137' title='bbox 383 2204 677 2257; x_wconf 67' lang='lat' dir='ltr'>Erestionem</span> <span class='ocrx_word' id='word_1_138' title='bbox 691 2206 961 2257; x_wconf 66' lang='lat' dir='ltr'>Conventus</span> <span class='ocrx_word' id='word_1_139' title='bbox 974 2202 1312 2275; x_wconf 77' lang='lat' dir='ltr'>Lugdunensis,</span> 
     </span>
     <span class='ocr_line' id='line_1_28' title="bbox 318 2273 1312 2340; baseline -0.002 -14"><span class='ocrx_word' id='word_1_140' title='bbox 318 2277 458 2328; x_wconf 88' lang='lat' dir='ltr'>etiam</span> <span class='ocrx_word' id='word_1_141' title='bbox 477 2273 689 2327; x_wconf 64' lang='lat' dir='ltr'>distantia</span> <span class='ocrx_word' id='word_1_142' title='bbox 704 2281 836 2340; x_wconf 88' lang='lat' dir='ltr'>juxta</span> <span class='ocrx_word' id='word_1_143' title='bbox 855 2273 1054 2327; x_wconf 82' lang='lat' dir='ltr'>formam</span> <span class='ocrx_word' id='word_1_144' title='bbox 1076 2273 1312 2327; x_wconf 85' lang='lat' dir='ltr'>Constitu-</span> 
     </span>
     <span class='ocr_line' id='line_1_29' title="bbox 315 2345 1313 2399; baseline 0 -1"><span class='ocrx_word' id='word_1_145' title='bbox 315 2349 454 2399; x_wconf 88' lang='lat' dir='ltr'>tionis</span> <span class='ocrx_word' id='word_1_146' title='bbox 481 2345 560 2398; x_wconf 84' lang='lat' dir='ltr'>fel.</span> <span class='ocrx_word' id='word_1_147' title='bbox 580 2365 719 2397; x_wconf 90' lang='lat' dir='ltr'>mem.</span> <span class='ocrx_word' id='word_1_148' title='bbox 735 2349 989 2399; x_wconf 88' lang='lat' dir='ltr'>Clementis</span> <span class='ocrx_word' id='word_1_149' title='bbox 1004 2351 1154 2399; x_wconf 91' lang='lat' dir='ltr'><strong>VIII.</strong></span> <span class='ocrx_word' id='word_1_150' title='bbox 1182 2364 1313 2398; x_wconf 75' lang='lat' dir='ltr'>non..</span> 
     </span>
     <span class='ocr_line' id='line_1_30' title="bbox 311 2414 1311 2478; baseline -0.003 -8"><span class='ocrx_word' id='word_1_151' title='bbox 311 2414 555 2470; x_wconf 62' lang='lat' dir='ltr'>observata</span> <span class='ocrx_word' id='word_1_152' title='bbox 580 2454 597 2478; x_wconf 87' lang='lat'><strong>,</strong></span> <span class='ocrx_word' id='word_1_153' title='bbox 633 2418 837 2470; x_wconf 84' lang='lat' dir='ltr'>validam</span> <span class='ocrx_word' id='word_1_154' title='bbox 874 2419 1076 2471; x_wconf 84' lang='lat' dir='ltr'>declarat</span> <span class='ocrx_word' id='word_1_155' title='bbox 1103 2456 1117 2469; x_wconf 89' lang='lat'><strong>.</strong></span> <span class='ocrx_word' id='word_1_156' title='bbox 1160 2419 1311 2470; x_wconf 86' lang='lat' dir='ltr'>Urba-</span> 
     </span>
     <span class='ocr_line' id='line_1_31' title="bbox 312 2489 1305 2550; baseline -0.003 -9"><span class='ocrx_word' id='word_1_157' title='bbox 312 2510 388 2541; x_wconf 77' lang='lat' dir='ltr'>nus</span> <span class='ocrx_word' id='word_1_158' title='bbox 419 2489 554 2542; x_wconf 84' lang='lat' dir='ltr'><strong>VIII.</strong></span> <span class='ocrx_word' id='word_1_159' title='bbox 573 2527 589 2550; x_wconf 92' lang='lat'><strong>,</strong></span> <span class='ocrx_word' id='word_1_160' title='bbox 627 2510 715 2540; x_wconf 78' lang='lat' dir='ltr'>cum</span> <span class='ocrx_word' id='word_1_161' title='bbox 728 2507 850 2540; x_wconf 85' lang='lat' dir='ltr'>nota.</span> <span class='ocrx_word' id='word_1_162' title='bbox 1219 2509 1305 2543; x_wconf 83' lang='lat'>121</span> 
     </span>
    </p>

    <p class='ocr_par' dir='ltr' id='par_1_12' title="bbox 310 2559 1311 2757">
     <span class='ocr_line' id='line_1_32' title="bbox 384 2559 1311 2633; baseline -0.004 -19"><span class='ocrx_word' id='word_1_163' title='bbox 384 2562 659 2633; x_wconf 86' lang='lat' dir='ltr'>Apostolico</span> <span class='ocrx_word' id='word_1_164' title='bbox 670 2559 789 2626; x_wconf 77' lang='lat' dir='ltr'>jussu</span> <span class='ocrx_word' id='word_1_165' title='bbox 807 2598 821 2620; x_wconf 92' lang='lat'>,</span> <span class='ocrx_word' id='word_1_166' title='bbox 858 2559 1089 2613; x_wconf 83' lang='lat' dir='ltr'>&amp;litteris</span> <span class='ocrx_word' id='word_1_167' title='bbox 1106 2565 1311 2613; x_wconf 87' lang='lat' dir='ltr'>P.Guar·</span> 
     </span>
     <span class='ocr_line' id='line_1_33' title="bbox 312 2630 1310 2702; baseline -0.003 -18"><span class='ocrx_word' id='word_1_168' title='bbox 312 2633 452 2684; x_wconf 84' lang='lat' dir='ltr'>diano</span> <span class='ocrx_word' id='word_1_169' title='bbox 484 2632 750 2685; x_wconf 83' lang='lat' dir='ltr'>Mimatenfi</span> <span class='ocrx_word' id='word_1_170' title='bbox 790 2631 1019 2702; x_wconf 83' lang='lat' dir='ltr'><strong>inscriptis</strong></span> <span class='ocrx_word' id='word_1_171' title='bbox 1052 2669 1066 2691; x_wconf 91' lang='lat'><strong>,</strong></span> <span class='ocrx_word' id='word_1_172' title='bbox 1104 2630 1310 2702; x_wconf 86' lang='lat' dir='ltr'>progres-</span> 
     </span>
     <span class='ocr_line' id='line_1_34' title="bbox 310 2703 1307 2757; baseline -0.004 -1"><span class='ocrx_word' id='word_1_173' title='bbox 310 2703 386 2756; x_wconf 88' lang='lat' dir='ltr'>sus</span> <span class='ocrx_word' id='word_1_174' title='bbox 404 2709 623 2756; x_wconf 79' lang='lat' dir='ltr'>Fratrum</span> <span class='ocrx_word' id='word_1_175' title='bbox 638 2720 799 2757; x_wconf 89' lang='lat' dir='ltr'>contra</span> <span class='ocrx_word' id='word_1_176' title='bbox 811 2705 998 2755; x_wconf 77' lang='lat' dir='ltr'>haeresin</span> <span class='ocrx_word' id='word_1_177' title='bbox 1020 2707 1067 2755; x_wconf 89' lang='lat' dir='ltr'>in</span> <span class='ocrx_word' id='word_1_178' title='bbox 1082 2706 1160 2754; x_wconf 89' lang='lat' dir='ltr'>illa</span> <span class='ocrx_word' id='word_1_179' title='bbox 1178 2705 1307 2754; x_wconf 85' lang='lat' dir='ltr'>Dioe-</span> 
     </span>
    </p>
   </div>
   <div class='ocr_carea' id='block_1_9' title="bbox 310 2774 1310 3838">
    <p class='ocr_par' dir='ltr' id='par_1_13' title="bbox 313 2774 1302 2837">
     <span class='ocr_line' id='line_1_35' title="bbox 313 2774 1302 2837; baseline -0.004 -10"><span class='ocrx_word' id='word_1_180' title='bbox 313 2774 406 2827; x_wconf 79' lang='lat' dir='ltr'>cest</span> <span class='ocrx_word' id='word_1_181' title='bbox 418 2774 529 2829; x_wconf 68' lang='lat' dir='ltr'>fasti</span> <span class='ocrx_word' id='word_1_182' title='bbox 542 2777 930 2829; x_wconf 85' lang='lat' dir='ltr'>commendantur</span> <span class='ocrx_word' id='word_1_183' title='bbox 949 2811 963 2826; x_wconf 89' lang='lat'><strong>.</strong></span> <span class='ocrx_word' id='word_1_184' title='bbox 1211 2794 1231 2824; x_wconf 91' lang='lat'>1</span> <span class='ocrx_word' id='word_1_185' title='bbox 1243 2793 1267 2823; x_wconf 89' lang='lat'><em>2</em></span> <span class='ocrx_word' id='word_1_186' title='bbox 1279 2793 1302 2837; x_wconf 91' lang='lat'><em>3</em></span> 
     </span>
    </p>

    <p class='ocr_par' dir='ltr' id='par_1_14' title="bbox 310 2843 1310 3337">
     <span class='ocr_line' id='line_1_36' title="bbox 385 2843 1310 2915; baseline -0.002 -18"><span class='ocrx_word' id='word_1_187' title='bbox 385 2847 468 2897; x_wconf 84' lang='lat' dir='ltr'>Ad</span> <span class='ocrx_word' id='word_1_188' title='bbox 502 2846 735 2897; x_wconf 85' lang='lat' dir='ltr'>instantias</span> <span class='ocrx_word' id='word_1_189' title='bbox 770 2848 909 2915; x_wconf 82' lang='lat' dir='ltr'>Regis</span> <span class='ocrx_word' id='word_1_190' title='bbox 944 2843 1310 2896; x_wconf 83' lang='lat' dir='ltr'>Christianiffimi</span> 
     </span>
     <span class='ocr_line' id='line_1_37' title="bbox 312 2914 1310 2987; baseline -0.001 -19"><span class='ocrx_word' id='word_1_191' title='bbox 312 2918 608 2970; x_wconf 84' lang='lat' dir='ltr'>Provinciam</span> <span class='ocrx_word' id='word_1_192' title='bbox 638 2916 918 2987; x_wconf 85' lang='lat' dir='ltr'>Burgundiae</span> <span class='ocrx_word' id='word_1_193' title='bbox 949 2951 965 2975; x_wconf 89' lang='lat'><strong>,</strong></span> <span class='ocrx_word' id='word_1_194' title='bbox 1018 2914 1310 2987; x_wconf 83' lang='lat' dir='ltr'>Lugdunenfi</span> 
     </span>
     <span class='ocr_line' id='line_1_38' title="bbox 312 2985 1310 3040; baseline -0.003 0"><span class='ocrx_word' id='word_1_195' title='bbox 312 2990 567 3040; x_wconf 71' lang='lat' dir='ltr'><strong>Provincia</strong></span> <span class='ocrx_word' id='word_1_196' title='bbox 584 2989 734 3038; x_wconf 87' lang='lat' dir='ltr'>uniri.</span> <span class='ocrx_word' id='word_1_197' title='bbox 770 2985 820 3038; x_wconf 75' lang='grc' dir='ltr'>δι</span> <span class='ocrx_word' id='word_1_198' title='bbox 837 2986 892 3037; x_wconf 91' lang='lat' dir='ltr'>ab</span> <span class='ocrx_word' id='word_1_199' title='bbox 907 2987 992 3036; x_wconf 88' lang='lat' dir='ltr'>hac</span> <span class='ocrx_word' id='word_1_200' title='bbox 1021 2987 1082 3036; x_wconf 89' lang='lat' dir='ltr'>ob</span> <span class='ocrx_word' id='word_1_201' title='bbox 1109 2986 1310 3037; x_wconf 86' lang='lat' dir='ltr'>crescen-</span> 
     </span>
     <span class='ocr_line' id='line_1_39' title="bbox 313 3056 1309 3113; baseline -0.002 -3"><span class='ocrx_word' id='word_1_202' title='bbox 313 3074 408 3110; x_wconf 79' lang='lat' dir='ltr'>tem</span> <span class='ocrx_word' id='word_1_203' title='bbox 426 3078 479 3110; x_wconf 80' lang='lat' dir='ltr'>ex</span> <span class='ocrx_word' id='word_1_204' title='bbox 491 3061 575 3110; x_wconf 84' lang='lat' dir='ltr'>hac</span> <span class='ocrx_word' id='word_1_205' title='bbox 593 3061 759 3109; x_wconf 87' lang='lat' dir='ltr'>unione</span> <span class='ocrx_word' id='word_1_206' title='bbox 777 3059 899 3113; x_wconf 89' lang='lat' dir='ltr'>illius</span> <span class='ocrx_word' id='word_1_207' title='bbox 915 3056 1185 3110; x_wconf 87' lang='lat' dir='ltr'>vastitatem·</span> <span class='ocrx_word' id='word_1_208' title='bbox 1201 3076 1309 3109; x_wconf 87' lang='lat' dir='ltr'>non·</span> 
     </span>
     <span class='ocr_line' id='line_1_40' title="bbox 311 3126 1305 3188; baseline -0.001 -6"><span class='ocrx_word' id='word_1_209' title='bbox 311 3133 466 3182; x_wconf 89' lang='lat' dir='ltr'>nullos</span> <span class='ocrx_word' id='word_1_210' title='bbox 486 3135 760 3183; x_wconf 79' lang='lat' dir='ltr'>Conventus</span> <span class='ocrx_word' id='word_1_211' title='bbox 775 3126 1122 3188; x_wconf 83' lang='lat' dir='ltr'>dismembrati,</span> <span class='ocrx_word' id='word_1_212' title='bbox 1150 3129 1198 3184; x_wconf 76' lang='grc' dir='ltr'>δι</span> <span class='ocrx_word' id='word_1_213' title='bbox 1211 3133 1305 3181; x_wconf 91' lang='lat' dir='ltr'>Cu-</span> 
     </span>
     <span class='ocr_line' id='line_1_41' title="bbox 310 3200 1305 3271; baseline 0.001 -18"><span class='ocrx_word' id='word_1_214' title='bbox 310 3200 466 3253; x_wconf 82' lang='lat' dir='ltr'>stodiae</span> <span class='ocrx_word' id='word_1_215' title='bbox 494 3203 763 3268; x_wconf 69' lang='lat' dir='ltr'>Campaniae</span> <span class='ocrx_word' id='word_1_216' title='bbox 793 3201 1010 3271; x_wconf 86' lang='lat' dir='ltr'>conjungi</span> <span class='ocrx_word' id='word_1_217' title='bbox 1050 3202 1264 3255; x_wconf 82' lang='lat' dir='ltr'>concedit</span> <span class='ocrx_word' id='word_1_218' title='bbox 1291 3238 1305 3254; x_wconf 86' lang='grc'><strong>.</strong></span> 
     </span>
     <span class='ocr_line' id='line_1_42' title="bbox 314 3270 1305 3337; baseline -0.002 -14"><span class='ocrx_word' id='word_1_219' title='bbox 314 3270 682 3325; x_wconf 77' lang='lat' dir='ltr'>InnocentiusXI.</span> <span class='ocrx_word' id='word_1_220' title='bbox 694 3307 717 3332; x_wconf 77' lang='grc'><em>,</em></span> <span class='ocrx_word' id='word_1_221' title='bbox 747 3291 835 3322; x_wconf 78' lang='lat' dir='ltr'>cum</span> <span class='ocrx_word' id='word_1_222' title='bbox 853 3286 952 3322; x_wconf 80' lang='lat' dir='ltr'>nota</span> <span class='ocrx_word' id='word_1_223' title='bbox 969 3308 983 3321; x_wconf 84' lang='lat'><strong>.</strong></span> <span class='ocrx_word' id='word_1_224' title='bbox 1208 3293 1229 3327; x_wconf 89' lang='lat'>1</span> <span class='ocrx_word' id='word_1_225' title='bbox 1241 3291 1305 3337; x_wconf 83' lang='lat'>24</span> 
     </span>
    </p>

    <p class='ocr_par' dir='ltr' id='par_1_15' title="bbox 315 3342 1309 3693">
     <span class='ocr_line' id='line_1_43' title="bbox 385 3342 1306 3412; baseline -0.001 -17"><span class='ocrx_word' id='word_1_226' title='bbox 385 3342 656 3396; x_wconf 80' lang='lat' dir='ltr'>Tranfitum</span> <span class='ocrx_word' id='word_1_227' title='bbox 671 3343 899 3395; x_wconf 85' lang='lat' dir='ltr'>Ludovici</span> <span class='ocrx_word' id='word_1_228' title='bbox 920 3343 1127 3412; x_wconf 65' lang='lat' dir='ltr'>Depoldt</span> <span class='ocrx_word' id='word_1_229' title='bbox 1143 3343 1201 3394; x_wconf 90' lang='lat' dir='ltr'>de</span> <span class='ocrx_word' id='word_1_230' title='bbox 1214 3347 1306 3395; x_wconf 90' lang='lat' dir='ltr'>Or·</span> 
     </span>
     <span class='ocr_line' id='line_1_44' title="bbox 315 3414 1304 3484; baseline 0 -19"><span class='ocrx_word' id='word_1_231' title='bbox 315 3414 422 3466; x_wconf 88' lang='lat' dir='ltr'>dine</span> <span class='ocrx_word' id='word_1_232' title='bbox 443 3414 597 3466; x_wconf 83' lang='lat' dir='ltr'>nostro</span> <span class='ocrx_word' id='word_1_233' title='bbox 611 3451 626 3474; x_wconf 89' lang='lat'><strong>,</strong></span> <span class='ocrx_word' id='word_1_234' title='bbox 662 3416 721 3465; x_wconf 85' lang='lat' dir='ltr'>ad</span> <span class='ocrx_word' id='word_1_235' title='bbox 737 3416 999 3466; x_wconf 86' lang='lat' dir='ltr'>Canonicos</span> <span class='ocrx_word' id='word_1_236' title='bbox 1023 3418 1304 3484; x_wconf 86' lang='lat' dir='ltr'>Regulares,</span> 
     </span>
     <span class='ocr_line' id='line_1_45' title="bbox 316 3484 1308 3557; baseline 0 -21"><span class='ocrx_word' id='word_1_237' title='bbox 316 3487 510 3537; x_wconf 76' lang='lat' dir='ltr'>Ordinis</span> <span class='ocrx_word' id='word_1_238' title='bbox 522 3486 676 3539; x_wconf 62' lang='lat' dir='ltr'>saneti</span> <span class='ocrx_word' id='word_1_239' title='bbox 686 3484 884 3553; x_wconf 68' lang='lat' dir='ltr'>Spiritus</span> <span class='ocrx_word' id='word_1_240' title='bbox 900 3521 916 3544; x_wconf 93' lang='lat'><strong>,</strong></span> <span class='ocrx_word' id='word_1_241' title='bbox 953 3486 1213 3557; x_wconf 86' lang='lat' dir='ltr'>legitimum</span> <span class='ocrx_word' id='word_1_242' title='bbox 1227 3523 1242 3546; x_wconf 95' lang='lat'><strong><em>,</em></strong></span> <span class='ocrx_word' id='word_1_243' title='bbox 1258 3487 1308 3543; x_wconf 86' lang='lat'>&amp;</span> 
     </span>
     <span class='ocr_line' id='line_1_46' title="bbox 317 3555 1309 3626; baseline 0.003 -22"><span class='ocrx_word' id='word_1_244' title='bbox 317 3555 370 3604; x_wconf 84' lang='lat' dir='ltr'>in</span> <span class='ocrx_word' id='word_1_245' title='bbox 383 3572 575 3626; x_wconf 64' lang='lat' dir='ltr'>utroque</span> <span class='ocrx_word' id='word_1_246' title='bbox 594 3557 697 3609; x_wconf 86' lang='lat' dir='ltr'>foro</span> <span class='ocrx_word' id='word_1_247' title='bbox 716 3555 925 3608; x_wconf 86' lang='lat' dir='ltr'>sustineri</span> <span class='ocrx_word' id='word_1_248' title='bbox 940 3555 1144 3608; x_wconf 81' lang='lat' dir='ltr'>declarat</span> <span class='ocrx_word' id='word_1_249' title='bbox 1167 3594 1179 3607; x_wconf 93' lang='lat'><strong>.</strong></span> <span class='ocrx_word' id='word_1_250' title='bbox 1218 3558 1309 3608; x_wconf 81' lang='lat' dir='ltr'>Cle-</span> 
     </span>
     <span class='ocr_line' id='line_1_47' title="bbox 318 3627 1308 3693; baseline 0.002 -17"><span class='ocrx_word' id='word_1_251' title='bbox 318 3645 428 3676; x_wconf 86' lang='lat' dir='ltr'>mens</span> <span class='ocrx_word' id='word_1_252' title='bbox 444 3627 538 3682; x_wconf 87' lang='lat' dir='ltr'><strong>XI.</strong></span> <span class='ocrx_word' id='word_1_253' title='bbox 1210 3649 1228 3678; x_wconf 85' lang='lat'>1</span> <span class='ocrx_word' id='word_1_254' title='bbox 1242 3649 1265 3678; x_wconf 91' lang='lat'>2</span> <span class='ocrx_word' id='word_1_255' title='bbox 1276 3648 1308 3693; x_wconf 84' lang='lat'>4</span> 
     </span>
    </p>

    <p class='ocr_par' dir='ltr' id='par_1_16' title="bbox 318 3694 1308 3838">
     <span class='ocr_line' id='line_1_48' title="bbox 388 3694 1308 3768; baseline 0.003 -19"><span class='ocrx_word' id='word_1_256' title='bbox 388 3694 628 3763; x_wconf 63' lang='lat' dir='ltr'>Rescripta</span> <span class='ocrx_word' id='word_1_257' title='bbox 643 3698 912 3768; x_wconf 84' lang='lat' dir='ltr'>Apostolico</span> <span class='ocrx_word' id='word_1_258' title='bbox 923 3697 1176 3759; x_wconf 71' lang='lat' dir='ltr'>‚Eleemos</span> <span class='ocrx_word' id='word_1_259' title='bbox 1168 3718 1195 3767; x_wconf 94' lang='lat' dir='ltr'>y</span> <span class='ocrx_word' id='word_1_260' title='bbox 1202 3720 1308 3751; x_wconf 87' lang='lat' dir='ltr'>nam</span> 
     </span>
     <span class='ocr_line' id='line_1_49' title="bbox 318 3768 1308 3838; baseline 0.002 -19"><span class='ocrx_word' id='word_1_261' title='bbox 318 3787 371 3819; x_wconf 86' lang='lat' dir='ltr'>ex</span> <span class='ocrx_word' id='word_1_262' title='bbox 390 3769 507 3821; x_wconf 88' lang='lat' dir='ltr'>libro</span> <span class='ocrx_word' id='word_1_263' title='bbox 525 3772 616 3830; x_wconf 81' lang='lat' dir='ltr'>iam</span> <span class='ocrx_word' id='word_1_264' title='bbox 638 3771 768 3838; x_wconf 72' lang='lat' dir='ltr'>typis</span> <span class='ocrx_word' id='word_1_265' title='bbox 792 3769 918 3821; x_wconf 81' lang='lat' dir='ltr'>edito</span> <span class='ocrx_word' id='word_1_266' title='bbox 945 3768 1175 3821; x_wconf 53' lang='lat' dir='ltr'>redactam</span> <span class='ocrx_word' id='word_1_267' title='bbox 1197 3809 1213 3833; x_wconf 91' lang='lat'>,</span> <span class='ocrx_word' id='word_1_268' title='bbox 1250 3772 1308 3823; x_wconf 87' lang='lat' dir='ltr'>ad</span> 
     </span>
    </p>
   </div>
   <div class='ocr_carea' id='block_1_10' title="bbox 1215 2130 1336 2183">
    <p class='ocr_par' dir='ltr' id='par_1_17' title="bbox 1215 2130 1336 2183">
     <span class='ocr_line' id='line_1_50' title="bbox 1215 2130 1336 2183; baseline 0 0"><span class='ocrx_word' id='word_1_269' title='bbox 1215 2130 1336 2183; x_wconf 78' lang='lat'><em>118&#39;</em></span> 
     </span>
    </p>
   </div>
   <div class='ocr_carea' id='block_1_11' title="bbox 1381 150 2372 433">
    <p class='ocr_par' dir='ltr' id='par_1_18' title="bbox 1381 150 2372 433">
     <span class='ocr_line' id='line_1_51' title="bbox 2173 150 2308 232; baseline 0 0"><span class='ocrx_word' id='word_1_270' title='bbox 2173 150 2308 232; x_wconf 81' lang='lat' dir='ltr'>xiii</span> 
     </span>
     <span class='ocr_line' id='line_1_52' title="bbox 1384 291 2372 364; baseline -0.004 -20"><span class='ocrx_word' id='word_1_271' title='bbox 1384 295 1495 344; x_wconf 88' lang='lat' dir='ltr'>novi</span> <span class='ocrx_word' id='word_1_272' title='bbox 1513 297 1663 364; x_wconf 88' lang='lat' dir='ltr'>operis</span> <span class='ocrx_word' id='word_1_273' title='bbox 1679 291 1891 364; x_wconf 80' lang='lat' dir='ltr'>expensas</span> <span class='ocrx_word' id='word_1_274' title='bbox 1909 292 2116 340; x_wconf 86' lang='lat' dir='ltr'>converti</span> <span class='ocrx_word' id='word_1_275' title='bbox 2131 328 2147 350; x_wconf 91' lang='lat'><strong>,</strong></span> <span class='ocrx_word' id='word_1_276' title='bbox 2185 298 2259 345; x_wconf 85' lang='lat' dir='ltr'>Fr.</span> <span class='ocrx_word' id='word_1_277' title='bbox 2279 299 2372 346; x_wconf 84' lang='lat' dir='ltr'>An-</span> 
     </span>
     <span class='ocr_line' id='line_1_53' title="bbox 1381 364 2364 433; baseline -0.002 -17"><span class='ocrx_word' id='word_1_278' title='bbox 1381 366 1497 417; x_wconf 81' lang='lat' dir='ltr'>dreae</span> <span class='ocrx_word' id='word_1_279' title='bbox 1514 366 1542 416; x_wconf 73' lang='grc' dir='ltr'>ὲ</span> <span class='ocrx_word' id='word_1_280' title='bbox 1558 369 1772 418; x_wconf 87' lang='lat' dir='ltr'>Grazaco</span> <span class='ocrx_word' id='word_1_281' title='bbox 1786 364 2051 433; x_wconf 84' lang='lat' dir='ltr'>indulgetur</span> <span class='ocrx_word' id='word_1_282' title='bbox 2062 400 2075 415; x_wconf 89' lang='lat'><strong>.</strong></span> <span class='ocrx_word' id='word_1_283' title='bbox 2271 386 2291 416; x_wconf 86' lang='lat'>1</span> <span class='ocrx_word' id='word_1_284' title='bbox 2303 385 2327 414; x_wconf 84' lang='lat'><em>2</em></span> <span class='ocrx_word' id='word_1_285' title='bbox 2339 385 2364 430; x_wconf 92' lang='lat'><em>5</em></span> 
     </span>
    </p>
   </div>
   <div class='ocr_carea' id='block_1_12' title="bbox 1458 506 2286 562">
    <p class='ocr_par' dir='ltr' id='par_1_19' title="bbox 1458 506 2286 562">
     <span class='ocr_line' id='line_1_54' title="bbox 1458 506 2286 562; baseline -0.007 -2"><span class='ocrx_word' id='word_1_286' title='bbox 1458 511 1856 562; x_wconf 84' lang='lat' dir='ltr'><strong>PROVINCIA</strong></span> <span class='ocrx_word' id='word_1_287' title='bbox 1886 506 2257 561; x_wconf 79' lang='lat' dir='ltr'><strong>SABAUDIAE</strong></span> <span class='ocrx_word' id='word_1_288' title='bbox 2271 540 2286 554; x_wconf 87' lang='lat'><strong>.</strong></span> 
     </span>
    </p>
   </div>
   <div class='ocr_carea' id='block_1_13' title="bbox 1365 647 2378 3757">
    <p class='ocr_par' dir='ltr' id='par_1_20' title="bbox 1373 647 2374 1147">
     <span class='ocr_line' id='line_1_55' title="bbox 1449 647 2366 719; baseline -0.008 -18"><span class='ocrx_word' id='word_1_289' title='bbox 1449 654 1541 701; x_wconf 88' lang='lat' dir='ltr'>Pro</span> <span class='ocrx_word' id='word_1_290' title='bbox 1553 654 1743 718; x_wconf 87' lang='lat' dir='ltr'>Capella</span> <span class='ocrx_word' id='word_1_291' title='bbox 1755 655 1902 702; x_wconf 79' lang='lat' dir='ltr'>Beatae</span> <span class='ocrx_word' id='word_1_292' title='bbox 1913 650 2124 719; x_wconf 85' lang='lat' dir='ltr'>Virginis</span> <span class='ocrx_word' id='word_1_293' title='bbox 2135 647 2296 698; x_wconf 88' lang='lat' dir='ltr'>Mariae</span> <span class='ocrx_word' id='word_1_294' title='bbox 2308 647 2366 695; x_wconf 90' lang='lat' dir='ltr'>ad</span> 
     </span>
     <span class='ocr_line' id='line_1_56' title="bbox 1374 722 2372 790; baseline -0.003 -20"><span class='ocrx_word' id='word_1_295' title='bbox 1374 736 1564 789; x_wconf 87' lang='lat' dir='ltr'>pontem</span> <span class='ocrx_word' id='word_1_296' title='bbox 1593 724 1798 790; x_wconf 87' lang='lat' dir='ltr'>Cugnini</span> <span class='ocrx_word' id='word_1_297' title='bbox 1821 722 2087 773; x_wconf 83' lang='lat' dir='ltr'>Conventui</span> <span class='ocrx_word' id='word_1_298' title='bbox 2115 725 2372 770; x_wconf 63' lang='lat' dir='ltr'>Fratrum</span> 
     </span>
     <span class='ocr_line' id='line_1_57' title="bbox 1376 791 2370 860; baseline -0.006 -18"><span class='ocrx_word' id='word_1_299' title='bbox 1376 793 1614 843; x_wconf 87' lang='lat' dir='ltr'>Camberii</span> <span class='ocrx_word' id='word_1_300' title='bbox 1631 791 1825 842; x_wconf 89' lang='lat' dir='ltr'>unienda</span> <span class='ocrx_word' id='word_1_301' title='bbox 1839 826 1854 848; x_wconf 91' lang='lat'><strong>,</strong></span> <span class='ocrx_word' id='word_1_302' title='bbox 1891 794 2080 860; x_wconf 87' lang='lat' dir='ltr'>receptis</span> <span class='ocrx_word' id='word_1_303' title='bbox 2103 796 2370 851; x_wconf 77' lang='lat' dir='ltr'>Documen-</span> 
     </span>
     <span class='ocr_line' id='line_1_58' title="bbox 1377 859 2371 931; baseline -0.002 -19"><span class='ocrx_word' id='word_1_304' title='bbox 1377 864 1434 912; x_wconf 89' lang='lat' dir='ltr'>tis</span> <span class='ocrx_word' id='word_1_305' title='bbox 1480 862 1673 931; x_wconf 88' lang='lat' dir='ltr'>desuper</span> <span class='ocrx_word' id='word_1_306' title='bbox 1709 859 1926 910; x_wconf 69' lang='lat' dir='ltr'>confestis</span> <span class='ocrx_word' id='word_1_307' title='bbox 1959 861 2084 911; x_wconf 74' lang='lat' dir='ltr'>illico</span> <span class='ocrx_word' id='word_1_308' title='bbox 2112 861 2371 928; x_wconf 87' lang='lat' dir='ltr'>Apostolici</span> 
     </span>
     <span class='ocr_line' id='line_1_59' title="bbox 1376 932 2374 999; baseline -0.002 -16"><span class='ocrx_word' id='word_1_309' title='bbox 1376 933 1619 985; x_wconf 72' lang='lat' dir='ltr'>conscnsiis</span> <span class='ocrx_word' id='word_1_310' title='bbox 1638 935 1812 983; x_wconf 84' lang='lat' dir='ltr'>litteras</span> <span class='ocrx_word' id='word_1_311' title='bbox 1831 932 2128 999; x_wconf 87' lang='lat' dir='ltr'>expediendas</span> <span class='ocrx_word' id='word_1_312' title='bbox 2149 932 2374 998; x_wconf 87' lang='lat' dir='ltr'>fore,Epi-</span> 
     </span>
     <span class='ocr_line' id='line_1_60' title="bbox 1374 1002 2374 1075; baseline -0.004 -21"><span class='ocrx_word' id='word_1_313' title='bbox 1374 1002 1512 1075; x_wconf 91' lang='lat' dir='ltr'>scopo</span> <span class='ocrx_word' id='word_1_314' title='bbox 1527 1005 1966 1072; x_wconf 88' lang='lat' dir='ltr'>Gratianopolitano</span> <span class='ocrx_word' id='word_1_315' title='bbox 1978 1006 2207 1054; x_wconf 89' lang='lat' dir='ltr'>renuntiat</span> <span class='ocrx_word' id='word_1_316' title='bbox 2219 1040 2231 1053; x_wconf 89' lang='lat'><strong>.</strong></span> <span class='ocrx_word' id='word_1_317' title='bbox 2269 1003 2374 1054; x_wconf 86' lang='lat' dir='ltr'>Gre-</span> 
     </span>
     <span class='ocr_line' id='line_1_61' title="bbox 1373 1074 2370 1147; baseline -0.002 -22"><span class='ocrx_word' id='word_1_318' title='bbox 1373 1081 1516 1147; x_wconf 78' lang='lat' dir='ltr'>gorius</span> <span class='ocrx_word' id='word_1_319' title='bbox 1533 1074 1686 1130; x_wconf 85' lang='grc' dir='ltr'><strong><em>ΧΙΙῙ.</em></strong></span> <span class='ocrx_word' id='word_1_320' title='bbox 1701 1111 1716 1135; x_wconf 86' lang='grc'><em>,</em></span> <span class='ocrx_word' id='word_1_321' title='bbox 1754 1093 1844 1123; x_wconf 88' lang='lat' dir='ltr'>cum</span> <span class='ocrx_word' id='word_1_322' title='bbox 1856 1089 1954 1124; x_wconf 84' lang='lat' dir='ltr'>nota</span> <span class='ocrx_word' id='word_1_323' title='bbox 1972 1111 1985 1124; x_wconf 86' lang='lat'><strong>.</strong></span> <span class='ocrx_word' id='word_1_324' title='bbox 2276 1093 2296 1123; x_wconf 88' lang='lat'>1</span> <span class='ocrx_word' id='word_1_325' title='bbox 2310 1093 2333 1136; x_wconf 88' lang='lat'>3</span> <span class='ocrx_word' id='word_1_326' title='bbox 2345 1093 2370 1123; x_wconf 89' lang='lat'>2</span> 
     </span>
    </p>

    <p class='ocr_par' dir='ltr' id='par_1_21' title="bbox 1374 1142 2378 1925">
     <span class='ocr_line' id='line_1_62' title="bbox 1449 1142 2367 1217; baseline -0.008 -17"><span class='ocrx_word' id='word_1_327' title='bbox 1449 1151 1512 1200; x_wconf 85' lang='lat' dir='ltr'>A&#39;</span> <span class='ocrx_word' id='word_1_328' title='bbox 1530 1153 1607 1198; x_wconf 84' lang='lat' dir='ltr'>Fr.</span> <span class='ocrx_word' id='word_1_329' title='bbox 1625 1149 1800 1217; x_wconf 87' lang='lat' dir='ltr'>Spiritu</span> <span class='ocrx_word' id='word_1_330' title='bbox 1832 1145 1912 1197; x_wconf 86' lang='lat' dir='ltr'>fibi</span> <span class='ocrx_word' id='word_1_331' title='bbox 1945 1142 2181 1195; x_wconf 83' lang='lat' dir='ltr'>commiffa</span> <span class='ocrx_word' id='word_1_332' title='bbox 2199 1146 2338 1194; x_wconf 89' lang='lat' dir='ltr'>relata</span> <span class='ocrx_word' id='word_1_333' title='bbox 2351 1181 2367 1203; x_wconf 89' lang='lat'><strong>,</strong></span> 
     </span>
     <span class='ocr_line' id='line_1_63' title="bbox 1379 1214 2376 1288; baseline -0.009 -16"><span class='ocrx_word' id='word_1_334' title='bbox 1379 1219 1428 1272; x_wconf 76' lang='grc' dir='ltr'><strong>ἃ</strong></span> <span class='ocrx_word' id='word_1_335' title='bbox 1439 1221 1608 1287; x_wconf 86' lang='lat' dir='ltr'>pariter</span> <span class='ocrx_word' id='word_1_336' title='bbox 1624 1221 1712 1271; x_wconf 89' lang='lat' dir='ltr'>alia</span> <span class='ocrx_word' id='word_1_337' title='bbox 1727 1217 1809 1288; x_wconf 83' lang='lat' dir='ltr'>ipfi</span> <span class='ocrx_word' id='word_1_338' title='bbox 1826 1215 2060 1268; x_wconf 86' lang='lat' dir='ltr'>referenda</span> <span class='ocrx_word' id='word_1_339' title='bbox 2074 1214 2159 1266; x_wconf 83' lang='lat' dir='ltr'>effe</span> <span class='ocrx_word' id='word_1_340' title='bbox 2182 1251 2199 1275; x_wconf 89' lang='lat'><strong>,</strong></span> <span class='ocrx_word' id='word_1_341' title='bbox 2236 1218 2270 1264; x_wconf 86' lang='lat' dir='ltr'>F</span> <span class='ocrx_word' id='word_1_342' title='bbox 2277 1233 2376 1264; x_wconf 87' lang='lat' dir='ltr'>ran·</span> 
     </span>
     <span class='ocr_line' id='line_1_64' title="bbox 1377 1285 2375 1357; baseline -0.005 -17"><span class='ocrx_word' id='word_1_343' title='bbox 1377 1289 1499 1341; x_wconf 89' lang='lat' dir='ltr'>cisco</span> <span class='ocrx_word' id='word_1_344' title='bbox 1524 1290 1581 1342; x_wconf 88' lang='lat' dir='ltr'>de</span> <span class='ocrx_word' id='word_1_345' title='bbox 1598 1292 1723 1344; x_wconf 86' lang='lat' dir='ltr'>Sales</span> <span class='ocrx_word' id='word_1_346' title='bbox 1740 1327 1756 1350; x_wconf 91' lang='lat'>‚</span> <span class='ocrx_word' id='word_1_347' title='bbox 1771 1305 1880 1341; x_wconf 90' lang='lat' dir='ltr'>tunc</span> <span class='ocrx_word' id='word_1_348' title='bbox 1898 1285 2145 1357; x_wconf 82' lang='lat' dir='ltr'>Praepofito</span> <span class='ocrx_word' id='word_1_349' title='bbox 2163 1285 2375 1338; x_wconf 73' lang='lat' dir='ltr'>Ecclesiae</span> 
     </span>
     <span class='ocr_line' id='line_1_65' title="bbox 1379 1359 2375 1424; baseline -0.009 -9"><span class='ocrx_word' id='word_1_350' title='bbox 1379 1363 1649 1415; x_wconf 87' lang='lat' dir='ltr'>Cathedrali</span> <span class='ocrx_word' id='word_1_351' title='bbox 1662 1359 1942 1414; x_wconf 88' lang='lat' dir='ltr'>Genebenfis</span> <span class='ocrx_word' id='word_1_352' title='bbox 1956 1365 2078 1424; x_wconf 87' lang='lat' dir='ltr'>(jam</span> <span class='ocrx_word' id='word_1_353' title='bbox 2097 1359 2375 1410; x_wconf 60' lang='lat' dir='ltr'>Sanctorum</span> 
     </span>
     <span class='ocr_line' id='line_1_66' title="bbox 1377 1428 2377 1504; baseline -0.008 -20"><span class='ocrx_word' id='word_1_354' title='bbox 1377 1433 1484 1484; x_wconf 92' lang='lat' dir='ltr'>albo</span> <span class='ocrx_word' id='word_1_355' title='bbox 1526 1432 1756 1504; x_wconf 88' lang='lat' dir='ltr'>adscripto</span> <span class='ocrx_word' id='word_1_356' title='bbox 1786 1437 1807 1497; x_wconf 97' lang='lat'><em>)</em></span> <span class='ocrx_word' id='word_1_357' title='bbox 1858 1432 2090 1483; x_wconf 87' lang='lat' dir='ltr'>renuntiat</span> <span class='ocrx_word' id='word_1_358' title='bbox 2123 1466 2135 1480; x_wconf 89' lang='lat'>.</span> <span class='ocrx_word' id='word_1_359' title='bbox 2189 1428 2377 1479; x_wconf 84' lang='lat' dir='ltr'>Clemens</span> 
     </span>
     <span class='ocr_line' id='line_1_67' title="bbox 1386 1503 2373 1562; baseline -0.004 -7"><span class='ocrx_word' id='word_1_360' title='bbox 1386 1503 1523 1556; x_wconf 88' lang='lat' dir='ltr'><strong>VIII.</strong></span> <span class='ocrx_word' id='word_1_361' title='bbox 2280 1522 2300 1551; x_wconf 84' lang='lat'>1</span> <span class='ocrx_word' id='word_1_362' title='bbox 2313 1520 2336 1562; x_wconf 98' lang='lat'><em>3</em></span> <span class='ocrx_word' id='word_1_363' title='bbox 2348 1518 2373 1562; x_wconf 89' lang='lat'><em>3</em></span> 
     </span>
     <span class='ocr_line' id='line_1_68' title="bbox 1385 1570 2377 1648; baseline -0.009 -19"><span class='ocrx_word' id='word_1_364' title='bbox 1385 1602 1393 1606; x_wconf 89' lang='lat'>··</span> <span class='ocrx_word' id='word_1_365' title='bbox 1426 1575 1694 1648; x_wconf 88' lang='lat' dir='ltr'>Apostolica</span> <span class='ocrx_word' id='word_1_366' title='bbox 1712 1576 1986 1628; x_wconf 68' lang='lat' dir='ltr'>austeritate</span> <span class='ocrx_word' id='word_1_367' title='bbox 2004 1573 2243 1624; x_wconf 82' lang='lat' dir='ltr'>Fratribus</span> <span class='ocrx_word' id='word_1_368' title='bbox 2260 1570 2377 1623; x_wconf 91' lang='lat' dir='ltr'>Mis-</span> 
     </span>
     <span class='ocr_line' id='line_1_69' title="bbox 1375 1644 2373 1718; baseline -0.01 -18"><span class='ocrx_word' id='word_1_369' title='bbox 1375 1646 1583 1700; x_wconf 85' lang='lat' dir='ltr'>fionariis</span> <span class='ocrx_word' id='word_1_370' title='bbox 1597 1649 1655 1699; x_wconf 90' lang='lat' dir='ltr'>ad</span> <span class='ocrx_word' id='word_1_371' title='bbox 1671 1663 1819 1718; x_wconf 89' lang='lat' dir='ltr'>partes</span> <span class='ocrx_word' id='word_1_372' title='bbox 1836 1649 2039 1700; x_wconf 89' lang='lat' dir='ltr'>Tononii</span> <span class='ocrx_word' id='word_1_373' title='bbox 2051 1683 2066 1705; x_wconf 92' lang='lat'>,</span> <span class='ocrx_word' id='word_1_374' title='bbox 2084 1644 2131 1698; x_wconf 73' lang='lat'>8&lt;</span> <span class='ocrx_word' id='word_1_375' title='bbox 2154 1644 2373 1696; x_wconf 83' lang='lat' dir='ltr'>Civitatis</span> 
     </span>
     <span class='ocr_line' id='line_1_70' title="bbox 1376 1716 2378 1789; baseline -0.01 -16"><span class='ocrx_word' id='word_1_376' title='bbox 1376 1719 1657 1773; x_wconf 84' lang='lat' dir='ltr'>Genebenfis</span> <span class='ocrx_word' id='word_1_377' title='bbox 1676 1720 1895 1789; x_wconf 86' lang='lat' dir='ltr'>ablegatis</span> <span class='ocrx_word' id='word_1_378' title='bbox 1914 1717 2169 1787; x_wconf 81' lang='lat' dir='ltr'>praehabitae</span> <span class='ocrx_word' id='word_1_379' title='bbox 2192 1717 2239 1765; x_wconf 90' lang='lat' dir='ltr'>in</span> <span class='ocrx_word' id='word_1_380' title='bbox 2269 1716 2378 1765; x_wconf 89' lang='lat' dir='ltr'>Val-</span> 
     </span>
     <span class='ocr_line' id='line_1_71' title="bbox 1375 1785 2377 1845; baseline -0.01 -2"><span class='ocrx_word' id='word_1_381' title='bbox 1375 1794 1431 1843; x_wconf 86' lang='lat' dir='ltr'>lis</span> <span class='ocrx_word' id='word_1_382' title='bbox 1477 1794 1828 1845; x_wconf 86' lang='lat' dir='ltr'>Pedemontanae</span> <span class='ocrx_word' id='word_1_383' title='bbox 1874 1789 2091 1842; x_wconf 85' lang='lat' dir='ltr'>Miffione</span> <span class='ocrx_word' id='word_1_384' title='bbox 2137 1785 2377 1837; x_wconf 81' lang='lat' dir='ltr'>facultates</span> 
     </span>
     <span class='ocr_line' id='line_1_72' title="bbox 1374 1860 2373 1925; baseline -0.003 -19"><span class='ocrx_word' id='word_1_385' title='bbox 1374 1860 1632 1925; x_wconf 80' lang='lat' dir='ltr'>spirituales</span> <span class='ocrx_word' id='word_1_386' title='bbox 1649 1862 1992 1913; x_wconf 83' lang='lat' dir='ltr'>conceduntur,</span> <span class='ocrx_word' id='word_1_387' title='bbox 2007 1877 2097 1904; x_wconf 80' lang='lat' dir='ltr'>cum</span> <span class='ocrx_word' id='word_1_388' title='bbox 2111 1873 2211 1903; x_wconf 84' lang='lat' dir='ltr'>nota</span> <span class='ocrx_word' id='word_1_389' title='bbox 2229 1891 2241 1904; x_wconf 88' lang='lat'><strong><em>.</em></strong></span> <span class='ocrx_word' id='word_1_390' title='bbox 2282 1873 2301 1903; x_wconf 88' lang='lat'>1</span> <span class='ocrx_word' id='word_1_391' title='bbox 2313 1873 2336 1916; x_wconf 87' lang='lat'><em>3</em></span> <span class='ocrx_word' id='word_1_392' title='bbox 2349 1874 2373 1917; x_wconf 88' lang='lat'><em>3</em></span> 
     </span>
    </p>

    <p class='ocr_par' dir='ltr' id='par_1_22' title="bbox 1375 1925 2378 2130">
     <span class='ocr_line' id='line_1_73' title="bbox 1446 1925 2378 1990; baseline -0.001 -16"><span class='ocrx_word' id='word_1_393' title='bbox 1446 1925 1648 1990; x_wconf 83' lang='lat' dir='ltr'>Epistola</span> <span class='ocrx_word' id='word_1_394' title='bbox 1667 1925 1961 1990; x_wconf 87' lang='lat' dir='ltr'>Apostolica,</span> <span class='ocrx_word' id='word_1_395' title='bbox 2001 1928 2045 1974; x_wconf 90' lang='lat' dir='ltr'>in</span> <span class='ocrx_word' id='word_1_396' title='bbox 2081 1927 2290 1975; x_wconf 85' lang='lat' dir='ltr'>Civitate</span> <span class='ocrx_word' id='word_1_397' title='bbox 2303 1929 2378 1975; x_wconf 87' lang='lat' dir='ltr'>Se·</span> 
     </span>
     <span class='ocr_line' id='line_1_74' title="bbox 1375 1990 2377 2058; baseline 0.003 -19"><span class='ocrx_word' id='word_1_398' title='bbox 1375 1990 1562 2039; x_wconf 74' lang='lat' dir='ltr'>dunensi</span> <span class='ocrx_word' id='word_1_399' title='bbox 1592 1995 1799 2039; x_wconf 87' lang='lat' dir='ltr'>Domum</span> <span class='ocrx_word' id='word_1_400' title='bbox 1830 1994 2118 2058; x_wconf 88' lang='lat' dir='ltr'>Regularem</span> <span class='ocrx_word' id='word_1_401' title='bbox 2142 1994 2377 2042; x_wconf 88' lang='lat' dir='ltr'>Fratribus</span> 
     </span>
     <span class='ocr_line' id='line_1_75' title="bbox 1376 2057 2376 2130; baseline 0.002 -20"><span class='ocrx_word' id='word_1_402' title='bbox 1376 2062 1493 2130; x_wconf 90' lang='lat' dir='ltr'>erigi</span> <span class='ocrx_word' id='word_1_403' title='bbox 1510 2095 1526 2119; x_wconf 92' lang='lat'>‚</span> <span class='ocrx_word' id='word_1_404' title='bbox 1562 2057 1813 2128; x_wconf 89' lang='lat' dir='ltr'>Episcopus</span> <span class='ocrx_word' id='word_1_405' title='bbox 1826 2076 1989 2109; x_wconf 90' lang='lat' dir='ltr'>curare</span> <span class='ocrx_word' id='word_1_406' title='bbox 2004 2075 2242 2111; x_wconf 86' lang='lat' dir='ltr'>monetur.</span> <span class='ocrx_word' id='word_1_407' title='bbox 2279 2082 2298 2112; x_wconf 89' lang='lat'>1</span> <span class='ocrx_word' id='word_1_408' title='bbox 2311 2073 2376 2124; x_wconf 86' lang='lat'>36</span> 
     </span>
    </p>

    <p class='ocr_par' dir='ltr' id='par_1_23' title="bbox 1371 2127 2375 2551">
     <span class='ocr_line' id='line_1_76' title="bbox 1449 2127 2375 2189; baseline 0.005 -9"><span class='ocrx_word' id='word_1_409' title='bbox 1449 2135 1524 2180; x_wconf 87' lang='lat' dir='ltr'>Fr·</span> <span class='ocrx_word' id='word_1_410' title='bbox 1538 2131 1733 2182; x_wconf 88' lang='lat' dir='ltr'>Paulum</span> <span class='ocrx_word' id='word_1_411' title='bbox 1762 2132 1789 2179; x_wconf 74' lang='lat' dir='ltr'>a</span> <span class='ocrx_word' id='word_1_412' title='bbox 1806 2127 1991 2182; x_wconf 83' lang='lat' dir='ltr'>Caesena</span> <span class='ocrx_word' id='word_1_413' title='bbox 2008 2166 2026 2189; x_wconf 89' lang='lat'><strong>,</strong></span> <span class='ocrx_word' id='word_1_414' title='bbox 2066 2133 2375 2185; x_wconf 83' lang='lat' dir='ltr'>Tononium..</span> 
     </span>
     <span class='ocr_line' id='line_1_77' title="bbox 1372 2201 2373 2270; baseline 0.002 -17"><span class='ocrx_word' id='word_1_415' title='bbox 1372 2202 1430 2253; x_wconf 92' lang='lat' dir='ltr'>ad</span> <span class='ocrx_word' id='word_1_416' title='bbox 1452 2206 1499 2254; x_wconf 91' lang='lat' dir='ltr'>S.</span> <span class='ocrx_word' id='word_1_417' title='bbox 1513 2203 1676 2252; x_wconf 85' lang='lat' dir='ltr'>Mariae</span> <span class='ocrx_word' id='word_1_418' title='bbox 1711 2201 1768 2252; x_wconf 90' lang='lat' dir='ltr'>de</span> <span class='ocrx_word' id='word_1_419' title='bbox 1784 2201 2109 2270; x_wconf 84' lang='lat' dir='ltr'>Compaffione</span> <span class='ocrx_word' id='word_1_420' title='bbox 2127 2207 2339 2257; x_wconf 86' lang='lat' dir='ltr'>Domum</span> <span class='ocrx_word' id='word_1_421' title='bbox 2356 2242 2373 2265; x_wconf 90' lang='lat'><strong>,</strong></span> 
     </span>
     <span class='ocr_line' id='line_1_78' title="bbox 1373 2271 2375 2342; baseline 0 -17"><span class='ocrx_word' id='word_1_422' title='bbox 1373 2272 1567 2342; x_wconf 85' lang='lat' dir='ltr'>aliasque</span> <span class='ocrx_word' id='word_1_423' title='bbox 1586 2275 1631 2323; x_wconf 93' lang='lat' dir='ltr'>in</span> <span class='ocrx_word' id='word_1_424' title='bbox 1652 2271 1860 2324; x_wconf 84' lang='lat' dir='ltr'>Vallefiae</span> <span class='ocrx_word' id='word_1_425' title='bbox 1879 2309 1894 2333; x_wconf 89' lang='lat'><strong>,</strong></span> <span class='ocrx_word' id='word_1_426' title='bbox 1912 2272 2152 2333; x_wconf 82' lang='lat' dir='ltr'>Lausanae,</span> <span class='ocrx_word' id='word_1_427' title='bbox 2190 2275 2375 2325; x_wconf 88' lang='lat' dir='ltr'>Fribur-</span> 
     </span>
     <span class='ocr_line' id='line_1_79' title="bbox 1371 2343 2375 2417; baseline 0 -21"><span class='ocrx_word' id='word_1_428' title='bbox 1371 2348 1422 2417; x_wconf 89' lang='lat' dir='ltr'>gi</span> <span class='ocrx_word' id='word_1_429' title='bbox 1448 2344 1539 2397; x_wconf 71' lang='grc' dir='ltr'>διο.</span> <span class='ocrx_word' id='word_1_430' title='bbox 1572 2346 1826 2396; x_wconf 87' lang='lat' dir='ltr'>Provinciis</span> <span class='ocrx_word' id='word_1_431' title='bbox 1871 2343 2098 2394; x_wconf 88' lang='lat' dir='ltr'>institutas</span> <span class='ocrx_word' id='word_1_432' title='bbox 2137 2346 2375 2398; x_wconf 83' lang='lat' dir='ltr'>Miffiones</span> 
     </span>
     <span class='ocr_line' id='line_1_80' title="bbox 1373 2414 2374 2487; baseline 0.001 -19"><span class='ocrx_word' id='word_1_433' title='bbox 1373 2414 1620 2469; x_wconf 79' lang='lat' dir='ltr'>vifitandas</span> <span class='ocrx_word' id='word_1_434' title='bbox 1655 2415 1836 2487; x_wconf 87' lang='lat' dir='ltr'>ablegat</span> <span class='ocrx_word' id='word_1_435' title='bbox 1865 2452 1878 2467; x_wconf 89' lang='lat'><strong>.</strong></span> <span class='ocrx_word' id='word_1_436' title='bbox 1917 2416 2073 2466; x_wconf 81' lang='lat' dir='ltr'>Paulus</span> <span class='ocrx_word' id='word_1_437' title='bbox 2111 2419 2162 2468; x_wconf 90' lang='lat' dir='ltr'>V.</span> <span class='ocrx_word' id='word_1_438' title='bbox 2186 2454 2202 2477; x_wconf 91' lang='lat'>,</span> <span class='ocrx_word' id='word_1_439' title='bbox 2251 2437 2374 2469; x_wconf 76' lang='lat' dir='ltr'>cunt..</span> 
     </span>
     <span class='ocr_line' id='line_1_81' title="bbox 1372 2500 2373 2551; baseline -0.002 -11"><span class='ocrx_word' id='word_1_440' title='bbox 1372 2504 1470 2540; x_wconf 83' lang='lat' dir='ltr'>nota</span> <span class='ocrx_word' id='word_1_441' title='bbox 1483 2525 1496 2538; x_wconf 88' lang='lat'><strong>.</strong></span> <span class='ocrx_word' id='word_1_442' title='bbox 2276 2507 2294 2540; x_wconf 84' lang='lat'>1</span> <span class='ocrx_word' id='word_1_443' title='bbox 2307 2500 2373 2551; x_wconf 83' lang='lat'>36</span> 
     </span>
    </p>

    <p class='ocr_par' dir='ltr' id='par_1_24' title="bbox 1370 2558 2372 2834">
     <span class='ocr_line' id='line_1_82' title="bbox 1444 2558 2372 2627; baseline -0.002 -16"><span class='ocrx_word' id='word_1_444' title='bbox 1444 2560 1736 2611; x_wconf 65' lang='lat' dir='ltr'>Auctoritate</span> <span class='ocrx_word' id='word_1_445' title='bbox 1757 2558 2023 2627; x_wconf 86' lang='lat' dir='ltr'>Apostolica</span> <span class='ocrx_word' id='word_1_446' title='bbox 2038 2595 2053 2619; x_wconf 93' lang='lat'>,</span> <span class='ocrx_word' id='word_1_447' title='bbox 2083 2563 2265 2608; x_wconf 89' lang='lat' dir='ltr'>Fratres</span> <span class='ocrx_word' id='word_1_448' title='bbox 2284 2561 2372 2609; x_wconf 81' lang='lat' dir='ltr'>in...</span> 
     </span>
     <span class='ocr_line' id='line_1_83' title="bbox 1370 2630 2359 2701; baseline -0.004 -18"><span class='ocrx_word' id='word_1_449' title='bbox 1370 2635 1529 2683; x_wconf 91' lang='lat' dir='ltr'>Domo</span> <span class='ocrx_word' id='word_1_450' title='bbox 1551 2631 1755 2683; x_wconf 86' lang='lat' dir='ltr'>Tononii</span> <span class='ocrx_word' id='word_1_451' title='bbox 1773 2668 1789 2690; x_wconf 88' lang='lat'><strong>,</strong></span> <span class='ocrx_word' id='word_1_452' title='bbox 1803 2630 2005 2701; x_wconf 89' lang='lat' dir='ltr'>locisque</span> <span class='ocrx_word' id='word_1_453' title='bbox 2019 2632 2359 2680; x_wconf 85' lang='lat' dir='ltr'>circumvicinis</span> 
     </span>
     <span class='ocr_line' id='line_1_84' title="bbox 1371 2698 2369 2769; baseline -0.004 -15"><span class='ocrx_word' id='word_1_454' title='bbox 1371 2705 1735 2754; x_wconf 88' lang='lat' dir='ltr'>Concionatores</span> <span class='ocrx_word' id='word_1_455' title='bbox 1752 2702 2110 2763; x_wconf 86' lang='lat' dir='ltr'>constituuntur,</span> <span class='ocrx_word' id='word_1_456' title='bbox 2131 2698 2271 2769; x_wconf 89' lang='lat' dir='ltr'>iisque</span> <span class='ocrx_word' id='word_1_457' title='bbox 2292 2721 2369 2751; x_wconf 89' lang='lat' dir='ltr'>va-</span> 
     </span>
     <span class='ocr_line' id='line_1_85' title="bbox 1371 2771 2366 2834; baseline -0.004 -8"><span class='ocrx_word' id='word_1_458' title='bbox 1371 2774 1446 2826; x_wconf 81' lang='lat' dir='ltr'>riae</span> <span class='ocrx_word' id='word_1_459' title='bbox 1471 2771 1710 2828; x_wconf 85' lang='lat' dir='ltr'>facultates</span> <span class='ocrx_word' id='word_1_460' title='bbox 1725 2773 2042 2825; x_wconf 86' lang='lat' dir='ltr'>conceduntur</span> <span class='ocrx_word' id='word_1_461' title='bbox 2054 2809 2068 2823; x_wconf 91' lang='grc'><strong>.</strong></span> <span class='ocrx_word' id='word_1_462' title='bbox 2272 2794 2291 2822; x_wconf 86' lang='lat'>1</span> <span class='ocrx_word' id='word_1_463' title='bbox 2302 2790 2324 2834; x_wconf 88' lang='lat'><em>3</em></span> <span class='ocrx_word' id='word_1_464' title='bbox 2338 2792 2366 2832; x_wconf 90' lang='lat'><em>7</em></span> 
     </span>
    </p>

    <p class='ocr_par' dir='ltr' id='par_1_25' title="bbox 1365 2843 2367 3400">
     <span class='ocr_line' id='line_1_86' title="bbox 1439 2843 2367 2915; baseline -0.002 -20"><span class='ocrx_word' id='word_1_465' title='bbox 1439 2848 1640 2898; x_wconf 90' lang='lat' dir='ltr'>Decreto</span> <span class='ocrx_word' id='word_1_466' title='bbox 1673 2849 1820 2897; x_wconf 71' lang='lat' dir='ltr'>Sacrae</span> <span class='ocrx_word' id='word_1_467' title='bbox 1852 2843 2237 2915; x_wconf 84' lang='lat' dir='ltr'>Congregationis</span> <span class='ocrx_word' id='word_1_468' title='bbox 2278 2843 2367 2893; x_wconf 58' lang='lat' dir='ltr'>da.</span> 
     </span>
     <span class='ocr_line' id='line_1_87' title="bbox 1372 2914 2365 2983; baseline -0.003 -17"><span class='ocrx_word' id='word_1_469' title='bbox 1372 2916 1669 2983; x_wconf 87' lang='lat' dir='ltr'>Propaganda</span> <span class='ocrx_word' id='word_1_470' title='bbox 1703 2916 1814 2965; x_wconf 88' lang='lat' dir='ltr'>Fide</span> <span class='ocrx_word' id='word_1_471' title='bbox 1849 2919 1979 2965; x_wconf 86' lang='lat' dir='ltr'>Feria</span> <span class='ocrx_word' id='word_1_472' title='bbox 2007 2934 2053 2964; x_wconf 89' lang='lat' dir='ltr'>v.</span> <span class='ocrx_word' id='word_1_473' title='bbox 2082 2914 2154 2962; x_wconf 90' lang='lat' dir='ltr'>dic</span> <span class='ocrx_word' id='word_1_474' title='bbox 2190 2932 2231 2961; x_wconf 86' lang='lat'>1.</span> <span class='ocrx_word' id='word_1_475' title='bbox 2245 2915 2365 2981; x_wconf 87' lang='lat' dir='ltr'>Julii</span> 
     </span>
     <span class='ocr_line' id='line_1_88' title="bbox 1376 2979 2365 3042; baseline -0.005 -4"><span class='ocrx_word' id='word_1_476' title='bbox 1376 2996 1522 3038; x_wconf 84' lang='lat'><em>1610.</em></span> <span class='ocrx_word' id='word_1_477' title='bbox 1559 2998 1800 3042; x_wconf 87' lang='lat' dir='ltr'>emanato,</span> <span class='ocrx_word' id='word_1_478' title='bbox 1837 2987 2074 3034; x_wconf 85' lang='lat' dir='ltr'>Statutum</span> <span class='ocrx_word' id='word_1_479' title='bbox 2103 2979 2365 3033; x_wconf 82' lang='lat' dir='ltr'>Definitorii</span> 
     </span>
     <span class='ocr_line' id='line_1_89' title="bbox 1371 3051 2362 3107; baseline -0.005 0"><span class='ocrx_word' id='word_1_480' title='bbox 1371 3057 1609 3107; x_wconf 87' lang='lat' dir='ltr'>Generalis</span> <span class='ocrx_word' id='word_1_481' title='bbox 1644 3057 1763 3104; x_wconf 83' lang='lat' dir='ltr'>circa</span> <span class='ocrx_word' id='word_1_482' title='bbox 1793 3051 1972 3104; x_wconf 73' lang='lat' dir='ltr'>Domfis</span> <span class='ocrx_word' id='word_1_483' title='bbox 2003 3053 2307 3104; x_wconf 85' lang='lat' dir='ltr'>Tononienfis</span> <span class='ocrx_word' id='word_1_484' title='bbox 2338 3056 2362 3102; x_wconf 69' lang='lat' dir='ltr'>a</span> 
     </span>
     <span class='ocr_line' id='line_1_90' title="bbox 1369 3122 2363 3195; baseline -0.008 -15"><span class='ocrx_word' id='word_1_485' title='bbox 1369 3129 1608 3180; x_wconf 83' lang='lat' dir='ltr'>Provincia</span> <span class='ocrx_word' id='word_1_486' title='bbox 1630 3122 1915 3195; x_wconf 86' lang='lat' dir='ltr'>Lugdunenfi</span> <span class='ocrx_word' id='word_1_487' title='bbox 1935 3122 2261 3192; x_wconf 84' lang='lat' dir='ltr'>separationem</span> <span class='ocrx_word' id='word_1_488' title='bbox 2280 3162 2294 3183; x_wconf 94' lang='lat'><em>‚</em></span> <span class='ocrx_word' id='word_1_489' title='bbox 2310 3143 2363 3175; x_wconf 88' lang='lat' dir='ltr'>ac</span> 
     </span>
     <span class='ocr_line' id='line_1_91' title="bbox 1367 3196 2361 3259; baseline -0.006 -9"><span class='ocrx_word' id='word_1_490' title='bbox 1367 3204 1461 3259; x_wconf 87' lang='lat' dir='ltr'>eius</span> <span class='ocrx_word' id='word_1_491' title='bbox 1477 3217 1580 3249; x_wconf 91' lang='lat' dir='ltr'>cum</span> <span class='ocrx_word' id='word_1_492' title='bbox 1598 3199 1696 3248; x_wconf 76' lang='lat' dir='ltr'>aliis</span> <span class='ocrx_word' id='word_1_493' title='bbox 1712 3196 1949 3247; x_wconf 82' lang='lat' dir='ltr'>Sabaudiae</span> <span class='ocrx_word' id='word_1_494' title='bbox 1964 3196 2287 3246; x_wconf 89' lang='lat' dir='ltr'>Conventibus</span> <span class='ocrx_word' id='word_1_495' title='bbox 2317 3199 2361 3244; x_wconf 89' lang='lat' dir='ltr'>in</span> 
     </span>
     <span class='ocr_line' id='line_1_92' title="bbox 1370 3267 2361 3338; baseline -0.007 -16"><span class='ocrx_word' id='word_1_496' title='bbox 1370 3272 1657 3322; x_wconf 86' lang='lat' dir='ltr'>Provinciam</span> <span class='ocrx_word' id='word_1_497' title='bbox 1675 3269 1951 3338; x_wconf 88' lang='lat' dir='ltr'>peculiarem</span> <span class='ocrx_word' id='word_1_498' title='bbox 1970 3267 2244 3317; x_wconf 66' lang='lat' dir='ltr'>crestionem</span> <span class='ocrx_word' id='word_1_499' title='bbox 2259 3285 2361 3315; x_wconf 89' lang='lat' dir='ltr'>con·</span> 
     </span>
     <span class='ocr_line' id='line_1_93' title="bbox 1365 3341 2355 3400; baseline -0.008 -7"><span class='ocrx_word' id='word_1_500' title='bbox 1365 3341 1576 3394; x_wconf 80' lang='lat' dir='ltr'>firmatur</span> <span class='ocrx_word' id='word_1_501' title='bbox 1588 3375 1604 3400; x_wconf 91' lang='lat'><strong>,</strong></span> <span class='ocrx_word' id='word_1_502' title='bbox 1639 3358 1730 3389; x_wconf 86' lang='lat' dir='ltr'>cum</span> <span class='ocrx_word' id='word_1_503' title='bbox 1744 3355 1841 3388; x_wconf 82' lang='lat' dir='ltr'>nota</span> <span class='ocrx_word' id='word_1_504' title='bbox 1857 3375 1870 3389; x_wconf 88' lang='lat'><em>.</em></span> <span class='ocrx_word' id='word_1_505' title='bbox 2265 3359 2282 3387; x_wconf 86' lang='lat'>1</span> <span class='ocrx_word' id='word_1_506' title='bbox 2295 3341 2355 3400; x_wconf 86' lang='lat'>38</span> 
     </span>
    </p>

    <p class='ocr_par' dir='ltr' id='par_1_26' title="bbox 1368 3410 2361 3757">
     <span class='ocr_line' id='line_1_94' title="bbox 1438 3410 2360 3466; baseline -0.007 -3"><span class='ocrx_word' id='word_1_507' title='bbox 1438 3413 1497 3464; x_wconf 84' lang='lat' dir='ltr'>A’</span> <span class='ocrx_word' id='word_1_508' title='bbox 1522 3416 1595 3462; x_wconf 82' lang='lat' dir='ltr'>Fr.</span> <span class='ocrx_word' id='word_1_509' title='bbox 1627 3412 1878 3464; x_wconf 86' lang='lat' dir='ltr'>Dominico</span> <span class='ocrx_word' id='word_1_510' title='bbox 1908 3443 1924 3466; x_wconf 91' lang='lat'><strong>,</strong></span> <span class='ocrx_word' id='word_1_511' title='bbox 1961 3411 2136 3460; x_wconf 90' lang='lat' dir='ltr'>litteras</span> <span class='ocrx_word' id='word_1_512' title='bbox 2177 3410 2360 3459; x_wconf 70' lang='lat' dir='ltr'>elec‘lio-</span> 
     </span>
     <span class='ocr_line' id='line_1_95' title="bbox 1368 3481 2361 3551; baseline -0.005 -16"><span class='ocrx_word' id='word_1_513' title='bbox 1368 3504 1470 3535; x_wconf 89' lang='lat' dir='ltr'>nem</span> <span class='ocrx_word' id='word_1_514' title='bbox 1492 3482 1802 3551; x_wconf 85' lang='lat' dir='ltr'>Episcopalem</span> <span class='ocrx_word' id='word_1_515' title='bbox 1830 3481 2122 3539; x_wconf 83' lang='lat' dir='ltr'>intimantes,</span> <span class='ocrx_word' id='word_1_516' title='bbox 2158 3496 2266 3530; x_wconf 85' lang='lat' dir='ltr'>cum</span> <span class='ocrx_word' id='word_1_517' title='bbox 2284 3498 2361 3531; x_wconf 91' lang='lat' dir='ltr'>vo-</span> 
     </span>
     <span class='ocr_line' id='line_1_96' title="bbox 1368 3549 2359 3623; baseline -0.007 -15"><span class='ocrx_word' id='word_1_518' title='bbox 1368 3560 1539 3623; x_wconf 86' lang='lat' dir='ltr'>luptate</span> <span class='ocrx_word' id='word_1_519' title='bbox 1564 3555 1592 3603; x_wconf 72' lang='grc' dir='ltr'>ὲ</span> <span class='ocrx_word' id='word_1_520' title='bbox 1619 3553 1867 3605; x_wconf 58' lang='lat' dir='ltr'>Sanctitate</span> <span class='ocrx_word' id='word_1_521' title='bbox 1885 3558 1977 3605; x_wconf 91' lang='lat' dir='ltr'>Sua</span> <span class='ocrx_word' id='word_1_522' title='bbox 2001 3567 2198 3618; x_wconf 83' lang='lat' dir='ltr'>receptas</span> <span class='ocrx_word' id='word_1_523' title='bbox 2212 3549 2328 3601; x_wconf 52' lang='lat' dir='ltr'>effe„</span> <span class='ocrx_word' id='word_1_524' title='bbox 2343 3588 2359 3611; x_wconf 88' lang='lat'><strong>,</strong></span> 
     </span>
     <span class='ocr_line' id='line_1_97' title="bbox 1368 3619 2358 3692; baseline -0.004 -15"><span class='ocrx_word' id='word_1_525' title='bbox 1368 3625 1682 3682; x_wconf 88' lang='lat' dir='ltr'>Hildebrando</span> <span class='ocrx_word' id='word_1_526' title='bbox 1716 3623 1875 3675; x_wconf 69' lang='lat' dir='ltr'>Eletsto</span> <span class='ocrx_word' id='word_1_527' title='bbox 1906 3619 2154 3677; x_wconf 87' lang='lat' dir='ltr'>Sedunenfi</span> <span class='ocrx_word' id='word_1_528' title='bbox 2188 3620 2358 3692; x_wconf 86' lang='lat' dir='ltr'>fignifi-</span> 
     </span>
     <span class='ocr_line' id='line_1_98' title="bbox 1369 3713 2353 3757; baseline -0.007 -8"><span class='ocrx_word' id='word_1_529' title='bbox 1369 3713 1497 3750; x_wconf 87' lang='lat' dir='ltr'>catur</span> <span class='ocrx_word' id='word_1_530' title='bbox 1519 3733 1531 3746; x_wconf 89' lang='lat'>.</span> <span class='ocrx_word' id='word_1_531' title='bbox 2264 3713 2353 3757; x_wconf 86' lang='lat'>¹40</span> 
     </span>
    </p>
   </div>
   <div class='ocr_carea' id='block_1_14' title="bbox 1441 3766 2355 3883">
    <p class='ocr_par' dir='ltr' id='par_1_27' title="bbox 1441 3766 2355 3883">
     <span class='ocr_line' id='line_1_99' title="bbox 1441 3766 2355 3844; baseline -0.005 -25"><span class='ocrx_word' id='word_1_532' title='bbox 1441 3772 1739 3820; x_wconf 88' lang='lat' dir='ltr'>Conventum</span> <span class='ocrx_word' id='word_1_533' title='bbox 1758 3769 1866 3816; x_wconf 87' lang='lat' dir='ltr'>RR.</span> <span class='ocrx_word' id='word_1_534' title='bbox 1882 3768 1968 3815; x_wconf 86' lang='lat' dir='ltr'>PP.</span> <span class='ocrx_word' id='word_1_535' title='bbox 1998 3766 2355 3844; x_wconf 73' lang='lat' dir='ltr'>Carmelitarum</span> 
     </span>
     <span class='ocr_line' id='line_1_100' title="bbox 2234 3853 2277 3883; baseline 0.047 -2"><span class='ocrx_word' id='word_1_536' title='bbox 2234 3853 2277 3883; x_wconf 79' lang='lat' dir='ltr'>1ss</span> 
     </span>
    </p>
   </div>
  </div>
 </body>
</html>
