2756 4074
788 162 1294 254 ELEN

371 305 574 376 Epistola
605 304 705 358 Sac.
738 311 1028 378 congregat.
1069 310 1218 377 Episc.
1254 310 1303 362 &

297 380 474 448 Regul.
495 377 791 430 Construaestio
807 380 986 428 Domus
1009 384 1302 431 Conventua·

300 452 358 502 lis
380 456 426 500 in
445 452 571 500 Villa
602 451 658 501 de
674 454 906 501 Monavar
925 452 1180 501 Ordinario
1209 454 1299 499 loci

297 523 609 573 committitur
621 559 635 572 .
1201 541 1225 585 3
1236 541 1299 585 37

366 593 639 661 Hospitium
666 594 883 643 fratrum
914 594 960 642 in
981 595 1108 644 Villa
1129 596 1235 644 Biar
1256 597 1300 643 in

297 667 597 715 Conventum
630 661 776 731 erigi,
817 664 1179 734 Archiepiscopo
1207 670 1298 716 Va·

293 736 469 785 lentino
496 734 748 785 committit
784 735 972 785 Clemens
999 734 1122 786 XII.
1195 756 1294 799 337

365 810 423 856 ln
447 805 687 858 Provincia
711 805 956 858 Custodias
974 810 1123 876 erigi,
1150 806 1198 859 ὅ(
1230 811 1294 858 al-

292 878 565 927 ter-nativam
616 878 739 926 circa
778 881 1004 947 praeeipua
1042 881 1294 931 Provinciae

291 945 550 999 Ministeria
592 946 781 997 stabiliri
815 947 909 1000 διε.
956 953 1106 1002 Fratri
1154 952 1295 1000 Felici

288 1019 454 1070 Mariae
491 1018 517 1067 ὲ
549 1020 747 1077 Parma,
779 1021 955 1071 Sanstae
985 1019 1297 1090 lnquifitionis

288 1086 616 1155 Qalificatori
641 1125 658 1149 ,
688 1093 1004 1144 Examinatori
1038 1093 1298 1161 Synodali,

286 1179 342 1211 ac
369 1162 624 1229 Capeliano
641 1164 795 1232 Regio
812 1199 828 1223 ‚
846 1161 895 1216 8(
914 1163 1155 1216 Vifitatori
1172 1183 1295 1215 com·

286 1233 465 1283 mittit.
503 1231 646 1283 Idem.
1195 1256 1297 1299 339

355 1303 696 1356 Commiffione
735 1302 1082 1374 praepofitarum
1125 1311 1295 1358 littera-

286 1392 394 1425 rum
426 1373 799 1445 Apostolicarum
833 1376 973 1429 finem
1010 1377 1143 1431 suum
1162 1397 1293 1430 non...

286 1449 402 1498 attin
438 1461 539 1498 ente
567 1483 582 1506 ,
628 1451 704 1498 Fr.
749 1451 944 1500 Paulum
983 1450 1005 1500 ὲ
1045 1453 1294 1504 Colindres

284 1461 609 1588 Apoffolicum
639 1522 895 1573 Provinciae
925 1520 1292 1584 Vifitatorem,

285 1587 334 1640 ὅ(
354 1587 726 1641 Reformatorem
756 1607 891 1644 motu
919 1598 1112 1664 proprio
1129 1595 1292 1646 consti-

285 1663 376 1713 tuit
411 1662 658 1713 Benediffus
681 1663 829 1716 XIV.
1183 1684 1286 1732 340

351 1807 749 1859 PROVINCIA
780 1811 1178 1860 ARAGONIAE
1198 1846 1210 1858 .
1283 1769 1286 1772 ⁴

356 1942 674 1991 Concordiam
724 1946 836 1990 RR.
871 1947 961 1991 ΡΡ.
1006 1946 1288 1991 Carmelitas

279 2009 589 2061 Discalceatos
609 2011 803 2057 inter--·
818 2021 863 2056 et
894 2012 1077 2056 Fratres
1107 2008 1289 2058 nostros

279 2082 397 2130 circa
415 2077 596 2130 Domus
623 2079 961 2129 conventualis
989 2077 1290 2128 construdiio-

279 2169 385 2201 nem
418 2152 465 2200 in
489 2148 686 2220 Oppido
720 2148 777 2198 de
815 2151 1054 2200 Tamarite
1085 2149 1287 2210 fastam,

276 2221 435 2274 firmat
467 2220 667 2274 Urbanus
689 2217 826 2271 VIII.
842 2255 860 2279 ,
879 2241 966 2272 cum
986 2238 1085 2273 nota
1099 2259 1111 2272 .
1181 2241 1243 2286 34
1253 2242 1277 2285 3

347 2296 501 2346 Situm
528 2292 709 2346 Domus
736 2295 895 2344 Terrae
923 2298 1083 2366 Fragae
1112 2293 1289 2353 deseri,

275 2365 442 2425 vendi,
461 2364 511 2418 ὅ(
540 2367 741 2433 pretium
761 2365 870 2415 inde
887 2366 1125 2417 redastum
1147 2363 1285 2416 fabri·

275 2455 337 2488 σε
362 2454 489 2488 novae
523 2436 702 2487 Domus
719 2438 812 2487 loci
829 2435 887 2487 de
909 2442 1096 2490 Daroca
1112 2441 1284 2506 impen-

274 2507 323 2560 di
340 2508 550 2580 indulget
567 2546 580 2559 .
616 2507 879 2559 Innocentius
897 2509 972 2561 Χ.
1179 2527 1281 2571 347

343 2583 558 2633 Hortum
590 2586 806 2632 Fratrum
838 2581 1120 2652 Aragoniae,
1155 2584 1280 2629 nov'o

277 2653 466 2703 Oliveti
502 2653 626 2720 petio
658 2653 905 2721 ampliari,
929 2653 978 2706 ὅ(
1012 2654 1098 2702 hoc
1123 2652 1151 2700 ὲ
1179 2655 1282 2699 Ma·

267 2738 362 2795 gno
379 2722 607 2794 Magistro
618 2721 876 2792 Hospitalis
895 2728 942 2774 S.
957 2725 1155 2792 Joannis
1173 2723 1283 2772 Hie-

269 2791 599 2860 rosolymitani
628 2829 644 2851 ,
678 2811 761 2861 pro
777 2795 871 2844 alio
889 2809 1020 2843 terrae
1039 2794 1166 2862 petio
1183 2809 1282 2861 per-

272 2865 443 2915 mutari
457 2862 696 2914 concedit.
734 2861 847 2913 Idem
865 2900 879 2912 .
1181 2880 1283 2926 347

342 2934 543 3004 Epistola
584 2938 687 2985 Sac.
723 2937 1012 3005 Congregat.
1051 2931 1204 3001 Episc.
1237 2949 1282 2985 ct

270 3008 496 3075 Regular.
532 3005 763 3055 Fundatio
794 3004 1064 3056 Novitiatfis
1095 3008 1140 3053 in
1174 3007 1281 3054 loco

271 3077 502 3127 Cucullada
518 3091 809 3144 nuncupat0,
827 3076 1101 3146 Apostolico
1113 3074 1280 3146 Hispa·

270 3151 454 3200 niarum
470 3150 655 3199 Nuntio
674 3148 988 3199 committitur
1004 3183 1019 3199 .
1175 3151 1275 3210 348

340 3219 780 3290 CadaveraJoannis
796 3218 1047 3291 Augustini
1063 3217 1122 3268 de
1136 3221 1276 3278 Sanz,

259 3285 476 3343 'Comitis
500 3292 556 3341 de
577 3300 744 3341 Atares
762 3326 780 3350 ,
811 3289 861 3344 ἃ
894 3290 1186 3361 Magdalenae
1215 3291 1274 3341 de

270 3363 545 3433 Angullano
566 3397 581 3420 ‚
606 3364 859 3431 Conjugis‚
887 3381 941 3412 ex
973 3363 1117 3413 veteri
1162 3365 1273 3412 Mo-

273 3434 463 3483 nialium
513 3435 735 3484 Civitatis
775 3431 988 3484 Oscenfis
1022 3431 1267 3484 Ecclesia-

273 3500 332 3550 ad
375 3521 548 3555 novam
588 3505 614 3553 a
638 3504 918 3574 Magdalcna
960 3504 1269 3555 construssam

271 3571 530 3635 transferri,
562 3574 610 3627 &
626 3577 839 3644 pecunias
864 3592 950 3644 pro
976 3577 1268 3626 translatione

270 3642 502 3693 cadaveris
523 3648 714 3713 Joannis
745 3646 994 3716 Augustini
1026 3648 1083 3697 ad
1115 3648 1268 3700 Eccle.

1339 164 1842 257 CHUS.
2168 176 2304 259 xxi

1366 314 1604 363 voluntate
1636 314 1679 360 in
1698 311 1978 379 emptionem
1996 328 2367 378 paramentorum

1363 381 1454 433 διε.
1505 402 1591 452 pro
1645 382 1778 433 dic‘tae
1806 400 1936 432 novae
1965 386 2246 435 Monialium
2278 392 2364 437 Ec-

1361 453 1503 503 clefiae
1567 452 1647 505 usu
1695 458 1901 505 converti
1946 458 2202 505 committit
2267 460 2359 508 Cle.

1360 544 1469 574 mens
1498 526 1567 577 X.
2260 536 2354 590 348

1434 597 1512 645 Ad
1545 596 1762 663 sopienda
1776 596 1953 647 diffidia
1970 595 2203 648 occasione
2222 600 2360 665 Capi-

1358 668 1443 716 tuli
1474 668 1775 717 Provincialis
1794 684 1975 728 exorta,
2005 671 2127 719 Patri
2148 667 2360 717 Ministro

1358 737 1577 788 Generali
1620 734 1830 805 speciales
1872 738 2108 792 facultates
2152 740 2362 807 imperti-

1357 825 1434 859 tur
1471 808 1615 859 Idem.
2259 828 2361 875 349

1368 961 1375 967 '
1434 953 1838 1002 PROVINCIA
1885 954 2244 1005 NAVARRAE
2262 989 2275 1003 .

1430 1098 1631 1144 Decreto
1674 1097 1776 1144 Sac.
1811 1098 2101 1164 Congrcgat.
2137 1092 2287 1162 Episc.
2315 1107 2361 1145 et

1361 1167 1538 1235 Regul.
1573 1165 1762 1216 Fabrica
1789 1171 1969 1216 Domus
1996 1170 2043 1215 in
2077 1169 2184 1216 loco
2202 1166 2359 1215 Vianae

1358 1238 1594 1288 Fratribus
1626 1237 1916 1288 interdicitur
1934 1273 1947 1287 .
2260 1251 2322 1298 35
2332 1254 2356 1298 3

1427 1313 1627 1358 Decreto
1654 1314 1754 1359 Sac.
1784 1313 2071 1378 Congregat.
2098 1306 2321 1376 praedit‘tae
2344 1341 2358 1355 .

1354 1379 1586 1433 Fundatio
1611 1381 1828 1450 praedista
1858 1382 2156 1430 conceditur.
2260 1392 2352 1440 353

1425 1457 1678 1502 Decretum
1704 1452 1974 1521 praedie‘tum
2008 1464 2228 1508 revocat,
2246 1449 2293 1500 ὅ(
2313 1450 2360 1496 in

1353 1522 1479 1573 diE‘to
1501 1539 1720 1593 perpetuo
1740 1523 1914 1574 silentio
1936 1528 2117 1573 Fratres
2147 1539 2238 1570 non
2265 1536 2362 1569 am·
2410 1533 2413 1536 ⁴

1349 1597 1471 1664 plius
1484 1596 1704 1647 audiedos
1720 1594 1803 1646 esse
1818 1591 2232 1646 decernit.Clem.X
2241 1627 2254 1641 .
2262 1609 2285 1653 3
2297 1608 2320 1654 5
2331 1607 2356 1652 3

1422 1672 1534 1718 Non
1560 1667 1840 1718 obstantibus
1871 1669 2082 1717 Decretis
2116 1702 2131 1723 ‚
2182 1662 2231 1715 ὃ(
2270 1664 2362 1711 Lit-

1348 1741 1455 1788 teris
1495 1738 1743 1791 Pontificiis
1761 1777 1778 1798 ‚
1806 1757 1859 1788 ac
1887 1736 2065 1788 filentio
2093 1732 2307 1803 imposito
2338 1767 2356 1790 ‚

1348 1811 1406 1857 ad
1425 1809 1654 1860 instantias
1669 1813 2002 1866 MariaeAnnae,
2022 1805 2355 1872 Hispaniarum

1349 1880 1539 1942 Reginae
1571 1880 1826 1926 Catholicae
1840 1911 1854 1931 ,
1871 1881 2082 1924 Domum
2099 1879 2360 1927 Battum-³

1347 1945 1692 1992 controversam
1722 1945 1943 1999 construi,
1975 1943 2203 2009 Episcopo
2223 1944 2359 1994 Cala-

1346 2011 1566 2078 guritano
1593 2012 1852 2058 committit
1873 2008 2211 2060 Innocent.XlI.
2258 2029 2354 2074 355

1427 2077 1704 2130 Custodiam
1724 2082 1948 2130 Navarrae
1964 2080 2013 2132 ὅ(
2035 2079 2295 2131 Cantabriae
2312 2085 2357 2130 in

1349 2153 1646 2201 Provinciam
1665 2153 1814 2222 erigi,
1843 2150 2106 2203 &ereitam
2141 2154 2357 2203 omnibus

1345 2224 1539 2272 aliarum
1572 2224 1924 2275 Provinciarum
1953 2224 2134 2289 juribus
2177 2223 2228 2276 ὅ(
2262 2226 2355 2292 pri-

1346 2295 1530 2364 vilegiis
1559 2293 1650 2345 frui
1675 2293 1722 2345 &
1744 2294 1944 2365 gaudere
1987 2293 2110 2366 posse
2143 2295 2350 2347 decernit

1347 2363 1612 2415 Innocentius
1640 2364 1739 2418 ΧῘ.
2254 2375 2358 2430 356

1419 2439 1623 2489 Decreto
1663 2441 1766 2488 Sac.
1801 2441 2088 2509 Congregat.
2119 2436 2269 2506 Episc.
2309 2452 2356 2487 et

1343 2511 1514 2580 Regul.
1546 2514 1727 2559 Fratres
1755 2511 1802 2557 in
1830 2527 1999 2558 novam
2018 2511 2351 2575 DomumOp-

1341 2581 1437 2647 pidi
1455 2583 1606 2631 Lerini
1624 2580 1853 2630 introduci
1869 2581 2183 2629 committitur
2195 2613 2213 2637 ,
2229 2580 2354 2628 clau-

1341 2648 1439 2702 sula
1463 2654 1576 2714 juris
1600 2650 1876 2704 Patronatfis
1898 2650 2110 2719 dempta.
2249 2667 2350 2713 357

1416 2729 1619 2774 Decreto
1658 2727 1763 2773 Sac.
1787 2728 2083 2792 Congregat.
2120 2719 2270 2789 Episc.
2303 2735 2349 2770 et

1347 2796 1517 2863 Regul.
1556 2799 1613 2844 In
1637 2791 1771 2844 causa
1799 2791 2006 2851 Βοωῦε,
2038 2792 2113 2844 seu
2129 2796 2345 2842 Conven-

1342 2860 1418 2912 tus
1446 2867 1490 2914 in
1509 2866 1703 2933 Oppido
1723 2869 1858 2915 Verae
1884 2862 2101 2913 fundandi
2127 2865 2235 2912 RR.
2255 2863 2343 2911 ΡΡ.

1343 2936 1621 2985 Carmelitas
1648 2938 1765 2983 inter
1790 2970 1848 2978 --
1876 2935 1925 2983 ὅ(
1959 2938 2141 2981 Fratres
2168 2929 2343 2981 nostros

1341 3020 1545 3055 vertente
1574 3041 1591 3062 ,
1617 3006 1685 3053 his
1711 3003 1918 3052 fundatio
1947 3002 2221 3051 conceditur
2246 3037 2263 3059 ,
2292 3004 2343 3051 il·

1338 3078 1394 3127 lis
1424 3074 1538 3127 ostio
1568 3073 1848 3144 supplicandi
1872 3090 1958 3142 pro
1973 3073 2129 3123 eadem
2156 3074 2339 3123 licentia

1339 3163 1496 3218 aperto
1521 3147 1710 3196 relisto.
2239 3163 2335 3206 357

1408 3224 1607 3269 Decreto
1618 3221 1721 3270 Sac.
1740 3219 1920 3286 Congr.
1941 3214 2093 3284 Episc.
2108 3230 2154 3265 et
2168 3219 2335 3283 Regul.

1333 3288 1602 3358 Hospitium
1639 3289 1764 3338 mere
1794 3284 2004 3337 saeculare
2033 3323 2050 3345 ,
2092 3286 2180 3336 fine
2218 3288 2333 3335 Ora-

1332 3363 1456 3411 torio
1506 3358 1693 3427 publico
1736 3356 1830 3409 ἃς.
1885 3377 1993 3407 cum
2047 3358 2327 3407 habitatione

1331 3434 1462 3483 unius
1482 3431 1739 3481 Sacerdotis
1753 3466 1767 3487 ,
1786 3428 1835 3480 <Sc
1850 3431 2035 3479 alterius
2052 3431 2173 3478 Laici
2190 3428 2327 3476 dum·

1330 3518 1472 3561 taxat,
1499 3503 1522 3549 εὶ
1557 3506 1660 3551 RR.
1687 3505 1774 3551 ΡΡ.
1801 3502 2067 3550 Carmelitis
2097 3498 2327 3549 Calceatis

1329 3577 1520 3640 antiquae
1549 3571 1871 3623 Observantiae
1892 3572 1936 3619 in
1959 3572 2083 3620 Villa
2113 3569 2168 3618 de
2198 3572 2325 3618 Vera

1328 3647 1508 3695 retineri
1535 3643 1828 3713 indulgetur,
1858 3659 1909 3690 ac
1937 3639 2325 3691 instrumentum-³

269 3711 382 3763 fiam
414 3716 722 3767 Parochialem
748 3718 804 3767 de
819 3718 1126 3789 Xabienegay
1156 3719 1265 3766 alias
1325 3717 1613 3785 obligationis
1645 3731 1728 3783 pro
1743 3711 2028 3763 observantia
2044 3709 2323 3779 praescripta-

268 3784 623 3854 impendendas,
658 3786 940 3838 commutat&
972 3787 1136 3840 ultima
1171 3793 1265 3852 ejus
1326 3805 1430 3838 rum
1465 3786 1782 3835 conditionum
1810 3783 1835 3831 a
1865 3785 1974 3833 RR.
1997 3784 2084 3831 ΡΡ.
2127 3786 2319 3831 Carme·

2163 3854 2255 3900 litis
