2592 4094
863 250 1591 367 Lotharingiae.

225 393 264 432 &
292 388 455 432 virtutis
480 392 648 442 merita,
675 391 790 447 super
816 392 959 448 quibus
981 393 1084 448 apud
1115 397 1201 435 Nos

225 446 306 490 fide
336 449 460 504 digno
484 451 775 492 commendaris
814 452 1041 493 testimonio
1065 478 1079 502 ,
1111 454 1198 493 Nos

226 507 444 556 inducunt,
469 518 514 551 ut
544 509 602 550 Te
626 508 862 564 specialibus
892 507 1094 550 favoribus
1119 534 1133 556 ,
1163 509 1203 549 δε

226 566 366 620 gratiis
393 564 678 622 prosequamur
711 596 722 607 .
749 569 854 608 Cum
883 566 1020 621 itaque
1055 593 1070 616 ‚
1105 565 1200 607 ficut

226 637 356 678 nuper
371 625 500 667 Nobis
515 623 663 680 exponi
685 621 834 672 fecisti,
853 626 916 665 Tu
929 649 943 671 ,
958 625 1054 679 qui,
1074 632 1118 664 ut
1139 622 1199 664 as-

223 679 318 723 seris
334 710 349 732 ‚
382 683 562 725 Minister
586 682 845 726 Provincialis
873 682 1093 724 Provinciae
1117 684 1198 724 Lo-

224 740 614 797 tharingiae,0rdinis
626 743 808 783 Fratrum
823 740 1026 782 Minorum
1041 741 1209 781 sffiran-

226 799 320 840 cisci
352 800 648 854 Capucinorum
694 806 1016 854 nuncupatorum
1044 825 1058 847 ,
1089 798 1129 840 δι
1154 797 1205 840 ad

228 856 484 912 excipiendas
505 856 827 900 Sacramentales
854 854 1128 897 Confesfiones
1142 856 1203 898 di-

224 915 332 957 leetae
348 915 388 957 in
412 914 578 957 Christo
597 914 723 964 Filiae,
740 913 899 969 Nobilis
915 914 1204 964 Mulieris,mo·

226 973 359 1015 dernae
393 972 558 1014 Duciffae
583 973 694 1013 Barri
718 999 732 1020 ‚
763 967 1097 1025 &⁴'Lotharingiae
1115 970 1199 1017 'sta-

227 1041 341 1073 tuum
358 1030 549 1083 Regentis
564 1053 578 1076 ,
605 1027 788 1082 illiusque
814 1030 1018 1070 Natorum
1036 1025 1202 1070 Confes-

224 1088 345 1130 sarius
373 1086 586 1140 deputatus
611 1086 769 1136 existis,
793 1085 1008 1142 aliquoties
1033 1086 1084 1128 ad
1114 1100 1204 1127 mu-

224 1159 300 1190 nus
315 1142 551 1188 Confeffarii
572 1142 792 1200 hujusmodi
811 1144 1043 1188 obeundum
1070 1173 1085 1197 ,
1110 1145 1201 1189 de.-

226 1207 321 1249 loco
336 1204 384 1246 ad
402 1204 566 1255 locum,
592 1216 663 1245 eos
698 1203 1104 1253 comitarivtenearis,
1138 1205 1200 1245 Tu

227 1262 326 1308 vero
352 1261 519 1315 pedibus
537 1262 615 1304 iter
629 1275 747 1316 agere
773 1274 976 1318 nequeas,
1011 1275 1089 1304 nec
1117 1263 1204 1304 rhe-

224 1321 279 1366 dfi
296 1320 387 1362 vehi
413 1319 505 1362 Tibi
522 1319 659 1370 liceat,
674 1329 839 1375 propter
860 1317 1077 1376 expressam
1090 1323 1205 1364 Con-

228 1378 483 1423 stitutionum
511 1377 608 1421 dicti
634 1378 797 1421 Ordinis
824 1380 1201 1435 prohibitionem-03

224 1439 355 1482 Nobis
381 1445 594 1492 propterea
619 1438 830 1493 supplicari
857 1437 1010 1488 fecisti,
1041 1446 1084 1479 ut
1114 1436 1208 1480 Tibi

224 1500 266 1541 in
290 1494 486 1551 praemiffis
513 1496 741 1551 opportune
767 1497 986 1549 providere
1014 1524 1029 1547 ,
1051 1497 1090 1536 δε
1121 1523 1134 1546 ,
1163 1503 1209 1537 ut

225 1552 356 1605 infra,
382 1552 594 1610 indulgere
614 1554 665 1596 dc
697 1554 947 1609 benignitate
976 1552 1213 1610 Apostolica

227 1612 483 1667 dignaremur
502 1641 514 1653 .

342 1673 426 1713 Nos
454 1670 677 1724 igitur,Te
705 1668 886 1726 specialis
912 1668 1049 1715 favore
1074 1670 1210 1728 gratiae

226 1728 412 1786 prosequi
429 1727 609 1773 volentes
624 1758 639 1781 ,
665 1731 703 1770 &
721 1732 744 1774 a
757 1729 956 1784 quibusvis
977 1743 1211 1773 excommu-

217 1788 442 1832 nicationis
455 1788 532 1828 διε.
546 1786 800 1829 absolventes
813 1815 828 1836 ‚
843 1787 886 1829 δὲ
904 1785 1130 1830 absolutum
1147 1787 1211 1827 so-

229 1861 276 1888 re
306 1843 512 1888 censentes
537 1871 552 1893 ‚
589 1842 815 1896 hujusmodi
854 1836 1213 1897 supplicationibus

231 1902 443 1950 inclinati,
459 1899 551 1944 Tibi
569 1913 640 1951 ,ac
662 1911 736 1952 pro
751 1909 938 1954 tempore
956 1899 1140 1945 existenti
1154 1898 1214 1939 so-

225 1954 298 2004 'cio
313 1970 403 2011 tuo,
423 1957 588 2001 Ordinis
604 1955 778 2013 praediffl
794 1956 1003 2013 professori
1018 1987 1033 2010 ,
1061 1966 1108 2000 ut
1121 1957 1213 2005 de...-

232 2019 494 2074 Superiorum
509 2017 726 2058 vestrorum
745 2015 909 2056 licentia
921 2042 935 2061 2
946 2023 1208 2056 memoratam

232 2073 436 2120 Duciffam
462 2074 695 2131 Regentem
718 2096 733 2121 ,
760 2069 947 2126 illiusque
973 2074 1104 2124 Natos
1142 2082 1211 2121 cog

2011 286 2177 340 201·-

1262 391 1710 448 mitandigratia‚dum
1734 393 1814 435 iter
1842 392 2016 435 fecerint
2033 420 2047 442 ,
2073 397 2230 445 quotics

1259 464 1356 504 opus
1376 449 1499 492 fuerit
1516 480 1529 501 ‚
1554 451 1680 495 rheda
1694 483 1709 504 ,
1726 449 1791 494 seu
1808 451 1894 494 alio
1911 450 2100 492 vehiculo
2114 478 2127 499 ,
2144 454 2234 492 vehi

1262 508 1391 550 libere
1406 537 1419 558 ,
1433 522 1478 549 ac
1492 508 1602 552 licite
1616 540 1631 561 ,
1646 525 1691 552 ac
1713 509 1859 567 absque
1874 509 1993 552 ullius
2008 520 2150 563 poenaea
2163 523 2235 562 per

1261 565 1577 610 constitutiones
1594 568 1770 622 praesatas
1784 568 2091 625 quomodolibet
2107 564 2235 618 impo-

1259 623 1338 666 fitae
1355 624 1510 666 incursu
1525 655 1540 675 ‚
1557 626 1703 681 poffitis
1715 656 1731 677 ‚
1748 642 1793 669 ac
1809 627 1991 675 valeatis,
2005 639 2049 667 ac
2065 621 2235 665 vestrum

1259 682 1431 737 quilibet
1446 682 1577 737 poffit,
1590 685 1628 725 δι
1643 685 1772 726 valeat
1785 712 1800 734 ,
1814 682 2053 727 auctoritate
2069 681 2240 736 Aposto-

1271 740 1346 781 lica
1371 748 1509 780 tenore
1534 739 1780 792 praesentium
1803 741 2089 790 concedimus,
2110 740 2154 779 δι·
2177 738 2240 779 in-

1267 797 1479 852 dulgemus
1493 823 1504 836 .
1531 799 1624 838 Non
1657 799 1903 841 obstantibus
1936 797 2130 854 praemiffis
2147 825 2162 849 ,
2193 809 2240 838 ac
2271 818 2274 821 ·

1264 854 1653 904 Constitutionibus‚
1676 857 1716 897 δι.
1729 857 2056 899 ordinationibus
2073 854 2241 911 Aposto-

1264 913 1353 955 licis
1365 941 1379 964 ‚
1395 926 1467 954 nec
1487 925 1568 954 non
1591 912 1686 954 disti
1701 915 1888 962 Ordinis,
1903 917 2024 956 etiam
2039 915 2243 970 juramen-

1259 975 1306 1012 'to
1322 995 1335 1019 ,
1356 968 1659 1011 confirmatione
1682 972 1913 1025 Apostolica
1935 975 2011 1014 διε.
2045 972 2242 1014 roboratis

1261 1027 1416 1069 statutis
1435 1055 1448 1077 ,
1461 1028 1500 1067 δι
1515 1028 1861 1071 consuetudinibus
1875 1056 1889 1078 ,
1905 1030 2122 1084 privilegiis
2139 1043 2237 1084 quo·-

1264 1101 1342 1142 que
1372 1084 1563 1136 indultis,
1594 1100 1639 1128 ac
1660 1086 1805 1133 litteris
1823 1087 2060 1142 Apostolicis
2087 1088 2127 1128 in
2141 1092 2244 1130 con-‘

1266 1146 1439 1188 trarium
1468 1142 1744 1199 praemissorum
1760 1146 2065 1201 quomodolibet
2079 1144 2248 1188 conces-

1266 1204 1312 1246 fis
1327 1233 1342 1254 ,
1361 1199 1614 1245 confirmatis
1627 1231 1639 1252 ‚
1664 1217 1709 1244 ac
1735 1205 1933 1246 innovatis
1948 1233 1959 1245 .
1988 1203 2146 1259 Quibus
2162 1217 2247 1245 om-

1263 1263 1380 1308 nibus
1395 1289 1409 1312 ,
1447 1263 1486 1303 &
1501 1260 1659 1315 fingulis
1682 1261 1846 1303 illorum
1862 1270 2038 1312 tenores,
2053 1259 2249 1315 praesenti-

1264 1324 1339 1364 bus
1356 1332 1430 1376 pro
1448 1319 1567 1375 plene
1581 1348 1596 1370 ,
1629 1332 1673 1364 ac
1687 1318 1928 1361 sufficienter
1958 1317 2140 1373 expreffis
2157 1345 2172 1367 .,
2204 1330 2249 1357 ac

1268 1380 1320 1422 de
1349 1379 1478 1420 verbo
1494 1376 1542 1419 ad
1561 1378 1727 1419 verbum
1755 1376 1910 1419 insertis
1933 1377 2122 1421 habentes
2138 1402 2151 1424 ,
2170 1371 2250 1415 illis

1270 1439 1364 1481 alias
1381 1437 1420 1478 in
1439 1437 1506 1479 suo
1521 1437 1668 1479 robore
1682 1433 1963 1491 permansuris,
1984 1433 2033 1478 ad
2048 1428 2251 1486 praemiffo-

1272 1510 1363 1540 rum
1378 1493 1656 1547 effectum2hac
1673 1496 1761 1537 vice
1776 1493 1984 1536 dumtaxat
2002 1490 2250 1546 specialiter,

1270 1557 1310 1600 &
1330 1554 1513 1610 expresse
1540 1554 1777 1609 derogamus
1793 1579 1808 1604 ,
1833 1551 2061 1608 caeterisque
2089 1556 2251 1591 contra·

1268 1613 1342 1658 riis
1357 1611 1675 1670 quibuscumque
1693 1641 1704 1653 .

1387 1673 1537 1714 Datum
1564 1673 1705 1713 Romae
1729 1669 1835 1726 apud
1851 1672 2031 1713 Sanctam
2049 1667 2254 1710 Mariamj

1275 1730 1474 1786 Maiorem
1506 1729 1575 1770 sub
1599 1729 1763 1771 Annulo
1783 1726 1995 1771 Piscatoris
2027 1725 2094 1767 die
2129 1735 2200 1765 xxi
2216 1734 2255 1762 1.

1272 1788 1446 1841 Augusti.
1476 1800 1709 1828 muccxxxt
1723 1800 1737 1826 1
1752 1800 1786 1827 1.
1833 1782 2095 1836 Pontificati'is
2131 1778 2255 1827 nostri

1273 1847 1392 1886 Anno
1411 1849 1558 1897 quarto
1572 1869 1584 1883 .

1332 1958 1580 2013 Autograph.
1598 1959 1638 1999 in
1659 1956 1827 2009 Archivo
1854 1960 1998 1999 secret.
2023 1957 2258 1998 Bavium-2

1375 2015 1707 2123 fggiolssegest.
1721 2015 1850 2072 mensis
1865 2044 1882 2067 ,
1897 2016 1950 2066 (β’
1963 2019 2063 2060 anni
2070 2009 2259 2072 prafdi'ffi

375 3881 530 3931 Tam-V-

1557 3854 1595 3897 C
1607 3854 1630 3895 ὀ
2066 3841 2202 3886 PRO..
