2638 4088
400 247 568 358 376

337 393 590 448 emptIOnem
608 387 808 447 pro-dista
827 381 957 428 mensa
973 383 1208 442 Episcopali
1224 399 1335 429 com-

339 461 607 552 mntetlgitum
632 509 772 548 Romae
798 501 901 550 apud
929 502 1112 547 Sanetam
1130 504 1334 548 Mariam,

337 568 534 626 Maiorem
570 566 637 606 sub
666 554 833 605 Annulo
857 560 1076 625 piscatoris
1119 564 1185 606 die
1211 577 1334 605 viii.

336 629 431 689 Julii
447 635 694 670 Mocxxxiv.
721 618 989 664 Pontificatfis
1007 621 1129 666 nostri
1144 637 1248 666 anno
1262 636 1333 666 un-

341 687 524 732 decimo·

402 802 705 860 Autograpbum
718 804 760 846 iu
778 800 951 844 Archino
973 805 1206 845 secretaria
1233 805 1336 843 Bre-

464 865 571 905 vium
606 861 913 918 Apostolicorum
949 861 1104 920 chcsto
1129 861 1261 919 mensis
1287 861 1335 910 ζῇ·
1402 868 1405 870 ’

451 924 548 965 anni
556 921 744 977 praediff.
751 921 834 980 fil·
841 932 860 963 ²
869 935 889 962 2
894 933 938 976 9.

339 1128 619 1214 custodiam
666 1158 931 1209 Andalufiae
966 1160 1013 1208 in
1045 1160 1338 1210 Provinciam

363 1290 366 1295 ,
407 1232 617 1304 erigendi
647 1228 919 1281 facultatem
945 1231 1174 1299 largitur.

342 1373 499 1419 Ditem
515 1346 825 1428 &luministro
842 1322 1246 1415 Generali.Fratrum
1263 1375 1339 1415 Or-

455 1434 559 1475 dim's
573 1431 773 1475 Minoi-um
807 1435 840 1473 5.
862 1430 1068 1488 Francifii
1091 1434 1224 1487 Capu-

571 1496 749 1533 cinerum
763 1500 1077 1546 nuncupatorum
1094 1519 1106 1531 .

345 1622 768 1676 URBANUS
824 1622 1071 1672 PAPA
1137 1625 1337 1673 VIII.

412 1747 569 1792 Dt‘left'e
586 1746 697 1798 Fili,
710 1747 888 1804 salutem
903 1776 918 1799 ‚
934 1749 990 1796 b·
1012 1750 1269 1809 Apostolicam

664 1807 978 1850 Benedielionem
992 1839 1005 1848 .

459 1929 564 1979 Um,
593 1927 694 1973 ficut
715 1926 846 1972 Nobis
876 1941 1003 1983 nuper
1018 1926 1164 1983 exponi
1187 1925 1338 1977 fecisti,

479 1990 539 2030 Tu
554 1989 787 2031 Custodiam
807 1987 1028 2030 Andalufiae
1048 1991 1236 2030 Fratrum
1256 1990 1340 2041 Or-¹

343 2045 451 2087 dinis
476 2048 682 2090 Minoi-um
712 2048 844 2091 Sancti
872 2048 1073 2089 Francisci
1105 2047 1339 2101 Capucino-

343 2119 437 2145 rum
453 2119 785 2162 nuncupatorum
815 2108 853 2148 in
872 2107 1131 2148 Provinciam
1161 2106 1337 2162 ejusdem

340 2165 506 2207 Ordinis
524 2167 683 2221 erigere
697 2194 711 2216 ,
739 2167 831 2206 &in
849 2167 1073 2207 vilitatione
1102 2163 1338 2203 Provincia—

343 2235 434 2261 rum
451 2223 606 2263 Tolosae
621 2251 634 2271 ,
647 2226 687 2262 δι
702 2222 1018 2262 Helveticorurn
1047 2219 1141 2258 dieti
1169 2216 1336 2258 Ordinis

345 2290 418 2332 per
434 2279 496 2319 Te
515 2279 699 2319 facienda
713 2307 728 2328 ,
748 2278 984 2320 Provincias
1002 2276 1256 2328 hujusmodi,
1275 2277 1337 2322 &,

338 2335 450 2391 quod
478 2337 708 2378 obillarum
727 2335 948 2375 vastitatem
970 2362 981 2383 ,
998 2334 1109 2387 juxta
1131 2331 1339 2374 Constitu.

344 2393 505 2436 tionum
531 2395 697 2434 Ordinis
721 2392 894 2446 praedit‘ti
920 2391 1221 2446 dispositionem
1249 2390 1338 2430 viii·

343 2454 422 2493 tari
439 2460 645 2508 nequeunt
659 2477 673 2500 ,
690 2465 734 2494 ac
748 2452 786 2491 δε
800 2452 892 2506 quia
908 2450 946 2490 in
963 2450 1147 2503 pluribus
1162 2449 1338 2504 Capitu-

345 2510 392 2552 lis
411 2510 681 2553 Generalibus
699 2509 794 2552 dicti
813 2510 982 2552 Ordinis
1011 2511 1034 2551 a
1061 2510 1252 2552 Patribus
1265 2523 1336 2551 ea-

338 2570 528 2612 rumdem
544 2570 854 2613 Provinciarum
882 2571 954 2611 hac
979 2568 1031 2611 de
1056 2583 1102 2610 re
1124 2569 1333 2611 institunt,

339 2627 446 2681 fuit,
471 2629 659 2672 dividere
689 2626 795 2684 poffe
821 2627 1077 2682 summopere
1100 2626 1335 2676 defideres,

341 2691 429 2731 Nos
450 2688 557 2731 votis
574 2689 654 2731 tuis
670 2686 914 2743 hujusmodi,
928 2687 1123 2742 quantum
1139 2702 1231 2730 eum
1249 2690 1333 2728 Do·

339 2748 451 2790 mino
465 2746 665 2803 poffumus
682 2777 695 2799 ,
712 2746 986 2791 favorabiliter
1011 2761 1188 2790 annuere
1204 2774 1218 2795 2
1248 2748 1332 2788 Te-

338 2820 420 2862 que
437 2805 673 2862 specialibus
699 2805 902 2848 favoribus
920 2836 932 2858 ‚
958 2808 999 2848 &
1025 2807 1167 2862 gratiis
1192 2805 1327 2861 prose-

340 2867 408 2921 qui
426 2866 614 2909 volentes
631 2862 708 2916 ,ἃ
732 2865 977 2921 &quibusvis
1006 2866 1334 2923 excommunica-

341 2925 466 2967 tionis
480 2926 557 2968 &c.
574 2927 715 2967 harum
730 2923 831 2966 serie
843 2926 1098 2967 absolventes
1114 2950 1127 2974 ,
1149 2927 1188 2967 &
1214 2924 1334 2967 abso-

345 2982 477 3027 lutum
506 2983 594 3026 fore
621 2992 850 3035 censenteS,
874 2984 1229 3039 supplicationibus
1263 2994 1335 3026 tuo

340 3044 507 3085 nomine
536 3045 667 3086 Nobis
703 3042 818 3099 super
845 3045 922 3086 hoc
956 3044 1163 3084 humiliter
1195 3057 1335 3097 porre-

341 3101 618 3144 t‘tisinclinati
653 3103 746 3145 Tibi
777 3103 920 3145 dietam
945 3102 1180 3144 Custodiam
1199 3103 1337 3143 Anda·

343 3158 450 3202 lufiae
464 3186 476 3208 ,
492 3160 663 3202 constito
680 3162 772 3204 Tibi
789 3162 840 3205 de
855 3162 1087 3219 quantitate
1101 3190 1113 3212 ,
1144 3162 1183 3202 &
1204 3161 1334 3217 quali·

347 3228 430 3259 tate
449 3222 672 3262 Domorum
695 3220 801 3263 illius
816 3222 864 3263 ad
888 3220 930 3267 id
950 3220 1165 3277 requiiitis,
1184 3220 1224 3261 in
1242 3221 1332 3262 Pro.

344 3278 519 3318 vinciam
534 3277 628 3319 dicti
652 3280 816 3322 Ordinis
843 3280 1086 3323 auctoritate
1115 3279 1245 3322 nostra
1260 3279 1336 3321 eri-

344 3336 500 3390 gendi,
517 3350 592 3379 nec
607 3351 688 3379 non
709 3340 938 3382 Provincias
971 3340 1126 3382 Toloiae
1140 3366 1153 3389 2
1174 3340 1213 3380 &
1236 3339 1335 3381 Hel-

348 3395 576 3436 veticorum
592 3397 813 3450 praedictas,
829 3401 866 3441 in
885 3399 1050 3441 illarum
1070 3399 1334 3442 visitatione)

345 3466 417 3509 per
434 3454 493 3494 Te
509 3451 690 3496 facienda
709 3484 723 3506 ,
739 3457 840 3502 dista
862 3459 1102 3502 audior-itate
1119 3456 1333 3500 dividendi

346 3510 583 3554 facultatem
600 3539 614 3561 ‚
641 3515 902 3560 &licentiam
924 3517 1066 3560 eadem
1094 3517 1332 3558 auctoritate

344 3581 485 3612 tenore
507 3572 755 3625 praesentium
781 3577 1066 3626 concedimus,
1095 3575 1331 3629 &imparti-

348 3643 455 3671 mur.
484 3634 576 3673 Non
600 3631 846 3675 obstantibus
867 3635 1233 3678 Constitutionibus
1249 3662 1263 3685 ,
1295 3635 1335 3675 &

348 3688 682 3731 ordinationibus
696 3693 935 3747 Apostolicis
952 3724 964 3746 ,
989 3710 1034 3737 ac
1049 3694 1231 3744 Ordinis,
1247 3696 1336 3736 Cu-

346 3743 485 3809 stodiae
499 3774 512 3795 ,
528 3749 562 3789 ὅ(
581 3750 883 3794 Provinciarum
912 3752 1136 3807 hujusmodi
1152 3782 1165 3804 ,
1179 3753 1339 3796 etiam-o

350 3816 605 3871 juramento,
635 3808 946 3854 confirmatione
971 3812 1199 3865 Apostolica
1227 3839 1241 3860 ³
1275 3811 1339 3854 vel

350 3874 491 3917 quavis
520 3861 712 3919 firmitate
739 3870 817 3914 alia
846 3871 1049 3930 roboratis
1076 3870 1234 3916 statutis
1251 3899 1265 3925 ,
1299 3871 1339 3913 &

1057 235 1656 338 Provincia

1396 380 1760 428 consuetudinibus
1780 407 1794 431 ,
1816 375 2049 436 caeterisque
2073 380 2286 426 contrariis
2299 382 2389 439 qui.

1396 443 1670 498 bustumque.

1511 503 1668 544 Datum
1702 501 1844 542 Romae
1871 498 1978 554 apud
2005 497 2186 542 Sanctam
2215 497 2387 542 Mariam

1396 559 1600 603 Ma'orem
1625 559 1697 602 sub
1712 559 1879 601 Annulo
1902 557 2114 601 Piscatoris
2130 556 2196 598 die
2214 570 2281 598 xi.
2298 559 2390 600 Au-

1394 576 1496 676 gufii
1521 630 1805 663 Mncxxxvn·
1837 615 2103 661 Pontificatfis
2132 615 2256 684 nostri
2285 615 2391 658 anno

1392 679 1556 723 decimo
1569 679 1715 736 quinto
1726 707 1738 719 .

1455 765 1706 854 Autograph.
1736 793 1779 838 in
1796 794 1970 839 Archivo
1985 798 2132 846 δειναί.
2160 798 2392 842 Bavium-2

1512 857 1822 914 Apostolicorum
1859 854 2018 915 Regcsto
2041 854 2178 913 mensis
2213 857 2262 906 θ’
2292 858 2391 915 anni

1503 914 1820 975 praedibzfoass.

1399 1057 1808 1074 *Ἀ*-

1399 1157 1554 1208 Situm
1593 1160 1864 1206 Domorum
1909 1154 2216 1224 Regularium
2259 1154 2397 1203 Anti-

1470 1228 1640 1296 quariae
1659 1263 1673 1285 ,
1693 1227 1742 1278 ὅ(
1763 1228 1915 1277 Ezixae
1930 1224 2067 1276 vendi
2084 1261 2100 1284 ,
2120 1222 2169 1275 &
2195 1227 2397 1293 pretium

1469 1299 1532 1348 ad
1575 1295 1779 1360 fabricas*
1809 1315 1952 1349 novas
1985 1297 2206 1368 applicari
2251 1294 2399 1345 indul-

1471 1383 1581 1439 get.

1401 1511 1828 1568 URBANUS
1897 1511 2120 1562 PAPA
2185 1513 2379 1561 VIII.

1517 1638 1523 1644 '
1591 1631 1659 1676 Ad
1655 1623 1855 1691 futuram
1867 1628 1930 1672 rei
1949 1633 2175 1672 memoriam
2188 1656 2202 1670 .

1552 1750 1666 1804 Uper
1697 1762 1770 1804 pro
1797 1756 1909 1806 parte
1934 1745 2072 1791 dsseffi
2103 1747 2194 1790 Filii
2227 1744 2398 1791 Ministri

1568 1808 1840 1851 Provincialis
1861 1812 2050 1851 Fratrum
2067 1807 2234 1848 Ordinis
2265 1808 2400 1848 Mino-

1402 1881 1491 1908 rum
1505 1868 1634 1909 sancii
1654 1867 1853 1910 Francisci
1871 1866 2174 1921 Capucinomm
2189 1873 2405 1919 nuncupa-i:

1401 1935 1537 1968 torum
1550 1951 1564 1973 2
1585 1926 1803 1968 Provincia:
1818 1925 2047 1968 Andalusiae
2061 1954 2076 1976 ,
2093 1924 2222 1968 Nobis
2247 1922 2402 1978 expofi-

1402 1995 1489 2027 tum
1516 1986 1591 2027 fuit
1609 2011 1623 2034 2
1638 1985 1746 2041 quod
1766 1984 1848 2042 ipse
1865 1985 1969 2028 duos
1996 1984 2088 2027 situs
2107 1988 2400 2027 Conventuum

1401 2043 1575 2098 ejusdem
1603 2044 1796 2098 Ordinis,
1823 2052 1994 2102 quorum
2021 2058 2122 2088 unus
2150 2045 2189 2085 in
2215 2046 2261 2087 de
2277 2046 2399 2089 Ante-

1399 2117 1524 2157 quera
1539 2129 1552 2151 2
1573 2103 1687 2145 ‘alter
1706 2105 1859 2146 veroin
1878 2104 1923 2144 dc
1942 2106 2067 2145 Ezt'xa
2082 2103 2259 2159 oppidis,
2276 2103 2396 2147 Civi-

1400 2160 1552 2199 tatibus
1568 2160 1831 2212 nuncupatis,
1846 2162 1884 2200 in
1899 2160 2000 2201 locis
2016 2160 2284 2204 insalubribus
2297 2175 2397 2204 con-

1399 2212 1535 2257 structi
1552 2211 1641 2257 sunt
1657 2242 1670 2264 ,
1684 2217 1723 2258 δι
1737 2217 1785 2259 ad
1806 2217 1975 2273 praesens
2000 2217 2052 2259 ab
2073 2218 2221 2260 eisdem
2239 2217 2400 2261 Fratri-

1402 2276 1476 2315 bus
1491 2273 1795 2324 inhabitantur,
1814 2276 1934 2316 vendi
1951 2276 2086 2317 facere
2103 2306 2118 2325 ,
2135 2277 2399 2333 pretiumque

1402 2331 1496 2371 inde
1512 2340 1809 2384 proventurum
1823 2331 1872 2374 ad
1889 2345 1990 2387 opus
2015 2331 2175 2374 fabricae
2199 2347 2396 2377 novorum

1401 2392 1699 2432 Conventuum
1715 2404 1789 2445 pro
1803 2388 1952 2432 eisdem
1978 2390 2190 2434 Fratribus
2220 2393 2306 2436 aliis
2324 2393 2401 2436 in.»

1401 2448 1500 2490 locis
1525 2447 1762 2492 salubrioris
1793 2449 1899 2492 aeris
1922 2450 2116 2493 converti
2142 2445 2252 2505 posse
2270 2441 2405 2509 pl’uria·

1399 2510 1508 2550 mum
1522 2507 1724 2552 desiderat
1741 2538 1750 2548 .
1769 2512 1912 2566 Quare
1929 2509 2060 2552 Nobis
2079 2510 2292 2555 humiliter
2314 2510 2402 2569 sup-

1397 2567 1541 2623 plicari
1556 2566 1653 2611 fecit
1667 2595 1681 2620 ,
1701 2576 1743 2611 ut
1759 2578 2032 2623 opportunam
2054 2569 2135 2614 sibi
2152 2569 2325 2627 desuper
2344 2570 2402 2613 li-

1395 2629 1574 2669 centiam
1599 2628 1827 2671 concedere
1841 2656 1858 2678 ,
1878 2627 1931 2669 de
1946 2628 2202 2684 benignitate
2221 2629 2405 2687 Αροίίο·Α

1394 2684 1472 2730 lica
1489 2686 1752 2743 dignaremur
1766 2716 1778 2728 .

1510 2751 1596 2789 Nos
1621 2747 1743 2802 igitur
1775 2747 1964 2791 eumdem
1993 2750 2277 2804 Exponentem
2303 2749 2393 2805 spe·

1393 2805 1561 2849 cialibus
1577 2806 1783 2848 favoribus
1798 2834 1813 2857 ,
1826 2807 1866 2848 &
1881 2807 2025 2862 gratiis
2040 2807 2228 2864 prosequi
2251 2810 2410 2853 volen-·

1394 2875 1484 2917 tes,
1512 2867 1550 2908 &
1574 2865 1819 2923 &quibusvis
1844 2868 2285 2912 excommunicationis
2315 2870 2396 2911 &c-

1396 2927 1540 2968 harum
1561 2925 1661 2968 serie
1672 2925 1956 2978 absolventes,
1979 2928 2020 2969 δε
2043 2926 2271 2971 absolutum
2301 2927 2393 2970 fore

1397 2984 1610 3028 censentes
1625 3014 1638 3036 ‚
1653 2983 1881 3039 hujusmodi
1897 2984 2257 3041 supplicationibus
2274 2987 2394 3031 inali-

1397 3043 1510 3094 mati,
1531 3045 1677 3086 Eidem
1691 3045 1877 3086 Ministro
1893 3046 2142 3090 Provinciali
2157 3076 2171 3099 ,
2202 3046 2312 3104 quod
2333 3048 2408 3102 ip-‘

1398 3103 1436 3145 se
1451 3103 1661 3158 praedic‘tos
1685 3103 1776 3146 situs
1800 3103 2008 3159 quibusvis
2030 3107 2226 3162 personis,
2248 3107 2395 3157 melio-

1398 3177 1482 3204 rem
1499 3163 1778 3206 conditionem
1791 3163 2054 3207 offerentibus
2074 3166 2220 3216 vendi,
2238 3166 2279 3206 &
2294 3168 2392 3208 alie-

1396 3234 1491 3265 nare
1508 3220 1642 3265 facere
1657 3252 1671 3274 ,
1684 3225 1724 3264 &
1737 3226 1916 3278 pretium
1933 3224 2026 3266 inde
2051 3223 2320 3280 redigendum
2347 3225 2391 3266 in

1395 3293 1497 3335 opus
1515 3278 1672 3328 fabricae
1688 3282 1862 3324 aliorum
1880 3295 2081 3326 novorum
2096 3286 2186 3326 Con
2196 3295 2390 3325 ventuum

1395 3341 1580 3382 converti
1607 3340 1759 3388 libere,
1788 3342 1827 3382 δι
1854 3340 1968 3383 licite
1982 3341 2099 3396 poffit
2123 3367 2137 3389 ,
2171 3344 2209 3383 δι
2241 3342 2391 3392 valeat,

1395 3397 1629 3451 Apostolica
1645 3399 1888 3442 auctoritate
1905 3410 2047 3442 tenore
2072 3398 2323 3455 praesentium
2340 3405 2392 3444 li-

1394 3458 1574 3499 centiam
1591 3458 1852 3500 concedimus
1869 3486 1882 3508 ,
1913 3460 1953 3500 &
1975 3459 2232 3514 impartimur
2246 3490 2256 3501 .
2290 3466 2388 3505 Non

1394 3516 1642 3558 obstantibus
1669 3515 1738 3558 fel.
1757 3530 1841 3557 rec.
1859 3516 1973 3560 Pauli
1996 3519 2048 3560 11.
2066 3545 2080 3566 ,
2107 3519 2146 3560 δι
2177 3520 2387 3564 aliorum„

1396 3578 1674 3618 Romanorum
1703 3574 1947 3618 Pontificum
1973 3577 2304 3631 praedecefforum
2321 3595 2390 3622 no.

1397 3634 1568 3677 strorum
1600 3635 1652 3679 de
1685 3635 1802 3677 rebus
1830 3637 2020 3679 Ecclesiae
2047 3651 2124 3681 non
2138 3638 2388 3688 alienandis,

1399 3693 1562 3748 aliisque
1578 3692 1943 3737 Constitutionibus
1959 3724 1971 3746 ‚
1997 3697 2037 3738 &
2049 3697 2387 3740 Ordinationibus

1399 3753 1667 3809 Apostolicis,
1682 3768 1727 3795 ac
1742 3753 1906 3796 Ordinis
1925 3785 1937 3808 ,
1959 3757 1999 3797 &
2020 3757 2240 3800 Provinciae
2258 3754 2390 3813 hujus-

1402 3812 1541 3863 modi,
1554 3814 1676 3855 etiam
1692 3813 1938 3870 juramento,
1955 3813 2264 3859 confirmatione
2279 3819 2390 3868 Apo-

1400 3871 1537 3914 stolica
1552 3899 1566 3923 ‚
1597 3873 1661 3917 vel
1677 3873 1820 3931 quavis
1843 3871 2035 3916 firmitate
2064 3874 2142 3917 alia
2157 3874 2355 3918 roboratis
2372 3897 2385 3920 ,

2255 3932 2330 3977 sta-
