2638 4088
1016 188 1647 279 Cataloniae.·
2108 203 2278 309 '307

310 336 543 402 ‘expetimus
571 370 588 394 ,
628 349 692 385 ut·
707 338 823 384 intra
849 331 975 402 buius
1009 336 1148 388 Urbis
1173 343 1367 384 terminos
1396 370 1412 393 ,
1450 335 1586 400 vestri
1608 349 1760 403 quoque
1787 330 1967 384 OrAEnis
1994 333 2341 406 ffilonasterium„

308 421 535 457 extruetur
550 441 565 456 .
598 406 829 475 Eapropter
858 404 1087 457 curabimus
1101 443 1119 466 ,
1147 422 1196 454 ut
1213 407 1373 455 Domus
1393 406 1572 473 quadam
1587 439 1603 462 ,
1632 411 1686 454 ὃ
1717 405 1896 474 Ecclefia
1931 401 1990 454 B.
2019 405 2249 459 ffiiatronae
2275 417 2342 463 di.

305 494 403 527 eata
415 513 433 537 ,
458 495 547 546 quae
561 483 706 544 juxta
739 476 880 528 Urbis
906 482 1078 536 menia,
1104 478 1164 527 ad
1172 477 1307 534 Iovis
1338 475 1510 525 Montis
1539 476 1697 525 radices
1715 475 1812 543 fita
1847 512 1865 535 ,
1900 480 2069 546 antiquo
2092 477 2340 530 Patronaeies

291 553 401 616 jure
429 549 490 598 ad
510 547 675 599 Urbem
691 547 889 615 spellat',
912 547 1041 598 vobis
1067 552 1112 596 in
1140 546 1439 596 habitationem
1461 546 1576 595 cedat
1605 565 1620 594 z
1653 566 1774 616 quam
1807 549 1900 596 cum
1939 550 2114 599 antebac
2146 547 2343 598 Barcino-

305 619 437 688 nenfis
464 617 643 672 Civitas
673 618 871 670 Patribus
887 616 1114 668 Societatis
1131 617 1244 685 Jefie
1260 616 1569 685 commendbffit
1594 654 1611 676 ,
1638 624 1673 666 ii
1698 618 1814 670 haud
1834 619 1993 685 pridem
2013 655 2030 678 ,
2062 620 2113 669 ob
2142 619 2252 668 alias
2281 639 2342 669 eo-

303 709 398 740 rum
426 689 648 741 societatis
677 691 862 748 Domos,
890 689 1038 758 quibus
1058 704 1148 738 tum
1171 693 1216 736 in
1248 687 1369 739 Urbe
1385 724 1401 747 ,
1430 704 1519 736 tum
1539 704 1664 736 exera
1685 688 1852 742 Urbem
1858 690 2069 756 fruuntur
2076 728 2094 751 ‚
2120 691 2250 741 eidem
2277 710 2343 740 re-

294 758 519 831 fignc‘irunt
549 798 563 812 .
595 759 653 812 ld
686 762 738 813 P.
765 761 819 811 V.
846 779 925 809 non
951 760 1111 828 obsi-uri
1140 758 1402 825 maniseflum
1429 760 1516 825 fiet
1549 777 1607 806 ex
1638 760 1842 809 ordinarii
1874 760 2052 810 Concilii
2070 798 2087 821 ,
2128 763 2241 832 quod
2264 763 2342 811 hac

299 832 351 881 de
382 834 502 900 causc'e
530 847 818 902 congregatum
831 831 931 899 ficit
945 866 963 890 ,
989 830 1206 890 Decret03
1229 830 1342 897 quod
1361 831 1438 878 hac
1469 829 1646 895 epiHola
1675 829 2097 898 vobisfignficamus
2129 870 2143 883 .
2173 834 2343 903 ,Quam-

301 900 437 951 obrem
467 901 518 952 P.
543 902 598 952 V.
626 903 777 951 obnixe
803 918 992 969 rogamus
1017 936 1034 959 ,
1072 916 1118 950 ut
1149 904 1326 950 animose
1364 904 1409 948 in
1446 902 1525 950 hoc
1552 916 1639 948 tam
1666 903 1782 965 pium
1805 899 1981 967 ficinus
2003 903 2185 972 fflrgat
2213 939 2231 963 ,
2260 922 2344 954 ma.

299 991 472 1041 numque
483 972 631 1039 fhnHo
659 976 774 1038 operi
801 974 1026 1021 admoveat
1053 991 1066 1019 :
1094 990 1149 1020 ex
1178 991 1258 1039 quo
1280 971 1435 1022 divino
1463 974 1616 1019 nomini
1643 971 1831 1019 bonorem
1862 1007 1878 1029 ,
1900 971 2016 1022 Urbi
2042 979 2310 1027 utilitatem..
2324 1011 2342 1034 ,

298 1060 617 1110 communemque
643 1039 830 1093 Civibus
854 1042 1048 1091 letitiam
1063 1042 1304 1109 accfftram
1318 1042 1534 1108 speramus
1547 1077 1561 1088 .
1594 1041 1688 1091 Huc
1719 1040 1770 1091 P.
1795 1041 1847 1091 V.
1881 1043 2043 1113 aliquos
2074 1065 2129 1095 ex
2147 1047 2242 1114 sitis
2277 1048 2342 1095 de·

297 1112 456 1162 {linare
481 1116 643 1179 poterit
657 1149 674 1172 ‚
700 1131 799 1182 quos
821 1113 1037 1170 meliores,
1064 1128 1186 1181 atque
1212 1114 1311 1162 huic
1344 1117 1505 1182 negotio
1529 1117 1709 1179 aptiores
1729 1113 1996 1177 judicaverit
2020 1152 2033 1165 .
2070 1116 2212 1185 Quod
2231 1120 2340 1166 enim

297 1184 358 1233 ad
378 1182 476 1233 Nos
496 1183 661 1251 spec‘lat
676 1219 692 1242 ,
720 1183 848 1232 nullis
880 1201 952 1231 nos
984 1183 1133 1251 officiis
1168 1184 1370 1233 deerimus
1385 1219 1401 1241 ,
1426 1181 1574 1252 quibus
1587 1184 1818 1250 susceptum
1844 1190 2047 1252 negotium
2068 1223 2086 1247 ,
2128 1207 2184 1237 ex
2211 1190 2342 1237 animi

284 1255 526 1321 patentia,
557 1254 649 1304 Deo
677 1253 775 1303 ben?
785 1259 986 1320 juvante
999 1289 1017 1314 ,
1041 1256 1281 1322 conficiatur
1295 1290 1309 1304 .
1338 1254 1484 1305 Valeat
1508 1254 1559 1306 P.
1588 1254 1642 1306 V.
1668 1255 1742 1305 diu
1771 1257 1988 1306 incolumis
2009 1293 2026 1318 ,
2056 1277 2178 1327 quam
2211 1257 2340 1309 ‘Deus

283 1325 367 1392 fica
391 1327 540 1396 gratia
569 1326 802 1393 confirmet·

434 1445 600 1495 Datum
626 1445 857 1498 Barcinone
874 1447 1007 1516 fixto
1037 1445 1142 1499 Idus
1165 1446 1287 1509 Iunii
1319 1466 1337 1497 ι
1352 1456 1471 1513 576.

438 1605 631 1654 Detexit
662 1621 719 1654 ex
762 1602 861 1674 ipso
888 1606 1151 1657 litterarum
1179 1605 1302 1670 stylo
1337 1606 1498 1656 leriam
1518 1605 1819 1676 Magistratfis
1845 1608 2060 1675 pietatem
2096 1608 2148 1656 P.
2173 1605 2341 1656 Hiero·

289 1689 466 1739 'nymus
484 1709 502 1732 ,
539 1675 646 1725 inde
680 1688 726 1725 et
759 1693 891 1726 mora
933 1694 1024 1727 non
1073 1678 1308 1746 interjee’ta
1347 1681 1424 1728 Fr.
1461 1679 1808 1748 Archangelum
1840 1677 2149 1731 Alarconium
2173 1709 2188 1732 ,
2211 1689 2341 1731 ‚tunc

290 1745 543 1794 Provinciae
588 1748 902 1811 Neapolitanae
946 1749 1214 1798 Alumnum
1241 1784 1258 1806 ,
1304 1746 1685 1798 Commiffarium
1728 1750 2004 1798 Generalem
2045 1745 2206 1814 selegit
2235 1778 2252 1801 ,
2292 1756 2341 1793 et

289 1815 487 1880 quinque
518 1816 665 1864 Sociis
690 1814 902 1882 stipatum
937 1819 1241 1866 Barcinonam
1272 1815 1505 1886 ablegavit
1522 1851 1534 1865 .
1563 1819 1766 1885 Recepit
1790 1818 1931 1866 Viros
1954 1817 2043 1865 Dei
2068 1817 2248 1866 Civitas
2268 1831 2343 1862 an-

290 1899 353 1932 no
383 1881 638 1933 millefimo
667 1884 1030 1954 quingentesimo
1055 1883 1388 1956 septuagesimo
1416 1886 1586 1935 ostavo
1625 1888 1671 1936 in
1708 1904 1822 1936 voce
1858 1886 2182 1942 exultationis,
2220 1888 2343 1933 Deo-

288 1970 379 2020 que
402 1952 463 2003 ob
490 1971 648 2004 eorum
687 1954 1010 2006 benedicebant
1033 1955 1274 2024 appulsum
1290 1993 1303 2007 .
1341 1958 1413 2008 Hi
1433 1954 1616 2007 verout
1643 1974 1757 2026 opus
1789 1975 1897 2006 cum
1923 1956 2152 2020 adjutorio
2173 1972 2227 2003 ex
2245 1956 2340 2004 alto

287 2023 583 2080 ordirentur,
619 2026 885 2073 Marianum
913 2028 1302 2077 Montis-Serrati
1336 2026 1658 2078 SanCtuarium
1699 2029 1943 2077 adiverunt
1973 2063 1989 2086 ,
2026 2025 2070 2075 se
2107 2026 2169 2075 ibi
2206 2026 2340 2074 clien-

288 2095 390 2142 telae
408 2094 613 2160 Deiparae
641 2091 972 2141 commiserunt
987 2128 1004 2151 ‚
1041 2094 1319 2159 reducesque
1338 2097 1642 2145 Barcinonam
1669 2098 1714 2145 in
1736 2101 1840 2146 loco
1870 2099 1920 2145 de
1946 2097 2094 2147 Satria
2111 2099 2336 2153 vocitato,

286 2160 430 2230 ipsam
448 2175 687 2231 paternam
707 2167 756 2213 S.
775 2162 962 2211 Eulaliae
981 2166 1221 2222 Domum,
1234 2163 1284 2211 in
1298 2162 1575 2211 Orator-ium
1585 2167 1680 2226 jam
1693 2163 1985 2220 conversam,
2000 2183 2084 2231 pro
2099 2164 2187 2213 fitis
2208 2169 2336 2214 Con-

285 2231 451 2282 ventt‘is
477 2230 758 2282 destinarunt
776 2268 788 2281 .
829 2234 938 2282 Fuit
963 2231 1014 2282 ὃ(
1046 2233 1107 2280 ibi
1142 2231 1231 2281 fine
1265 2249 1396 2280 mora
1431 2233 1476 2280 in
1499 2230 1681 2300 lignum
1705 2236 1842 2284 Crux
1866 2233 2044 2292 ercsta,
2074 2251 2171 2300 quae
2189 2232 2338 2283 adhuc

284 2302 333 2351 in
360 2300 627 2352 Monasterii
658 2300 853 2370 ingressu
883 2299 1134 2366 chrystallo
1158 2301 1278 2349 teila
1304 2301 1486 2348 videtur
1515 2319 1623 2350 cum
1654 2304 1736 2351 hac
1766 2301 2055 2369 inscriptione
2087 2318 2144 2344 =
2171 2306 2260 2353 boec
2286 2306 2341 2372 est

279 2375 422 2437 prima
452 2371 573 2420 Crux
601 2405 618 2428 ,
654 2389 775 2438 quam
798 2369 937 2418 noflra
965 2368 1167 2435 ‘Religio
1208 2372 1253 2417 in
1298 2367 1499 2434 Htspania
1536 2382 1614 2431 pro
1651 2372 1791 2435 gloria
1823 2369 1943 2434 Jesia
1969 2373 2199 2434 plantavit
2233 2391 2340 2422 anno

281 2440 497 2509 millefi'mo
524 2439 840 2509 quingente-fimo
867 2438 1162 2506 fiptuagfimo
1177 2437 1357 2505 septimo
1388 2451 1446 2478 =
1463 2473 1476 2486 .
1518 2437 1593 2487 Est
1621 2435 1670 2488 ὅ(
1710 2439 1797 2485 hoc
1829 2441 1877 2488 8.
1914 2440 2097 2488 Eulaliae
2131 2443 2337 2490 Domici·

284 2514 402 2563 lium
424 2547 441 2570 ,
482 2529 571 2560 non
603 2510 749 2560 solfim
775 2529 830 2560 ex
865 2509 1049 2560 solitarii
1083 2508 1191 2559 fitius
1222 2510 1431 2566 deliciis,
1467 2507 1517 2558 δι
1542 2525 1597 2556 ex
1626 2508 1826 2573 primatu
1851 2541 1869 2564 ‚
1905 2508 1985 2572 qui
2016 2509 2057 2556 ei
2089 2509 2206 2558 inter
2231 2527 2333 2560 om-

287 2600 364 2632 nes
398 2580 633 2650 Hispaniae
663 2586 839 2631 Domos
872 2583 1126 2649 competit,
1161 2578 1236 2628 sed
1264 2581 1405 2627 etiam
1426 2595 1485 2626 ex
1514 2575 1720 2626 thesauro
1753 2581 1835 2626 SS.
1856 2579 2171 2644 Reliquiarum
2203 2598 2336 2631 vene.

281 2651 478 2704 randum
513 2673 525 2701 :
565 2651 876 2702 monstrantur
902 2655 1024 2701 enim
1054 2655 1146 2714 ejus
1167 2652 1212 2698 in
1231 2647 1470 2708 Ecclesia,
1505 2662 1661 2716 praetet
1700 2652 1746 2699 S.
1771 2647 1954 2696 Eulaliae
1986 2650 2250 2713 Martyris,
2281 2651 2333 2702 ὅ(

282 2725 502 2775 Civitatis
534 2721 872 2772 Barcinonensis
904 2726 1108 2772 Patronae
1143 2721 1375 2787 Reliquias
1408 2754 1424 2777 ,
1459 2722 1697 2787 integrum
1739 2722 1786 2768 S.
1816 2719 2032 2786 Stephani
2067 2720 2330 2769 Protomar·

281 2795 397 2861 tyris
427 2793 739 2850 brachium,a
772 2793 983 2858 Philippo
1015 2788 1329 2840 1V.castellae
1352 2825 1368 2847 ,
1406 2787 1454 2840 ἃ
1485 2792 1622 2838 tertio
1653 2791 1898 2858 Aragoniae
1931 2792 2059 2857 Rege
2089 2787 2332 2849 donatum,

281 2861 332 2914 ὅ(
357 2864 402 2911 in
433 2862 730 2928 Presbyterio
763 2878 823 2909 ex
851 2875 977 2929 parte
1003 2862 1244 2930 Evangelii
1285 2862 1567 2909 collocatum
1610 2877 1718 2908 cum
1765 2856 2080 2926 inscriptione:
2119 2857 2331 2928 Magnus

282 2933 523 2999 ‘Philippus
560 2931 653 2983 IV.
685 2931 981 2996 Hispaniarum
1017 2931 1118 2981 Rex
1146 2932 1248 2981 dono
1278 2931 1392 2981 dedit
1431 2935 1477 2979 in
1516 2931 1715 2981 devotum
1742 2933 1861 2997 grati
1892 2933 2021 2977 animi
2041 2931 2192 2995 pignus
2224 2965 2241 2988 ,
2277 2930 2329 2978 ob

282 3003 510 3056 ‘viHcriam
561 3022 616 3052 ex
650 3004 796 3054 Gallis
835 3006 882 3051 in
917 3002 1053 3051 caflro
1088 3001 1363 3051 Fontisrabiae
1409 3001 1688 3066 interceffi'one
1716 3000 1859 3049 Beatoe
1885 2999 2062 3047 Eulaliae
2102 2998 2293 3067 Virginis
2309 3036 2327 3059 ,

283 3076 339 3124 <y
364 3073 585 3141 Martyris
611 3091 714 3123 anno
744 3083 807 3124 16
811 3077 893 3136 38.
923 3073 1127 3122 obtentam
1156 3093 1169 3122 z
1205 3072 1343 3123 Tibia
1370 3075 1419 3122 8.
1441 3072 1676 3122 Laurentii
1704 3069 1933 3134 Martyris
1969 3087 1980 3116 :
2015 3085 2120 3135 pars
2152 3068 2326 3120 brachii

285 3146 536 3196 &Theclae
568 3145 809 3213 Virginis,
845 3142 895 3196 &
925 3144 1155 3211 Martyris
1181 3164 1194 3193 z
1231 3160 1332 3211 pars
1362 3143 1535 3192 brachii
1578 3146 1626 3192 8.
1661 3139 1889 3190 Vincentii
1920 3139 2148 3205 Martyris
2177 3140 2206 3189 ὲ
2231 3145 2328 3191 Co-

283 3213 451 3266 mitissa
479 3215 535 3265 de
566 3219 729 3265 Monte
770 3219 881 3282 Rey
910 3250 927 3273 ,
962 3213 1012 3266 ὃ(
1043 3213 1279 3265 brachium
1308 3214 1541 3280 integrum
1573 3215 1620 3260 S.
1641 3211 1816 3276 Juliani
1847 3207 2190 3278 Archiepiscopi
2221 3213 2324 3262 To-

284 3287 421 3336 letani
454 3287 479 3337 έέ
512 3288 702 3351 Capella
723 3287 846 3355 regia
877 3285 1130 3335 extrac'him
1162 3286 1188 3335 ὲ
1216 3282 1503 3337 Sereniffimo
1527 3282 1733 3346 Principe
1749 3280 1928 3346 Joanne
1955 3278 2012 3328 ab
2030 3278 2220 3330 Austria
2245 3282 2326 3331 do-

240 3394 243 3396 -
286 3371 347 3406 no
376 3357 538 3407 datum
572 3356 664 3409 ἃς.
692 3359 918 3425 Reliquiae
936 3356 1214 3415 s.131andae,
1239 3359 1288 3407 S.
1307 3353 1479 3404 Donati
1510 3350 1771 3416 Martyris,
1802 3348 1851 3400 ὅ(
1881 3353 1929 3400 8.
1959 3350 2195 3401 Theodori
2228 3351 2321 3403 διε.

392 3429 504 3476 Non
535 3425 578 3476 se
608 3429 837 3478 continuit
854 3425 1254 3478 Barcinonenfium
1284 3425 1474 3475 devotio
1502 3424 1547 3471 in
1573 3424 1704 3470 unius
1732 3418 1912 3470 Domiis
1941 3417 2323 3480 strustura,duas

285 3497 396 3547 alias
412 3499 572 3563 ptimae
586 3496 1030 3560 adjunxit,videlicet
1051 3497 1209 3547 eodem
1222 3514 1341 3545 anno
1353 3490 1594 3543 millefimo
1610 3489 1971 3558 quingentesimo
1990 3489 2324 3562 septuagesimo

287 3567 454 3618 oftavo
480 3568 611 3616 illam
639 3568 817 3617 Montis
832 3570 1061 3620 Calvariae
1087 3580 1212 3615 extra
1239 3566 1455 3617 Civitatis
1481 3564 1670 3619 maenia,
1693 3559 1743 3611 ὅ(
1773 3562 1909 3611 aliam
1930 3562 1975 3610 in
1998 3563 2320 3629 monteJovis,

287 3656 385 3706 quae
412 3637 439 3686 ὲ
458 3638 725 3688 S.Matrona
742 3672 759 3695 ‚
792 3638 853 3687 ob
881 3642 976 3700 ejus
996 3636 1318 3704 Reliquias-ibi
1342 3638 1389 3685 in
1413 3631 1610 3683 Ecclefia
1619 3636 1751 3693 juxta
1768 3630 2032 3682 Bollandica
2046 3631 2320 3683 SanRorum

286 3709 386 3760 asta
402 3707 460 3758 ad
487 3707 958 3773 15.Martiis0l.mihi
974 3726 1090 3771 394.
1120 3703 1332 3773 repofitas
1363 3719 1529 3753 nomen
1557 3702 1706 3750 tenuit
1736 3737 1748 3750 .
1779 3706 1906 3753 Cum
1941 3714 2095 3749 autem
2126 3701 2318 3763 obsidio,

287 3798 384 3849 quae
400 3795 518 3829 anno
533 3773 775 3828 millefimo
795 3774 1192 3846 septingentesimo
1214 3776 1393 3826 decimo
1415 3785 1579 3901 ςυῗὶἶο
1594 3772 1846 3825 Civitatem
1869 3769 2037 3821 arstitis
2066 3770 2320 3835 strinxerat,

407 3850 559 3893 Tem-V.
1557 3856 1583 3899 q
1604 3856 1626 3884 2
2107 3849 2266 3884 utrum-
