2638 4088
404 199 452 282 3
472 207 513 251 2
523 199 577 270 0

344 319 352 324 “
403 317 485 361 rali
492 326 567 373 pro
583 307 1029 374 infirmationevreariss't
1044 307 1093 357 (ς’
1105 317 1192 351 voto
1206 337 1221 362 ,
1232 311 1340 366 quod

407 374 621 433 expreffl'am
637 376 746 418 dedit
758 400 772 422 ,
783 370 1022 426 utstqmtur
1036 379 1050 411 ε

343 512 349 523 .
395 478 745 539 Eminentiffimi
781 510 798 534 ,
823 493 876 524 ac
908 476 1292 529 Reverendiffimi

349 578 352 582 ⁴
730 547 950 598 Domini.

461 673 708 716 Procurator
720 666 936 711 Generalis
949 667 1182 724 Capueinus
1194 665 1342 724 ea,qu3

344 705 418 791 par
436 730 506 780 est,
524 726 864 784 promptitudine,
889 729 1078 771 EE-VV.
1090 726 1253 771 nutibus
1269 726 1341 769 ob-
1390 736 1395 740 ⁴

345 799 576 843 temperans
593 795 834 831 reverenter
847 784 978 840 dicit3
994 785 1120 843 quod,
1134 799 1227 829 cum
1243 799 1339 829 eon·

345 850 520 891 ditiones
539 871 554 894 ‚
575 843 644 886 sub
657 843 802 901 quibus
818 844 1062 901 Capitulum
1079 846 1120 887 δι
1134 846 1338 890 Canonici

346 904 534 951 Ecclefiae
545 902 806 948 Cathedralis
817 903 1007 948 Civitatis
1022 904 1224 948 Gerundae
1238 918 1339 946 con-

343 963 499 1008 sensum
528 962 708 1017 praestare
732 961 991 1007 contendunt
1015 977 1092 1018 pro
1118 961 1337 1006 reaedifica-

345 1027 460 1069 tione
488 1019 736 1065 conventus·
754 1020 1061 1078 Capucinorum
1086 1021 1126 1064 in
1155 1021 1339 1065 eadem.)

345 1083 479 1132 Urbe,
492 1079 718 1136 praeseferre
736 1080 949 1123 videantur
963 1079 1132 1136 aliquid,
1149 1082 1338 1136 Seraphi-

341 1158 395 1185 -co
411 1140 600 1184 Instituto
615 1139 784 1183 minime
801 1137 1120 1182 consentaneum
1131 1165 1147 1188 ‚
1175 1141 1337 1182 attentis

343 1197 538 1258 perpendi
552 1197 781 1242 debuerunt
795 1196 1051 1242 conditiones
1067 1197 1153 1254 ipsae
1168 1227 1182 1251 ,
1195 1200 1339 1254 exqui-

341 1260 474 1304 rendo
502 1257 664 1303 aliunde
699 1257 863 1301 notitias
888 1255 939 1299 ad
968 1258 1047 1299 hoc
1077 1255 1310 1300 necessarias
1324 1286 1337 1299 .

346 1318 508 1377 Qibus
521 1316 669 1359 habitis
688 1345 702 1368 ,
721 1330 766 1357 ac
786 1314 1028 1359 Definitorio
1043 1317 1240 1360 Generali
1267 1330 1339 1359 ex-

345 1375 483 1434 positis
497 1403 511 1427 ,
523 1375 615 1417 &in
629 1390 679 1419 eo
690 1374 844 1431 pariter
869 1376 1067 1429 perpensis
1079 1404 1094 1428 ‚
1117 1373 1338 1431 judicatu-m

347 1434 424 1477 fuit
441 1433 609 1490 praestari
633 1432 740 1490 posse
754 1430 985 1477 consensum
1007 1447 1056 1476 ex
1084 1442 1199 1490 parte
1225 1435 1339 1478 Reli·

346 1494 478 1551 gionis
514 1490 706 1551 ejusmodi
745 1492 1008 1548 propositioni
1036 1520 1052 1543 ,
1088 1494 1128 1535 in
1153 1492 1338 1536 terminis

346 1563 483 1595 tamen
499 1551 708 1606 explicatis
723 1552 763 1594 in
784 1564 939 1594 annexo
953 1549 1056 1592 folio
1070 1579 1084 1602 ‚
1101 1550 1120 1592 ἃ
1139 1559 1231 1594 toto
1256 1555 1338 1594 De-

343 1609 528 1653 finitorio
555 1609 798 1665 subscripto.
834 1608 962 1662 Quod
992 1617 1125 1653 totum
1153 1610 1340 1666 supremo

344 1670 434 1712 ER.
452 1667 545 1709 VV·
573 1665 728 1721 judicio
750 1665 904 1724 subjicit
929 1694 943 1717 ‚
970 1682 1016 1709 ac
1049 1668 1246 1724 supposita
1273 1685 1340 1712 ea-

342 1726 532 1770 rumdem
550 1725 637 1767 ΕΕ.
650 1728 742 1768 VV.
757 1725 1064 1768 clementiffima
1077 1728 1339 1781 approbatio-

343 1799 395 1829 ne
407 1814 422 1837 ,
438 1783 609 1840 gratiam
624 1781 869 1839 beneplaciti
886 1783 1125 1838 Apostolici-
1140 1795 1336 1839 reveren}

343 1854 408 1888 ter
427 1842 624 1901 implorat

616 1965 684 2006 Fr.
698 1963 838 2005 Petrus
854 1962 982 2006 Maria
1000 1966 1279 2016 Procurator}

689 2021 730 2062 δι
749 2021 1050 2066 commissarius
1077 2027 1235 2066 Gener.

1039 165 1248 252 Pro
1281 160 1480 270 vin
1510 160 1693 257 cib

1395 312 1506 355 tione
1521 308 1763 354 Conventus
1777 308 2050 359 Gerundenfis
2066 318 2220 364 solvere
2232 321 2387 366 debeat

1392 371 1802 414 administrationibus
1817 374 2078 416 cathedralis
2094 378 2277 422 Ecclefiae
2293 384 2381 425 Ge-

1394 429 1566 473 runden.
1579 431 1850 486 praestationes
1867 432 2019 487 aliquas
2034 435 2227 477 annuales
2236 442 2260 487 ,''
2275 442 2382 492 'qua-

1393 503 1488 532 rum
1501 502 1602 531 onus
1616 488 1861 533 translatum
1875 492 2036 533 videtur
2050 492 2385 548 adConventum3

1398 547 1532 605 licque
1555 547 1790 591 adversatur
1814 549 1951 593 nostrae
1966 549 2152 592 altiffimae
2169 554 2390 608 Paupertas·

1397 607 1430 649 ti
1443 633 1458 657 2
1474 607 1629 649 ratione
1643 607 1750 663 cujus
1764 609 1882 651 nullo
1906 623 2031 652 onere
2053 610 2100 652 δε-
2120 622 2272 655 canone
2287 619 2387 670 perd

1400 675 1525 722 petuo
1539 666 1712 721 obligari
1726 666 1931 722 possumus
1945 696 1958 709 .
2227 673 2262 698 ’“-
2358 678 2362 682 “

1515 724 1699 768 Secunda
1715 725 1796 776 est,
1828 727 1994 769 nimium
2008 728 2221 782 gravamen
2235 740 2284 771 'ex
2301 738 2395 786 pari*

1397 792 1442 826 te
1459 783 1758 826 canonicorum
1773 785 1916 839 nostris
1931 785 2146 843 Religiofis
2160 785 2389 843 impolitum

1400 857 1476 899 pro
1489 841 1728 886 Conventfis
1743 843 2056 889 reaedificatione
2080 873 2094 896 ,
2127 853 2218 887 c'um
2238 844 2395 902 absque=

1399 901 1567 945 illorum
1593 901 1785 946 consensu
1810 902 1911 946 nihil
1934 902 2122 958 fabricari
2148 903 2256 961 poffe
2287 917 2391 950 con-

1399 962 1594 1005 tendant.
2185 972 2187 975 ’
2360 988 2362 991 -
2388 969 2394 987 ’

1517 1021 1660 1076 Tertia
1674 1020 1730 1065 est
1741 1050 1756 1075 ,
1786 1023 1895 1078 quod
1919 1023 2052 1067 noster
2065 1021 2268 1079 Sy'ndicus
2280 1026 2391 1082 Apo⁴

1398 1081 1555 1124 stolicus
1575 1080 1613 1123 in
1630 1079 1722 1124 casu
1738 1080 1908 1137 alicujus
1936 1082 2257 1126 contrafastionis
2288 1098 2389 1127 con-

1397 1139 1597 1182 ditionum
1612 1140 1649 1182 se
1662 1139 1906 1196 obligaverit
1931 1154 2006 1198 pro
2019 1133 2256 1197 §uacunque
2282 1143 2389 1194 viee,

1399 1205 1453 1241 ex'
1464 1197 1579 1240 bonis
1596 1199 1770 1255 propriis
1784 1198 1942 1243 solvere
1969 1210 2132 1242 centum
2147 1195 2272 1242 libras
2288 1202 2389 1242 Bar-

1400 1258 1590 1300 cinonen.
1621 1258 1818 1311 Qamvis
1848 1260 1956 1302 enim
1978 1257 2198 1314 spontanee
2225 1285 2241 1308 ‚
2272 1257 2318 1300 δι’
2336 1254 2398 1301 ex'1

1402 1322 1517 1359 motu
1538 1315 1705 1372 proprio
1732 1315 1770 1358 se
1795 1317 2039 1372 obligaverit
2063 1347 2079 1369 ,
2110 1330 2195 1359 non
2222 1316 2398 1361 videtur*

1400 1385 1535 1418 tamen
1551 1373 1770 1432 expedire,
1801 1376 1913 1432 quod
1937 1389 1986 1418 ex
2014 1385 2126 1430 parte
2142 1375 2275 1418 nostra
2297 1382 2412 1432 per-²,

1399 1435 1583 1476 mittatur
1597 1463 1612 1486 ‚
1644 1442 1688 1478 ut
1701 1442 1859 1478 tantum
1871 1447 1974 1477 onus
1989 1433 2061 1477 ille
2073 1449 2164 1477 cum
2181 1437 2246 1479 sua
2256 1435 2393 1479 Fami-

1401 1494 1456 1536 lia
1472 1492 1679 1537 sustineat.
2037 1513 2040 1516 ·

1512 1551 1718 1596 Caeterum
1747 1580 1763 1603 ‚
1793 1552 2132 1596 Reverendiffimi
2153 1555 2295 1598 Patres
2318 1583 2333 1608 ,
2367 1551 2399 1595 fi·

1401 1609 1618 1656 eoncordia
1643 1610 1722 1666 ipsa
1737 1611 1870 1660 bene,
1901 1611 2136 1668 attenteque
2162 1612 2396 1656 confidere*

1402 1680 1498 1722 ται-ς
1528 1669 1632 1712 nihil
1648 1670 1729 1718 est,
1759 1668 1867 1725 quod
1883 1670 2024 1713 nostrae
2040 1668 2278 1712 adversetur
2296 1671 2398 1726 pau?-

1400 1729 1582 1781 pertati,
1612 1741 1688 1769 nec
1705 1727 1904 1782 estssullum
1917 1741 2135 1782 gravamen
2164 1743 2213 1770 ex
2238 1736 2394 1784 parte)

1398 1783 1560 1828 fabricae
1576 1814 1592 1837 ,
1621 1798 1700 1828 nec
1731 1799 1778 1827 ex
1807 1794 1921 1839 parte
1947 1783 2069 1827 nost‘ri
2090 1787 2259 1840 Syndici
2276 1788 2396 1842 Apo-

1399 1842 1560 1894 stolici,
1590 1843 1648 1885 uti
1676 1842 1873 1901 constabit
1899 1857 1950 1897 ex
1972 1843 2256 1901 praedie‘tarum
2283 1843 2395 1899 diffi,

1399 1901 1834 1947 cultatumsolutione.
2037 1905 2042 1909 ’
2260 1904 2265 1912 '
2301 1898 2341 1938 ⁸³-

1512 1961 1580 2006 Ad
1607 1962 1776 2018 primam
1802 1962 1924 2019 igitur
1953 1962 2079 2015 dico,⁷
2112 1962 2221 2021 quod
2243 1990 2259 2015 ‚
2291 1961 2392 2006 licet

1398 2023 1551 2064 Domus
1581 2022 1633 2064 de
1645 2020 1829 2063 Cartalla
1845 2047 1860 2068 2
1888 2029 2103 2078 antequam
2118 2022 2397 2075 venderetur,¹

1335 2101 1337 2107 ·
1398 2078 1491 2121 esset
1507 2079 1687 2131 obligata
1703 2078 1755 2119 ad
1765 2077 1825 2118 *sol
1833 2079 1983 2121 vendas
1997 2079 2158 2135 ‘aliquas
2180 2081 2400 2135 praestatio-

350 2141 529 2183 Neritias
542 2146 557 2188 ,'
580 2151 669 2192 quae
675 2146 752 2189 pro
763 2137 932 2177 clariore
944 2138 1204 2177 conditionum
1217 2135 1334 2176 lamt-

401 2211 451 2239 ηε
465 2196 640 2252 fuerunt
660 2193 860 2247 requisttae
885 2219 899 2242 ‚
940 2192 1121 2243 conclusit
1144 2193 1296 2250 folium
1322 2218 1337 2241 ,

354 2274 357 2276 ·
404 2250 652 2312 Diffim'torio
669 2249 855 2293 Generali
874 2249 1169 2306 itaporreffum
1181 2279 1194 2292 .

412 2355 794 2410 Reverendiffimi
815 2356 1150 2405 PP.Generalis
1168 2390 1185 2414 ,
1216 2354 1265 2409 ὃ(
1302 2328 1306 2332 ⁴

554 2422 832 2477 Definitores
845 2427 1098 2491 Generales
1108 2462 1122 2476 .

459 2549 525 2590 Fr.
548 2544 782 2602 Joachimus
795 2545 819 2589 a
834 2546 1072 2596 Bucinum,
1091 2546 1130 2587 S.
1148 2543 1333 2587 Thecla-⁷

342 2606 416 2664 giae
442 2620 517 2648 ex·
535 2607 682 2650 Lector
703 2631 718 2654 2
766 2606 806 2647 &
833 2607 1086 2650 Secretarius
1118 2603 1332 2649 Generalis

339 2665 540 2721 Hispanus
554 2663 603 2707 ei
616 2663 738 2707 animi
754 2663 1002 2708 submissione
1024 2694 1038 2716 ‚
1067 2678 1144 2721 qua
1161 2677 1232 2719 par
1248 2662 1329 2713 est,

340 2724 540 2783 proponit
556 2721 916 2766 Reverendiffimis
931 2727 1010 2768 PP.
1026 2723 1176 2767 Vestris
1187 2753 1202 2774 ,
1217 2721 1329 2780 quod

339 2784 543 2837 aliquibus
557 2780 705 2825 abhinc
722 2782 918 2826 menfibus
932 2797 981 2826 ex
997 2792 1111 2839 parte
1127 2782 1330 2838 Capituli,

334 2845 379 2886 δι
406 2843 714 2886 Canonicorum
737 2841 932 2885 Civitatis
957 2842 1232 2887 Gerundenfis
1251 2871 1265 2894 ,
1290 2842 1330 2883 ὅτ.

338 2902 562 2946 nostrorum
587 2903 753 2943 Parrum
775 2900 983 2945 Minorum
997 2902 1200 2958 Capucin.
1225 2903 1342 2946 Pro-2

338 2962 477 3003 vincia
506 2959 730 3004 Cataloniae
755 2956 1038 3013 praesentatum
1067 2958 1143 3002 fuit
1176 2961 1330 3003 Memo-

340 3018 444 3061 riale
460 3021 498 3061 S.
513 3017 840 3074 congregationi
855 3018 986 3074 Episc.
1003 3047 1017 3069 ,
1047 3020 1087 3060 &
1109 3020 1258 3073 Regul.
1286 3026 1333 3061 ut

337 3076 559 3120 eoncordia
582 3078 690 3120 inter
704 3080 843 3121 Partes
867 3075 1035 3121 stabilita
1060 3087 1136 3134 pro
1162 3076 1333 3120 reaedifi-

340 3136 509 3179 catione
523 3135 760 3181 Conventfis
777 3165 792 3188 ,
816 3137 1057 3181 aufiloritate
1069 3137 1102 3179 A
1108 3134 1332 3192 postolica-J‘

336 3193 655 3238 confirmaretur
670 3222 682 3234 .
713 3194 870 3238 Verum
885 3209 979 3239 cum
996 3193 1136 3238 eadem
1161 3194 1203 3236 S.
1215 3195 1333 3235 Con-

338 3255 526 3310 gregatio
542 3253 843 3311 supplicationis
856 3253 1042 3298 libellum
1057 3251 1332 3297 Reverendis-

337 3314 436 3356 simo
463 3316 507 3355 P.
527 3314 787 3357 Procuratori
813 3313 1008 3358 Generali
1036 3313 1235 3357 remiserit
1256 3325 1333 3366 pro

336 3371 631 3416 informatione
644 3373 685 3415 8ι
699 3379 796 3414 voto
809 3402 825 3424 ‚
841 3373 993 3430 placuit
1008 3373 1076 3428 ipfi
1091 3371 1144 3415 de
1156 3374 1232 3416 hoc
1247 3372 1328 3415 Re—

338 3430 667 3475 verendiffimum
692 3429 982 3476 Definitorium
996 3432 1202 3477 Generale
1225 3436 1328 3473 con«

339 3490 496 3543 sulere3
530 3489 641 3548 quod
656 3489 819 3545 quidem
834 3491 991 3535 distulit
1023 3491 1134 3534 suum
1149 3489 1329 3548 praebere

337 3549 756 3607 consenfi1m‚propter
765 3550 956 3605 quasdam
967 3549 1329 3606 difficultatesfluae

340 3609 388 3650 ad
404 3618 488 3651 tres
508 3611 716 3667 sequentes
732 3609 987 3654 reducuntur
1004 3625 1017 3654 ε

417 3684 420 3687 ·
451 3669 584 3710 Prima
598 3667 781 3725 est2quod
796 3668 948 3712 Domus
964 3669 1016 3714 de
1035 3668 1326 3724 Cartalla2quae

339 3735 412 3777 per
432 3726 602 3768 nostrum
622 3728 844 3783 syndicum
859 3730 1155 3784 Apostolicum‚
1171 3726 1220 3768 ad
1245 3728 1322 3768 hoc

341 3779 571 3835 specialiter
580 3785 769 3836 eleetum,
783 3797 919 3846 empta
935 3789 992 3832 est
1010 3802 1087 3846 pro
1099 3782 1320 3835 reaedifica-

1399 2148 1471 2176 nes
1498 2133 1690 2176 annuales
1719 2161 1734 2185 ‚
1765 2134 1785 2190 (
1811 2148 1897 2192 quae
1925 2145 2057 2191 tame-n
2085 2137 2198 2193 simul
2226 2137 2392 2194 sumptae

1398 2192 1486 2235 sunt
1501 2192 1612 2247 parvi
1628 2190 1853 2245 momenti,
1885 2207 1977 2237 nam
2006 2192 2082 2250 pro
2100 2195 2295 2238 omnibus
2315 2197 2392 2241 im

1397 2250 1575 2293 solidum
1588 2249 1906 2301 redimendis2ad
1921 2253 2119 2295 rationem
2143 2255 2263 2296 unius
2280 2253 2392 2298 librae

1397 2321 1475 2365 pro
1501 2304 1632 2349 solido
1663 2335 1678 2358 ‚
1711 2317 1757 2350 ut
1781 2309 1906 2350 moris
1924 2309 2023 2360 est',
2047 2311 2326 2367 requiruntur.
2348 2314 2389 2356 δι

1398 2364 1596 2409 sufficiunt
1622 2365 1660 2408 in
1684 2376 1843 2409 moneta
1862 2368 2045 2411 Romana
2063 2382 2134 2421 70.
2151 2370 2260 2412 scuta
2275 2400 2292 2422 ,
2321 2385 2393 2428 pa-

1393 2423 1484 2471 ru'm
1500 2424 1589 2481 plus
1602 2451 1617 2473 ‚
1653 2424 1832 2468 minusve
1849 2426 1869 2483 )
1888 2427 1947 2470 hae
1961 2436 2098 2470 autem
2123 2428 2205 2487 jam
2231 2442 2313 2472 non
2329 2426 2396 2476 1·ᾶῖ

1394 2493 1560 2529 manent
1593 2498 1757 2543 annexa}
1781 2484 1894 2529 dietae
1921 2487 2070 2535 Domui
2093 2513 2110 2539 ,
2141 2501 2248 2531 nunc
2274 2491 2392 2533 Con-

1393 2543 1559 2596 ventui,
1592 2557 1685 2587 nam
1715 2557 1764 2585 ex
1790 2545 1923 2600 pretio
1943 2544 2129 2596 Domus,
2157 2546 2272 2603 quod
2301 2546 2388 2605 ejus

1393 2604 1574 2658 Domino
1603 2601 1783 2646 solvetur
1821 2618 1893 2660 per
1917 2603 2141 2660 syndicum
2167 2604 2387 2653 nostrum

1392 2662 1670 2720 Apostolicum
1693 2689 1709 2712 2
1739 2663 1935 2706 Canonici
1960 2662 2253 2708 Gerundenses
2287 2659 2393 2708 reci-

1391 2725 1504 2780 pient
1531 2721 1806 2779 quantitat'em-
1828 2721 2053 2777 praedistam
2084 2749 2099 2773 ‚
2130 2721 2286 2767 scilicet
2314 2737 2387 2780 70.

1394 2782 1503 2825 scuta
1519 2810 1534 2833 .,
1565 2794 1740 2837 quorum
1762 2794 1858 2823 cura
1890 2781 1967 2823 erit
1987 2782 2056 2825 illa
2071 2781 2304 2838 applicare,
2321 2792 2386 2826 ·ut

1390 2840 1574 2884 modicas
1607 2838 1699 2882 illas
1724 2838 1990 2896 praestationes
2028 2839 2270 2885 frustificare
2302 2839 2389 2899 poss

1393 2900 1466 2943 fint
1485 2929 1496 2942 .
1528 2898 1581 2943 Et
1610 2900 1659 2942 fic
1681 2901 1868 2951 Domus,
1899 2901 1962 2943 seu
1979 2896 2220 2953 Conventus
2246 2913 2389 2944 mane-

1392 2959 1453 3002 bit
1481 2973 1557 3015 pro
1587 2957 1802 3014 Religiofis
1834 2957 1974 3001 nostris
1997 2959 2162 3002 omnino
2202 2959 2310 3003 liber
2338 2960 2390 3003 ab

1393 3019 1505 3060 omni
1531 3032 1656 3061 onere
1683 3019 1723 3060 &
1748 3031 1903 3060 canone
1927 3046 1940 3070 ,
1974 3031 2020 3060 ac
2038 3031 2108 3073 per
2133 3018 2383 3078 consequens

1394 3075 1493 3119 nihil
1511 3076 1590 3130 est,
1619 3076 1727 3134 quod
1755 3075 1895 3120 nostrae
1910 3076 2187 3121 contrarietur
2207 3082 2387 3135 pauper-

1395 3138 1496 3178 tati.

1507 3194 1574 3237 Ad
1592 3196 1804 3240 secundam
1832 3196 1941 3244 dico,
1953 3195 2061 3253 quod
2078 3195 2277 3238 Canonici
2293 3198 2382 3239 Ge-'

1391 3252 1606 3297 rundenses
1638 3257 1765 3300 solnm
1794 3255 2042 3306 intendant,
2073 3253 2175 3295 nibil
2193 3253 2382 3297 fabricari

1389 3310 1496 3370 posse
1513 3312 1782 3369 fineipsorum
1797 3312 1978 3362 licentia,
1995 3312 2035 3354 in
2062 3311 2243 3367 partibus
2267 3321 2384 3356 exte·

1387 3372 1584 3422 rioribus,
1601 3370 1909 3415 terminantibus
1934 3384 2028 3413 cum
2045 3371 2242 3416 Domibus
2275 3371 2384 3428 ipso-

1386 3445 1489 3481 rum,
1503 3430 1603 3473 nihil
1620 3432 1659 3472 in
1671 3430 1763 3474 'aliis
1777 3430 1958 3485 partibus
1975 3429 2248 3485 prohibend03
2259 3431 2384 3474 adeo·

1388 3504 1465 3548 que
1492 3489 1711 3533 restrictive
1737 3490 1777 3531 δι
1802 3488 2024 3531 τεὶεικαιὶνᾰ
2055 3489 2232 3545 intelligi
2257 3490 2381 3533 debet

1388 3548 1611 3604 prohibitio
1627 3546 2177 3604 fabricandi2scilicet2quoad
2196 3564 2300 3606 opus
2311 3561 2382 3591 ex-

1386 3610 1576 3660 terius‚&
1594 3609 1811 3651 terminans
1837 3621 1928 3648 cum
1946 3607 2143 3651 Domibus
2159 3608 2376 3667 Capituli.

1386 3669 1439 3710 Et
1456 3669 1556 3710 licet
1567 3667 1707 3723 aliqua:
1722 3666 1949 3709 concordiae
1964 3665 2151 3710 clausulae
2166 3668 2275 3711 circa
2291 3668 2371 3710 hoc

1384 3726 1504 3769 aliter
1521 3726 1695 3783 intelligi
1707 3725 1884 3784 possent,
1918 3726 1969 3768 D·
1986 3725 2117 3768 Villar
2131 3737 2265 3770 tamen
2282 3726 2387 3769 cv·

1382 3787 1547 3830 nonicus
1567 3785 1681 3831 dietae
1698 3783 1961 3832 cathedralis
1987 3785 2029 3827 in
2045 3785 2173 3827 Curia
2187 3787 2370 3884 Rogtana

2285 3857 2321 3886 e.
