2638 4088
376 217 535 302 352
1082 179 1625 272 'Provincia

313 330 425 380 dum
452 331 478 379 a
508 333 814 400 Pampelona,
856 329 1140 380 Michasslem
1177 328 1204 376 a
1238 327 1499 386 Torralba,
1534 324 1832 378 Celidonium
1868 329 1986 378 infra
2020 332 2353 400 repetendum-a

315 401 407 452 &a
445 403 584 452 Vidit
622 404 734 453 alios
767 400 952 468 publico
1001 400 1123 448 bono
1171 398 1305 448 datos
1334 433 1350 456 ,
1385 399 1502 460 vidit
1534 401 1610 447 Fr.
1636 399 1985 448 Emmanuelem
2017 401 2040 450 ὲ
2087 404 2359 471 Pampelona

315 472 471 523 eretstae
504 475 548 523 in
576 474 657 522 hac
686 473 890 520 civitate
920 469 1096 520 Domfis
1119 467 1449 520 Misericordiae
1472 482 1820 537 promotorem,
1851 470 2173 529 Dominicum,
2194 475 2360 540 pariter

315 542 344 589 ὲ
372 546 645 612 Pampelona
665 575 680 597 ,
701 537 889 587 surdum
907 574 924 598 ,
954 541 1082 590 Cleri
1109 546 1214 606 Jura
1245 542 1288 589 in
1315 542 1448 611 gravi
1483 542 1565 590 lite
1595 557 1703 588 cum
1735 541 1886 608 palma
1921 555 2351 609 propugnantem-u

319 611 443 662 vidit
471 616 584 661 inter
614 609 718 659 illos
748 607 1059 660 Miffionarios
1091 645 1108 669 ,
1152 614 1333 662 Fratres
1365 610 1579 661 videlicet
1604 609 1988 678 christophorum
2018 609 2076 659 ab
2107 612 2362 670 Aicona...

319 683 600 750 Stephanum
626 680 651 727 a
686 682 902 747 Lagaono
923 716 939 736 ,
966 677 1258 731 Franciscum
1287 684 1313 731 ἁ
1335 683 1379 730 la
1414 681 1570 732 Puente
1596 679 1688 731 ὅτε.
1713 683 1790 749 qui
1809 678 1945 730 meffe
1973 682 2226 739 Provineiae
2242 679 2363 732 haud

315 754 554 809 contenti,
591 751 699 801 Zeli
732 749 798 800 sui
826 747 1025 819 spartam
1049 750 1107 800 ad
1131 750 1287 803 Indias
1317 751 1643 802 Occidentales
1676 748 1951 819 portdrunt,
1985 751 2138 819 ibique
2176 751 2360 803 cursum

315 822 484 871 laboris
514 820 643 870 beata
673 835 823 871 morte
846 820 1233 872 consummdrunt
1266 858 1277 871 .
1314 822 1446 873 Vidit
1473 821 1521 872 ὅ(
1556 823 1697 870 Viros
1738 836 1865 879 extra
1893 824 2185 872 Provinciam
2213 839 2362 873 cunt.»

317 888 625 941 Commissarii
661 893 902 943 Generalis
941 893 1197 943 charastere
1228 891 1378 943 missos
1399 929 1415 951 ,
1444 895 1624 942 Fratres
1652 892 1867 941 videlicet
1890 894 2171 942 Micbaiilem
2190 893 2214 942 a
2245 896 2355 944 San·

312 961 388 1011 &0
422 962 672 1011 Dominico
701 960 757 1012 ad
798 963 1091 1013 Provinciam
1123 962 1352 1033 utriusque
1380 962 1589 1015 Castellae
1606 998 1623 1024 ,
1647 961 1696 1015 &
1721 963 2004 1032 Stephanum
2033 965 2059 1013 a
2085 959 2267 1014 Tafalla
2296 961 2354 1012 ad

315 1034 603 1083 Provinciam
634 1033 859 1082 Valentiae
891 1032 1156 1103 ablegatos.

456 1102 657 1153 Audivit
690 1103 740 1155 δ(
767 1105 825 1152 de
858 1104 1090 1155 Cathedra
1126 1107 1364 1174 Evangelii
1392 1109 1620 1156 Praecones
1656 1121 1772 1153 voce
1807 1104 1992 1154 virtutis
2025 1104 2206 1155 dotatos
2235 1125 2251 1165 3
2287 1123 2365 1155 au-

314 1173 428 1224 divit
459 1178 535 1224 Fr.
558 1173 793 1242 jacobum
822 1174 848 1224 a
881 1177 1102 1234 Corella,
1133 1178 1159 1226 a
1187 1178 1360 1226 Carolo
1394 1176 1524 1244 Rege
1558 1173 1768 1225 Altefato
1799 1176 1843 1223 in
1878 1174 2013 1225 suurn
2051 1177 2364 1226 Concionato-

313 1263 410 1294 rem
438 1243 653 1296 selet‘tum
672 1281 688 1304 ,
712 1245 737 1293 a
761 1257 865 1295 toto
895 1243 1016 1313 quafi
1043 1249 1207 1317 Regno
1233 1264 1316 1313 pro
1351 1248 1448 1313 pari
1479 1263 1667 1295 munere
1697 1244 1972 1314 quaefitum,
2007 1243 2056 1296 ἃ
2083 1245 2141 1296 ab
2171 1247 2365 1297 Archio-

313 1315 500 1385 piscopo
525 1313 929 1385 Caesaraugustano
957 1318 1073 1366 inter
1099 1321 1186 1366 alia
1211 1319 1272 1367 ita
1304 1318 1615 1367 encomiatum
1648 1335 1659 1364 :
1709 1315 1759 1365 Si
1791 1316 1944 1366 Paulus
1972 1324 2025 1366 ξεῖ
2052 1316 2218 1366 Corella
2231 1316 2374 1386 fimul

304 1389 579 1455 predicarent
602 1424 618 1447 ,
639 1387 817 1437 libenter
840 1387 1111 1457 relinquerem
1139 1389 1344 1438 Corellam
1366 1401 1539 1455 propter
1571 1386 1746 1436 Paulum
1763 1421 1780 1445 ,
1795 1388 1879 1456 sed
1902 1389 1958 1437 &⁰
1988 1388 2163 1438 Paulum
2187 1401 2362 1455 propter

313 1460 523 1509 Corellam
542 1495 555 1509 .
585 1458 784 1511 Audivit
809 1454 1048 1526 praefatum
1079 1459 1377 1509 celidonium
1410 1459 1436 1508 a
1464 1458 1719 1509 Calahorra
1742 1494 1758 1516 ,
1786 1460 1990 1528 primum
2018 1460 2149 1520 hujus
2173 1460 2367 1509 Provin-

314 1532 392 1581 ciaz
419 1529 720 1581 Definitorem
757 1530 1030 1580 Generalem
1051 1566 1065 1588 ,
1091 1530 1431 1582 Miffionarium
1459 1527 1780 1596 Apostolicum
1813 1527 1905 1580 ἃς.
1928 1546 2019 1578 non
2051 1526 2202 1580 solum
2222 1530 2268 1579 in
2287 1530 2368 1581 ei·

312 1601 530 1650 vitatibus
553 1601 912 1668 calaguritana,
942 1599 1163 1659 Tafallae,
1190 1600 1238 1653 ὅ(
1274 1601 1425 1651 Stellae
1445 1635 1460 1659 ,
1498 1598 1573 1650 sed
1602 1599 1741 1649 etiam
1772 1601 1820 1649 in
1846 1600 1986 1651 Villis
2005 1598 2063 1648 de
2093 1601 2252 1651 Falces
2272 1635 2288 1658 ,
2315 1617 2368 1650 ac

312 1673 471 1721 Pontis
502 1673 691 1737 Reginae
720 1706 736 1728 ,
769 1687 825 1718 eo
863 1672 1037 1737 Spiritu
1069 1675 1413 1722 concionantem
1449 1706 1464 1728 ,
1510 1684 1561 1720 ut
1589 1670 1724 1720 illum
1755 1671 2110 1720 Concionatoris
2145 1669 2369 1740 perpetu&

311 1742 449 1791 titulo
477 1738 743 1809 insignirent
768 1739 861 1798 ,ἃ
896 1745 1159 1810 Pampilona
1191 1761 1245 1791 ex
1275 1740 1422 1790 incisis
1454 1738 1595 1790 fronti
1625 1737 1836 1791 Ecclefiae
1868 1739 2136 1793 Cathedrali
2164 1745 2259 1804 ejus
2287 1758 2370 1790 no·

310 1813 436 1862 mine
463 1811 666 1879 palmam
694 1816 788 1875 ejus
812 1824 1073 1861 aeternaret.
1110 1814 1244 1881 Legit
1270 1815 1484 1861 Navarra
1511 1844 1528 1867 ,
1561 1807 1862 1876 manibusque
1888 1811 2042 1860 volvit
2081 1828 2221 1880 opera
2247 1810 2371 1861 haud

310 1882 514 1954 vulgaris
548 1879 816 1931 eruditionis
858 1881 915 1930 ad
941 1898 1241 1932 communem
1276 1879 1554 1948 Reipublicae
1591 1880 1846 1931 Litterariae
1875 1879 2125 1932 utilitatem
2151 1880 2179 1929 a
2208 1883 2378 1935 Fratri·

311 1954 395 2003 bus
427 1951 585 2002 nostris
620 1954 777 2002 relicta
798 1987 813 2008 ‚
843 1950 891 2003 ὅ(
919 1954 963 2000 in
1001 1952 1284 2005 Bibliotheca
1315 1951 1610 2020 Scriptorum
1638 1949 1834 2001 Ordinis
1848 1963 2061 2001 annotata
2079 1987 2097 2010 ,
2129 1951 2248 2001 inter
2275 1955 2374 2020 qua:

311 2025 428 2075 illud
456 2022 627 2092 praefati
662 2027 738 2073 Fr.
765 2023 935 2094 jacobi
962 2027 988 2074 a
1021 2024 1211 2076 Corella
1236 2024 1286 2071 de
1312 2020 1616 2072 Collatiom'bus
1646 2020 1873 2071 moralibus
1889 2021 1949 2072 ad
1961 2025 2124 2089 praxin
2143 2021 2368 2082 ordinatis,

309 2096 432 2164 quod
469 2095 862 2164 Encyclopediam
880 2097 1090 2146 omnium
1110 2094 1413 2147 scientiarum
1444 2091 1595 2142 noster
1622 2093 1948 2145 P-Torrecilla
1976 2095 2176 2163 appellat
2185 2092 2368 2152 ,decies

305 2173 400 2231 jam
426 2166 508 2218 sub
541 2170 682 2234 praelo
699 2167 845 2229 jacuit
862 2199 875 2213 .

453 2240 522 2285 Ex
550 2253 638 2300 qua
666 2232 917 2298 conspicuae
949 2228 1132 2278 virtutis
1162 2228 1383 2278 varietate
1415 2225 1618 2279 incensus
1652 2227 1715 2279 est
1748 2230 1794 2278 in
1828 2227 2100 2280 Nobilitatis
2133 2232 2295 2290 Viris,
2319 2229 2371 2284 ἃ

319 2305 444 2357 Filiis
461 2320 596 2355 amor
617 2336 632 2360 ,
667 2300 879 2371 negleffiio
902 2297 1096 2348 fortunae
1123 2297 1320 2366 superbae
1351 2300 1572 2347 ancillatu
1593 2299 1709 2346 inter
1727 2315 1806 2346 eos
1838 2303 2020 2348 Fratres
2054 2301 2371 2362 convivendi,

310 2392 508 2444 quorum
546 2371 706 2422 rudem
724 2405 741 2429 ,
771 2365 1161 2437 fragminibusque
1195 2380 1453 2431 reparatum
1468 2365 1700 2418 Habitum
1718 2369 1826 2417 vitae
1858 2385 2135 2436 morumque
2164 2369 2304 2420 decor
2323 2373 2376 2422 il·

310 2444 522 2496 lustraret
539 2477 552 2492 .
591 2439 820 2492 Convixit
844 2442 920 2488 Fr.
940 2434 1206 2487 Franciscus
1235 2438 1262 2486 ὲ
1288 2438 1598 2504 Pampelona,
1627 2439 1672 2487 in
1692 2439 1871 2489 Saeculo
1898 2442 2114 2490 Domnus
2129 2441 2374 2495 Tiburtius

311 2515 368 2566 de
399 2513 549 2566 Redin
566 2547 582 2570 ,
609 2528 666 2559 ex
694 2510 846 2579 Regio
868 2511 1088 2559 Navarrae
1116 2508 1375 2577 Sanguine,
1410 2526 1462 2557 ac
1484 2512 1585 2572 jure
1612 2508 1896 2560 haereditario
1927 2512 2101 2579 Regius
2129 2514 2373 2564 Montium

310 2584 477 2639 Custos
489 2621 503 2643 ,
522 2602 572 2635 ac
590 2579 808 2639 Picerna',
824 2584 972 2647 Eques
990 2579 1184 2631 Ordinis
1202 2577 1429 2650 §.Jacobi
1449 2614 1465 2638 ,
1483 2584 1592 2631 Dux
1610 2581 1851 2633 Generalis
1866 2581 2065 2639 Militiae,
2083 2582 2188 2633 Echi
2205 2585 2370 2634 Marti·

311 2651 563 2725 ni,Magni
599 2654 821 2720 Equitum
856 2652 1170 2703 Melitentium
1206 2648 1455 2722 Magistri,
1488 2654 1648 2703 Frater
1679 2648 1927 2702 secundum
1961 2670 2143 2703 carnem
2179 2655 2374 2705 Germa-

309 2746 391 2778 nus
419 2764 435 2787 ,
469 2732 641 2779 Comes
672 2723 730 2775 de
760 2721 1014 2773 Gindulain
1042 2758 1058 2780 ,
1094 2725 1213 2774 Baro
1239 2722 1297 2772 de
1330 2723 1558 2791 Vigueras
1583 2758 1599 2781 ,
1626 2723 1857 2775 Dominus
1886 2722 1944 2772 de
1979 2725 2132 2775 Satria
2156 2722 2248 2775 ἃς.
2290 2727 2373 2793 qui

308 2796 528 2849 defiderio
561 2797 750 2846 animas.
770 2793 978 2845 lucrandi
1010 2792 1069 2845 ad
1109 2792 1265 2845 Indias
1306 2792 1634 2845 occidentales
1686 2795 1950 2862 penetravit
1977 2829 1993 2854 ,
2027 2794 2177 2864 ibique
2209 2796 2373 2847 Laicus

308 2867 650 2920 Miffionarium
681 2865 809 2935 egit,
830 2863 879 2916 ὃ(
912 2866 955 2915 in
985 2882 1078 2933 quo
1103 2865 1249 2916 vitam
1282 2861 1535 2933 gloriosam
1565 2863 1776 2935 publicus
1806 2879 1948 2935 typus
1978 2863 2153 2926 refert,
2181 2863 2231 2917 ἃ
2250 2883 2374 2918 mor-

309 2956 402 2991 tem
439 2935 684 3009 pretiosam
702 2972 718 2995 ,
742 2935 918 2986 diutina
953 2936 1188 2987 cadaveris
1212 2936 1498 3004 incorruptio
1534 2934 1827 2988 commendat
1847 2973 1859 2987 .
1889 2938 2115 2989 Convixit
2147 2941 2374 2990 Fr.Fran-

308 3010 452 3060 ciscus
478 3009 534 3061 ab
573 3009 825 3062 Accoztia,
858 3025 910 3054 ex
944 3008 1094 3074 Stirpe
1131 3011 1320 3057 Ducum
1352 3009 1569 3059 Civitatis
1598 3008 1815 3080 Regalis,
1845 3008 2110 3078 Principum
2129 3007 2186 3059 de
2211 3006 2374 3077 Esqui*

309 3083 435 3132 lache
454 3117 469 3138 ,
503 3086 689 3131 Ducum
717 3081 933 3128 Granatae
949 3078 1006 3127 de
1023 3080 1120 3145 Lga
1135 3112 1151 3135 ,
1179 3077 1508 3129 Marchionum
1538 3077 1594 3129 de
1615 3081 1783 3130 Cortes
1804 3114 1821 3139 ,
1842 3081 2088 3131 Comitum
2104 3079 2163 3131 de
2177 3081 2374 3141 Xavier,

310 3153 695 3202 Vice-Comitum
724 3151 895 3201 Zoline
931 3147 1023 3201 &c.
1056 3146 1322 3198 Convixere
1346 3152 1419 3199 Fr.
1443 3152 1648 3220 joannes
1679 3148 1944 3202 Franciscus
1976 3151 2004 3202 a
2031 3155 2247 3203 Loci-uno
2277 3186 2295 3210 ‚
2315 3167 2370 3200 ex

312 3222 454 3272 nobili
485 3222 638 3272 Roxas
664 3223 888 3278 Familia,
917 3217 1025 3290 sago
1066 3232 1269 3290 togaque
1303 3236 1379 3286 per
1406 3223 1619 3289 Regnum
1646 3219 1846 3282 illustri,
1863 3225 1940 3272 Fr.
1960 3224 2090 3273 Felix
2113 3234 2181 3272 ex*
2201 3219 2371 3271 celebri

314 3294 509 3342 Familia
537 3292 692 3342 Bretus
710 3326 724 3349 ,
750 3296 824 3340 Fr.
850 3291 1050 3342 Didacus
1081 3308 1135 3340 ex
1169 3287 1376 3359 prosapia
1409 3292 1717 3342 Dominorum
1754 3292 1804 3342 de
1834 3292 2044 3360 Ezperum
2073 3326 2090 3352 ,
2119 3290 2236 3342 olim
2263 3295 2369 3342 Do-

313 3360 514 3411 nomafia
547 3363 637 3414 dcc.
672 3362 748 3431 qui
774 3362 887 3414 dum
910 3363 1142 3413 nobilitati
1168 3363 1346 3430 generis
1368 3361 1590 3412 virtutem
1625 3360 1847 3432 religiosae
1875 3361 2067 3414 astionis
2093 3365 2366 3426 junxerunt,

313 3430 485 3500 duplici
523 3434 695 3484 honore
727 3431 1057 3505 infigniverunt
1089 3435 1386 3486 Provinciam
1417 3448 1782 3485 commeantem·

729 3574 824 3626 ‘Per
853 3576 1095 3630 Conventus
1123 3575 1325 3627 Fratrum
1930 3592 2012 3628 xx.

742 3675 980 3746 Hospitium
1008 3681 1084 3752 stu
1119 3678 1430 3749 ‘Rflidentiam
1937 3700 1981 3733 1.

739 3773 804 3828 M
805 3781 1040 3847 onasterium
1059 3779 1322 3834 Monialium
1336 3817 1348 3832 .
1930 3795 1951 3830 1
1962 3815 1975 3831 ·

2171 3855 2287 3902 DE·
2343 3837 2345 3839 ’
