2638 4088
818 180 1114 268 Baeticae
1138 247 1161 278 ,
1193 175 1344 294 seu
1408 173 1841 295 Andalustae
1857 243 1875 261 .

334 319 495 375 scopum
523 318 803 363 Praenestinum
815 347 829 371 ‚
844 321 995 362 S.R.E.
1009 319 1326 370 Cardinalenu,

336 378 503 421 Ordinis
533 382 810 423 Protestorem
834 407 850 430 ,
876 380 997 434 quam
1024 378 1140 434 apud-
1157 382 1323 422 Sacram

335 439 711 494 Congregationem
740 438 912 493 negotiis
936 437 1199 491 Regularium
1226 451 1328 491 prae-

336 496 502 552 positam
518 525 532 546 ³
559 498 635 540 alia
661 512 741 540 non
770 496 945 552 superest
959 495 1009 537 ad
1027 494 1325 552 reparandam

295 592 297 594 .
335 570 477 612 pacem
497 557 586 607 via,
616 556 735 612 quam
750 567 792 597 ut
807 554 959 598 litteris
977 555 1116 596 nostris
1141 556 1179 596 in
1195 553 1325 596 forma

333 615 478 658 Brevis
507 615 611 658 datis
638 616 705 657 die
724 614 906 671 vigefima
923 627 1027 654 nona
1056 612 1198 655 mensis
1214 613 1323 667 Junii

338 687 448 717 anno
467 688 480 715 1
491 687 585 729 724.
600 674 834 717 obedientia
848 670 1056 715 deferatur
1073 701 1087 724 ,
1100 674 1141 714 δι
1153 686 1234 728 quae
1251 672 1325 715 itt-³

333 732 416 776 illis
436 734 710 777 mandavimus
722 762 736 785 ‚
751 734 916 779 omnino
929 733 1139 775 serventur
1153 761 1164 773 .
1192 734 1297 774 Nam
1310 759 1325 782 ,

334 792 448 845 quod
462 792 704 837 dissensionis
725 794 903 835 auctores
938 790 1092 834 temere
1119 789 1332 835 confidunt

335 849 424 893 fore
442 881 455 903 ‚
470 862 516 894 ut
533 852 661 896 turbae
674 862 815 893 omnes
829 849 1011 893 restituta
1026 850 1330 907 tranquillitate

332 908 554 960 sedentur,
572 912 596 953 fi
612 909 894 964 duoCapitula
922 909 1193 952 Provincialia
1223 922 1324 964 prae-

335 970 497 1025 poster&
521 981 666 1011 contra
688 967 743 1018 mi
759 967 953 1016 Ordinis,
973 969 1013 1009 δι
1042 969 1156 1026 hujus
1171 968 1323 1010 Sanctae

332 1027 454 1071 Sedis
483 1027 806 1070 Constitutiones
840 1026 1048 1069 celebrata
1087 1026 1324 1070 confirmen-

331 1095 431 1135 tur,
455 1099 563 1129 nova
593 1086 726 1142 potius
756 1083 859 1127 mala
887 1085 1066 1138 sereret,
1087 1086 1211 1141 quam
1246 1085 1322 1126 dis-

329 1143 526 1188 seminata
560 1144 847 1193 convelleret,
875 1146 917 1186 &
941 1143 1105 1201 peffimo
1136 1143 1323 1199 exemplo

334 1207 538 1248 bonorum
560 1205 717 1248 animos
732 1203 958 1260 dejiceret,
985 1202 1193 1248 fervorem
1220 1205 1322 1246 vero

332 1264 649 1308 detrectantium
664 1263 818 1311 aleret,
832 1275 878 1305 ac
899 1261 1061 1307 foveret
1080 1293 1092 1306 .
1117 1265 1180 1304 Da
1195 1263 1319 1317 igitur

328 1336 497 1379 operam
515 1324 644 1365 Tuam
662 1322 816 1366 virtute
828 1321 1057 1378 dignam&
1071 1324 1184 1366 Beati
1199 1325 1320 1366 Fran-

326 1382 434 1427 cisci‘
449 1380 623 1425 Familiae
646 1380 905 1426 neceffariam
928 1412 944 1436 ,
968 1393 1016 1426 ut
1041 1381 1317 1441 perturbatio-

327 1455 400 1485 nes
415 1469 429 1493 ,
444 1455 490 1483 ac
503 1438 656 1483 diffidia
670 1441 749 1485 rite
761 1456 836 1499 per
850 1442 1030 1486 debitam
1043 1471 1058 1495 ‚
1088 1457 1134 1485 ac
1145 1440 1317 1497 religio-
1359 1483 1361 1485 ,

326 1498 410 1542 sam
425 1499 700 1543 obedientiam
726 1510 1030 1545 removeantur.
1057 1501 1233 1546 Praefidii
1247 1513 1315 1543 au-

326 1567 412 1601 tem
433 1559 493 1602 tui
522 1558 818 1612 neceffiratem,
845 1572 888 1604 ut
903 1560 1058 1618 plenius
1082 1561 1314 1616 intelligas,

329 1620 393 1660 Te
408 1647 424 1668 ,
440 1617 676 1663 Chariffime
690 1620 732 1662 in
747 1621 909 1663 Christo
926 1621 1003 1664 Fili
1018 1620 1148 1663 noster
1163 1647 1177 1669 a
1193 1620 1316 1662 vehe-

327 1688 487 1722 menter
500 1676 746 1725 obtestamur
763 1687 832 1733 ,ut
847 1680 1002 1742 infigni,
1023 1678 1097 1740 qua
1110 1679 1230 1732 soles,
1245 1678 1317 1730 be<-⁴

2143 191 2293 298 3⁴82

1387 317 1584 374 nignitate
1598 318 1790 361 dilectum
1804 320 1952 362 Filium
1978 323 2227 369 franciscum
2242 328 2370 371 Gien-

1385 376 1542 421 nensem
1555 377 1733 434 ejusdem
1751 378 1918 422 Ordinis
1931 379 2073 422 audire
2097 398 2147 426 ne
2160 387 2335 439 graveris
2350 412 2365 434 ,

1387 440 1411 482 ὲ
1425 450 1507 491 quo
1524 449 1657 480 rerum
1675 437 1874 494 gestarum
1888 437 2031 480 seriem
2048 467 2062 489 ‚
2086 454 2134 481 ne
2162 444 2257 496 quid
2279 444 2365 486 for-

1386 494 1481 539 tasse
1496 494 1517 536 a
1537 507 1634 538 vero
1649 497 1826 540 alienum
1840 496 2147 554 MajestatiTuae
2160 501 2209 540 ab
2222 503 2365 543 adver-

1384 556 1433 596 fis
1449 553 1628 610 partibus
1642 555 1861 599 infirmetur
1877 585 1892 608 ,
1905 554 2083 600 fideliter
2097 559 2363 600 enarrandam
2379 585 2382 589 -

1383 611 1559 668 accipies
1575 644 1585 653 .
1600 614 1724 657 Illum
1742 617 1844 658 vero
1860 617 2079 659 virtutibus
2094 642 2108 664 a
2121 616 2162 657 δι
2174 614 2366 671 regularis

1387 669 1650 716 observantiae
1664 673 1791 718 studio
1807 675 1937 717 Nobis
1956 676 2105 718 merito
2133 684 2343 730 acceptum
2356 696 2371 718 ι

1390 730 1588 787 Majestati
1618 734 1713 773 Tuae
1739 747 1985 789 magnopere
2012 733 2341 778 commendamus
2356 757 2371 778 ,

1394 801 1440 832 ut
1458 789 1592 843 Regio
1606 792 1837 844 patrocinio
1850 804 1976 844 tutus,
1991 794 2098 838 bono
2112 793 2246 838 animo
2272 802 2372 845 ope·

1391 863 1476 891 ram
1495 846 1568 890 suae
1584 850 1805 893 Provinciae
1819 851 2026 895 {alutarem
2043 851 2251 908 impendat
2266 880 2278 891 .
2308 851 2371 891 Ac

1384 907 1585 964 Majestati
1609 910 1704 950 Tuae
1717 910 1987 965 Apostolicam
2010 912 2370 954 Benedistionem,

1381 965 1644 1009 amantissime
1658 967 1912 1023 impertimur
1926 998 1939 1010 .

1506 1028 1656 1067 Datum
1685 1029 1824 1070 Romae
1851 1027 1956 1084 apud
1984 1031 2162 1072 Sane-tam
2199 1026 2368 1070 Mariam

1383 1083 1585 1138 Maiorem
1604 1086 1673 1128 sub
1699 1087 1864 1130 Annulo
1892 1086 2107 1130 Piscatoris
2131 1087 2197 1128 die
2228 1102 2260 1129 ι.
2286 1088 2372 1128 Au-

1386 1143 1490 1245 gul'i‘i¹
1514 1158 1748 1190 Moccxxv.
1775 1145 2040 1192 Pontificatfis
2054 1146 2175 1192 nostri
2193 1159 2296 1189 anno
2311 1145 2371 1186 se-

1384 1217 1460 1247 cun
1493 1218 1520 1244 o
1532 1230 1544 1242 .

1725 1323 2068 1379 Archiepiscopus
2090 1321 2312 1366 Emiffenus

1841 1383 2078 1427 aSecxetis.
2249 1421 2252 1423 .
2329 1422 2332 1423 γ

1435 1503 1684 1558 Autograph.
1713 1504 1756 1545 in
1779 1500 1950 1546 Archivo
1964 1504 2108 1543 ‚Secu-t.
2136 1489 2369 1542 Breviumss..

1491 1562 1539 1603 ad
1567 1562 1771 1616 Principes
1787 1561 1943 1620 Regcsto
1958 1559 2077 1620 meris}
2088 1560 2142 1614 ὼ
2154 1561 2250 1603 anni
2259 1567 2369 1614 prce·

1493 1619 1705 1681 ds‘ffl.jbl.6
1711 1636 1751 1676 3·

431 3850 532 3892 Tom.
542 3847 582 3891 V.
612 3815 616 3819 ⁴

1507 3852 1536 3892 B
1550 3851 1574 3891 b
1590 3852 1614 3892 b
1645 3864 1666 3891 2
2073 3851 2280 3903 APPEN.
