2592 4094
455 231 616 312 268
1172 212 1702 295 Provincia

393 377 593 413 termnum
619 369 768 420 Vestram
786 364 975 405 Admodum
998 356 1262 414 Reverendam,
1287 356 1328 392 de
1354 355 1453 404 cujus
1476 354 1663 412 prudentia
1689 378 1703 397 ,
1728 354 1771 396 ὠ·
1796 353 1951 401 regulari
1978 354 2195 411 observantia
2219 381 2233 400 ,
2254 358 2347 404 zelo,
2373 360 2416 401 ὠ·

787 419 824 450 in
850 411 992 448 Domino
1019 400 1215 454 confidimus
1238 430 1252 451 ,
1277 415 1445 454 quamque
1468 404 1510 443 de
1538 403 1591 439 his
1618 427 1631 447 ,
1656 414 1730 450 quae
1752 411 1815 451 pro
1841 403 1925 440 bono
1951 402 2137 439 concordia
2163 426 2176 447 ‚
2198 406 2241 446 &-
2261 407 2416 456 regulari

391 472 608 521 observantia
624 468 844 516 praefatarum
869 455 1140 494 Provinciarum
1152 452 1238 502 fieri
1258 450 1406 505 possunt,
1427 450 1606 500 pleniffimi
1631 449 1691 503 effe
1717 451 1936 499 informatam
1964 473 1976 491 2
2007 461 2068 487 nec
2090 462 2165 486 non
2183 456 2296 491 omnia
2314 455 2417 504 juxta

412 520 539 558 radim
566 517 669 562 Regis
699 505 968 558 Christianiffimi
995 503 1243 551 beneplacitum
1267 500 1460 556 cffifiiuram
1485 500 1549 552 effe
1566 501 1658 549 satis
1687 501 1845 537 novimus
1866 524 1878 541 ‚
1915 499 1954 535 in
1977 495 2248 548 Commiffarium
2271 502 2415 586 myli-rum

388 531 594 620 instituimus
606 588 620 607 ‚
645 563 687 603 ό·
712 560 846 595 virtute
855 552 1074 602 prasentiam
1098 551 1290 602 institutam
1312 563 1329 587 e
1354 563 1371 586 e
1392 549 1631 589 declaramus:
1650 550 1720 588 Cui
1745 560 1871 586 omnem
1889 545 2062 597 potestatis
2083 547 2278 598 nostra-am
2312 552 2419 588 imai.

389 630 463 656 nem
487 612 689 651 concedimus
710 607 872 655 praefiztas
897 600 1116 638 Provincias
1141 601 1213 641 &a
1228 625 1240 642 ,
1260 601 1302 642 ὼ·
1362 597 1743 647 valloniae-Insulensem
1757 623 1768 641 ‚
1794 609 1854 633 nec
1876 608 1944 634 non
1960 594 2149 646 Custodiam
2170 593 2256 632 Fla„
2283 599 2342 635 73ae
2367 600 2420 636 vg

390 665 511 713 fitandi
545 661 578 711 si
598 661 649 696 ita
674 664 753 705 opus
777 651 837 704 effe
864 649 1114 703 judicaverim
1139 649 1405 698 ‘Diffi'nitorium
1427 649 1466 684 in
1494 659 1700 694 unaquaque
1733 670 1746 690 ‚
1787 656 1892 693 atque
1918 645 2022 682 etiam
2046 643 2244 692 Capitulum
2268 647 2421 686 Provin-

394 714 477 750 cfale
518 687 540 745 ἰ
553 732 566 751 ,
590 706 674 750 ubi,
705 703 748 745 ὼ·
772 700 907 750 quando
931 696 1128 745 benevisum
1143 697 1274 747 fuerit,
1287 697 1521 746 congregandi
1537 721 1548 737 ‚
1573 695 1774 733 Conventus
1808 692 2021 745 distrahendi
2046 714 2060 733 ‚
2087 693 2130 735 ὠ·
2153 694 2322 732 animast
2350 696 2422 733 Cu-

378 738 500 811 stodem
524 757 565 798 ὼ·
594 749 859 800 Commiffarium
887 745 1113 795 confirmandi
1143 770 1155 789 ,
1181 746 1225 788 ὠ·
1255 745 1457 796 instituendi
1483 769 1496 789 ‚
1534 752 1598 782 aut
1625 742 1834 781 annullandi
1862 766 1875 786 ‚
1897 742 1940 783 ὼ·
1967 739 2173 791 destituendi
2198 754 2209 779 ς
2247 741 2420 796 Proceffus

933 796 1058 832 ovitios
1094 794 1282 844 recipiendi
1300 819 1312 838 ,
1337 796 1376 831 in
1404 795 1542 830 virtute
1569 790 1702 828 Sanfiae
1727 790 1946 828 Obedientiae
1969 789 2193 840 pracipiendi
2214 815 2227 834 ,
2251 795 2354 830 etiam
2368 817 2381 836 ‚
2391 793 2424 841 fi

380 807 555 857 faciendi,
582 803 625 845 (θ’
651 799 862 850 dffinfendin
887 793 936 837 N
1129 843 1136 850 .
1353 843 1361 852 .
1680 841 1689 849 ·
1878 841 1887 849 ·
2126 839 2134 848 ·

387 859 437 891 ita
460 864 538 903 opus
554 851 696 900 fuerit,
717 847 847 896 aliquos
866 846 974 895 supra
1000 852 1232 880 executionem
1250 841 1486 890 praedsfiiorum
1508 839 1688 888 delegandi
1702 865 1717 884 ,
1735 840 1778 882 ὁ·
1805 839 1953 888 demque
1978 850 2018 875 ea
2043 849 2156 875 omma
2173 838 2245 888 five
2258 839 2419 898 eupreffa,

378 905 449 953 Jive
475 914 540 938 non
562 897 708 949 expreffa
729 895 942 944 peragendi,
964 901 1036 948 qucf
1056 888 1140 928 'Nos
1165 890 1224 939 ipsi
1231 899 1410 948 ‘peragere
1421 887 1617 948 ‘poffemus3
1635 888 1668 937 fi
1683 883 2066 946 praefhntes'adeſjemus
2091 911 2101 922 .
2140 886 2358 947 Injungtmus
2379 891 2419 925 in

387 953 522 987 virtute
545 947 674 988 Sanfiae
698 944 913 982 Obedientiae
942 939 1094 977 omnibus
1119 937 1303 978 Fratribus
1325 937 1446 989 nostris
1462 936 1744 987 supradsfiiarum
1767 936 2066 980 Prvvmcmrum,
2091 934 2134 976 ὠ·
2162 934 2352 986 Custodia,
2379 947 2421 976 ut

389 998 469 1035 Tibi
492 1000 530 1034 in
554 996 730 1034 omnibus,
763 1001 836 1029 tcut
860 991 903 1033 ὠ·
933 987 1047 1029 Nobis
1069 994 1240 1034 pareant.
1921 1032 1931 1040 .
2004 1033 2014 1042 ⁸

483 1047 626 1084 vatum
645 1045 685 1081 in
755 1040 836 1092 ostro
859 1039 1045 1079 Conventa
1070 1034 1299 1075 Immaculata
1331 1034 1571 1086 Conceptiom‘s
1605 1033 1646 1074 de
1673 1033 1766 1071 vrbe
1795 1031 1858 1070 hac
1893 1031 1949 1069 dte
1973 1031 2127 1082 vigesima
2139 1033 2241 1083 sexta
2267 1033 2418 1086 menfis

387 1095 496 1146 ‘Junii
524 1097 622 1142 1685-

395 426 554 472 aequitate
581 420 764 471 plurimum

479 1241 637 1280 Felicites
665 1238 812 1289 spartam
836 1237 875 1275 P.
903 1232 1159 1272 Commiffarius
1184 1231 1332 1271 absolvit
1347 1256 1361 1277 ,
1385 1231 1507 1276 edito,
1531 1231 1629 1281 quod
1653 1228 1807 1279 sequitur
1822 1252 1835 1274 ,
1859 1227 2108 1266 instrumento:

385 1391 440 1436 In
456 1388 656 1436 Nomine
677 1384 984 1440 Sanfflffirnae,
1011 1381 1060 1434 ὃ(
1080 1380 1332 1432 Individuae
1349 1378 1608 1436 TrinitatiS,
1627 1378 1771 1431 Patris
1786 1413 1802 1436 ,
1818 1379 1952 1435 Filii,
1968 1374 2016 1426 δε
2031 1373 2224 1446 Spiritfis
2242 1375 2416 1438 Sanffl,

740 1446 1078 1507 Gloriofiffimae
1113 1454 1319 1520 Virginis
1354 1448 1514 1500 Mar'iae
1544 1485 1560 1509 ‚
1595 1467 1677 1499 nec
1704 1465 1793 1498 non
1824 1446 2058 1516 seraphici

1051 1528 1101 1576 P.
1117 1527 1182 1574 N.
1203 1527 1250 1573 S.
1272 1519 1499 1571 Francisci
1520 1557 1535 1573 .
1566 1525 1720 1571 Amen
1738 1554 1752 1569 .

479 1682 558 1721 No:
584 1679 642 1716 Fr.
666 1682 864 1719 Ludovicus
893 1679 935 1718 de
967 1678 1072 1728 Tully
1097 1680 1188 1718 Ord.
1205 1677 1269 1718 FF.
1295 1677 1419 1718 min.
1448 1678 1704 1727 Capucinorum
1725 1676 1919 1727 ‘Diffinitor
1946 1673 2134 1718 Generalis
2158 1696 2172 1719 ,
2198 1673 2242 1716 &¹
2263 1673 2303 1710 in
2322 1672 2413 1712 Pro·

377 1731 497 1767 vincia
535 1727 903 1778 Vvallonia-Insulenst
924 1753 937 1772 ‚
975 1742 1015 1764 ac
1041 1729 1199 1776 Custodia
1233 1725 1540 1772 Flandro-Belgica
1568 1724 1823 1776 Commiffarius
1844 1721 2029 1763 Generalis
2061 1725 2198 1762 virtute
2211 1721 2413 1771 supradiffae

375 1779 612 1826 commissionis
625 1775 754 1821 septem
781 1778 979 1813 Conventus
999 1774 1324 1820 Flandro-‘Belgicos
1350 1796 1363 1814 ,
1401 1773 1563 1808 videlicet
1588 1773 1755 1820 Iprensem
1786 1796 1799 1813 2
1826 1771 2109 1808 ‘Dunkercanum
2130 1794 2145 1816 ,
2178 1769 2383 1820 Furnensem
2399 1796 2414 1816 ‚

373 1827 595 1872 Beryenr‘em.
630 1823 900 1870 Burburganum
917 1848 927 1863 ‚
951 1821 1214 1865 ‘Belliolanum‚
1241 1822 1284 1861 (9·
1306 1820 1567 1866 Menenensem‚
1596 1821 1760 1868 quisunt
1781 1819 1925 1855 ditionis
1954 1817 2098 1855 Gallicae
2122 1843 2136 1861 ‚
2173 1818 2196 1854 ἃ
2220 1817 2414 1855 Provincia

376 1853 692 1918 flandris-‘Belgica
723 1872 879 1908 Dominii
907 1871 1094 1918 Hispanici
1107 1870 1325 1918 sejungimus
1342 1891 1356 1911 ‚
1381 1875 1485 1913 atque
1510 1879 1587 1904 cum
1614 1868 1746 1905 caeteris
1767 1866 1882 1914 Belgii
1916 1866 2156 1903 Con-ventibus
2179 1888 2194 1911 ‚
2220 1865 2411 1912 nimirum,

372 1922 552 1972 Insulenfi,
588 1921 811 1969 Tornacensi,
843 1919 1024 1968 ‘Duaccnsi
1039 1945 1050 1959 ‚
1081 1916 1334 1966 Cameracenst,
1360 1914 1655 1965 firmentarienst
1666 1941 1679 1958 ‚
1706 1913 1952 1956 merwillone
1967 1939 1982 1960 ,
2008 1912 2248 1963 Orchiacenfi,
2272 1911 2410 1952 eludo-

372 1973 535 2020 mareufi‚
562 1969 740 2011 ‹Arieaem
765 1968 970 2016 Condatenst
983 1993 993 2008 ‚
1017 1965 1276 2017 Valencenensi,
1301 1967 1344 2008 ὠ·
1359 1964 1586 2013 Malbodienfi
1597 1988 1609 2007 ‚
1634 1965 1794 2012 quisunt
1813 1963 1968 2012 praefatae
1992 1961 2139 1999 ditionis
2155 1961 2314 2006 Gallica,
2333 1972 2409 2000 con·

368 2019 576 2104 {55352'25-22
596 2017 872 2104 ''Sea'‘irs‘sxa'issi
891 2018 1054 2102 1‘3'2'51'1231’1‘5'
1066 2017 1182 2109 533⁵?
1203 2013 1867 2108 132303‘22‘55522055353532
1895 2013 2083 2109 3:353?
2099 2009 2230 2097 ἐῖἕέῗηῗ,
2253 2009 2408 2097 ἵέἓέῒ

1159 2088 1192 2104 ¹,

368 2115 660 2199 Aprllg'sum6g‘iib
684 2160 723 2194 in
743 2157 804 2194 illa
827 2159 954 2196 unione
977 2157 1225 2206 Religiosorum
1242 2181 1253 2200 ,
1275 2155 1319 2198 ὠ·
1348 2156 1592 2194 Conventuum
1612 2155 1870 2205 constitutorum
1898 2157 1939 2193 in
1959 2157 2090 2201 terris,
2115 2155 2156 2191 in
2181 2155 2307 2203 quibus
2327 2169 2401 2196 ma-

372 2211 467 2247 xima
495 2209 578 2258 inest
600 2209 799 2245 idiomatum
811 2207 987 2258 diversitas
1002 2205 1192 2254 ‚praecipui
1211 2205 1396 2241 intendere
1423 2229 1436 2248 ‚
1462 2206 1505 2248 ὼ·
1535 2204 1722 2253 providere
1747 2205 1928 2242 debeamus
1947 2230 1961 2249 ,
1991 2215 2033 2243 ut
2053 2203 2311 2254 difficultatibus
2324 2229 2339 2251 ‚
2357 2208 2402 2250 ὁ·

368 2257 618 2309 diffcnstonibus
645 2255 747 2304 vulgi
769 2267 811 2292 ex
832 2256 890 2292 hec
909 2256 1105 2305 discrimine
1123 2256 1216 2290 oriri
1233 2253 1349 2302 solitis
1373 2278 1383 2293 ,
1418 2256 1524 2290 omnis
1542 2277 1554 2295 ‚
1592 2253 1703 2300 quoad
1714 2252 1800 2300 fieri
1808 2254 1910 2303 potest
1929 2253 2185 2301 ,praecludatur
2207 2253 2339 2300 aditus,
2359 2267 2400 2295 ut

361 2306 479 2355 populi
506 2305 647 2342 auxiliis
659 2303 927 2352 spiritualibus,
955 2315 1027 2352 quae
1059 2303 1080 2338 ὰ
1109 2302 1283 2351 Religiofis
1309 2301 1429 2350 nostris
1450 2303 1588 2349 exigere
1607 2300 1722 2348 solent
1739 2325 1750 2343 ‚
1780 2303 1824 2343 ὠ·
1847 2302 1985 2352 vicrffim
2007 2302 2168 2351 Religiofi
2186 2302 2289 2352 nostri
2318 2313 2403 2344 tem.

365 2355 568 2403 poralibus,
593 2364 665 2399 quae
690 2351 711 2387 ἃ
732 2352 863 2398 populis
886 2354 924 2386 in
947 2349 1181 2398 spiritualium
1206 2349 1505 2397 compensationem
1531 2349 1707 2395 accipiunt
1716 2374 1730 2393 ,
1738 2350 1902 2399 subsidiis
1926 2362 1994 2387 non
2016 2352 2207 2399 priventur
2230 2363 2246 2392 3
2281 2364 2324 2390 ac
2344 2353 2402 2390 dg„

367 2404 486 2448 nique,
511 2410 552 2437 ut
569 2425 583 2443 ‚
599 2412 670 2448 quae
687 2399 776 2447 sunt
787 2399 935 2446 servitii
959 2398 1065 2446 Regis
1082 2425 1092 2442 ‚
1116 2407 1380 2447 promoveantur
1407 2421 1421 2440 ,
1441 2398 1606 2446 *interque
1631 2397 1693 2435 illa
1717 2397 1825 2436 locum
1851 2399 1952 2437 habet
1970 2423 1984 2443 ,
2001 2409 2043 2436 ut
2066 2409 2136 2437 tam
2157 2397 2274 2448 populi
2298 2401 2400 2449 quam

365 2448 526 2497 Religiofi
536 2449 674 2497 subditi
688 2449 766 2495 suis
790 2459 869 2484 nece
895 2449 982 2484 ariis
1005 2458 1080 2485 tum
1097 2445 1346 2496 spiritualibus
1361 2455 1434 2483 tum
1453 2445 1697 2495 temporalibus
1722 2447 1929 2486 levamentis
1943 2460 2011 2484 non
2026 2448 2281 2499 destituantur.
2297 2449 2398 2488 Cum.

363 2510 427 2545 que
452 2509 519 2534 non
534 2497 641 2547 solum
665 2495 794 2533 litteris
808 2522 820 2540 ‚
860 2497 902 2533 ed
921 2497 1024 2533 etiam
1050 2496 1167 2533 verbis
1196 2493 1312 2534 Nobis
1331 2493 1563 2544 fignificatum
1579 2497 1649 2545 sit,
1677 2495 1767 2544 Regi
1790 2498 1870 2546 fore
1886 2507 2031 2546 gratum
2048 2506 2189 2546 propter
2206 2497 2318 2545 supra
2343 2510 2400 2536 re·

362 2546 460 2588 lata,
482 2555 523 2583 ut
546 2557 587 2582 ex
602 2546 763 2594 superias
793 2547 979 2583 nominatis
995 2547 1122 2594 septem
1152 2544 1394 2583 Conveutibus
1425 2543 1752 2592 Flandro-Belgicis
1777 2558 1849 2582 una
1876 2546 2105 2596 constituatur
2131 2545 2290 2596 Custodia
2315 2570 2329 2592 ,
2350 2547 2397 2585 ab

363 2594 523 2644 Insulenfi
543 2594 736 2632 Provincia
760 2604 927 2642 tanquam
951 2597 1135 2632 membrum
1161 2593 1182 2630 a
1207 2593 1356 2640 Corpore
1372 2616 1386 2637 ‚
1413 2593 1457 2634 &¹
1480 2602 1561 2641 pars
1590 2592 1610 2630 ἂ
1634 2604 1706 2631 toto
1731 2594 1954 2642 dependen53
1982 2596 2086 2643 ldque
2107 2603 2247 2644 propter
2272 2593 2311 2631 di
2325 2598 2398 2634 cri-

360 2656 433 2680 men
457 2643 656 2679 idiomatum
680 2643 726 2678 ad
746 2643 936 2681 utilitatem
961 2644 1179 2694 “Populorum
1195 2665 1209 2685 ‚
1237 2643 1282 2678 ad
1307 2643 1429 2678 bonum
1460 2643 1704 2680 Conventuum
1721 2666 1734 2685 ,
1757 2643 1803 2679 ad
1825 2653 1965 2692 pacem,
1990 2645 2032 2686 ὼ·
2059 2643 2271 2681 concordiam
2331 2645 2395 2684 eli.

355 2691 523 2740 giosorum
540 2716 552 2735 ,
575 2693 618 2734 &¹
644 2691 787 2728 maxime
812 2693 858 2728 ad
883 2692 990 2741 Regis
1008 2694 1197 2741 servitium
1226 2717 1238 2735 ‚
1264 2692 1303 2727 in
1324 2690 1472 2741 praefata
1499 2691 1610 2744 nostra
1636 2692 1850 2742 commiffione
1875 2691 1991 2733 Nobis
2011 2689 2183 2744 praecipui
2210 2691 2396 2733 demanda-

359 2750 432 2778 tum
446 2767 459 2785 ‚
490 2740 677 2788 plurimum
704 2741 890 2778 conducere
915 2742 1129 2790 censeamus:

458 2790 558 2826 Hinc
584 2788 648 2838 est,
677 2789 767 2838 quod
801 2791 932 2827 auditis
958 2793 996 2826 in
1023 2790 1275 2839 visttationibus
1304 2788 1451 2839 nostris,
1477 2791 1633 2828 omnibus
1655 2792 1884 2839 praefatorum
1912 2792 2154 2830 Conventuum
2179 2789 2352 2843 Reltgtefia
2377 2817 2393 2840 ,

359 2837 487 2874 cunfiis
514 2838 647 2874 mature
669 2840 832 2888 perpensts
858 2865 870 2882 ,
896 2850 999 2888 atque
1024 2841 1185 2876 invocato
1202 2839 1354 2887 superno
1380 2839 1510 2876 lumine
1538 2863 1551 2882 ‚
1573 2840 1617 2877 de
1645 2839 1776 2890 consilio
1801 2839 1851 2876 R.
1887 2839 1927 2878 P.
1947 2840 2047 2878 Petri
2073 2840 2272 2890 RedonenJis
2299 2843 2390 2880 Con.

357 2888 542 2924 cionatoris
558 2912 570 2931 ,
597 2887 640 2929 &⁴
663 2889 856 2924 Secretarii
881 2887 1083 2926 Reverendi
1107 2889 1308 2926 Admodum
1334 2886 1454 2924 Patris
1479 2887 1661 2927 Generalis
1688 2912 1700 2932 ,
1726 2900 1824 2937 quem
1847 2898 1910 2937 pro
1930 2888 1994 2975 lilio
2019 2901 2062 2927 ne
2087 2891 2156 2927 otio
2179 2890 2218 2924 in
2246 2889 2391 2939 Consul-

358 2944 463 2972 torem
486 2934 700 2988 affumpfimus
729 2960 741 2978 ‚
773 2936 920 2975 libenter
946 2935 1143 2987 assentimur
1167 2936 1388 2974 conventioni
1409 2959 1422 2979 ‚
1450 2937 1492 2977 ῤ’
1522 2937 1746 2984 transafiioni
1778 2939 1872 2974 inter
1898 2937 1928 2974 Ρ
1962 2961 1973 2973 .
1999 2903 2124 2989 nosti-05
2153 2937 2386 2990 Ga110.30133,

360 2995 435 3023 cos,
461 2986 502 3025 ὠ·
526 2985 855 3033 Flandro-Pelgicos
880 2988 978 3023 inita
999 3010 1011 3028 ‚
1034 2987 1194 3035 nobisque
1216 2984 1406 3033 proposita,
1432 2988 1649 3035 omnibusque
1675 2987 1838 3024 articulis
1862 2988 1902 3023 in
1929 2998 1969 3023 ea
1992 2988 2191 3033 contentis,
2213 2987 2387 3039 &infri-

349 3028 512 3079 scriptis,
542 3036 584 3069 de
609 3036 734 3082 quibus
755 3034 888 3080 libero,
913 3036 956 3077 &⁶
980 3035 1138 3070 unanimi
1161 3032 1319 3082 consensu
1344 3045 1581 3074 convenerunt
1597 3062 1606 3072 .

455 3080 596 3117 Primi:
622 3084 812 3120 Provincia
831 3086 931 3134 prius
957 3082 1045 3118 ditia
1072 3081 1245 3130 Infulensts
1282 3081 1392 3118 eodem
1416 3085 1548 3120 nomine
1574 3084 1775 3132 conservato
1815 3086 1854 3120 in
1878 3084 1965 3122 duas
1988 3084 2150 3135 custodias
2173 3084 2382 3136 dividetur,

357 3126 808 3176 Gallo-Belgicamscilicet
826 3157 837 3174 .
870 3134 913 3175 ὠ·
932 3131 1279 3177 Flandro-‘Belgicam
1303 3129 1409 3166 eidem
1434 3130 1669 3170 '‘Provinciali
1684 3134 1855 3183 subjefias
1872 3159 1882 3171 .

454 3176 628 3213 Secunda:
657 3179 701 3214 R.
715 3182 756 3218 P.
772 3181 1006 3218 provincialis
1021 3179 1259 3232 indifferenter
1282 3189 1323 3216 ex
1345 3190 1550 3228 unaquaque
1566 3182 1726 3234 Custodia
1751 3181 1918 3230 eligibilis
1942 3182 2014 3223 erit
2030 3207 2039 3219 .
2066 3182 2220 3230 vnaquae
2243 3195 2286 3222 ue
2307 3185 2380 3224 Cu..

353 3223 460 3274 flodia
482 3225 568 3261 duos
592 3225 730 3264 habebit
752 3230 962 3279 Diffinitores
989 3228 1203 3268 nationale53
1228 3228 1279 3264 ita
1304 3237 1430 3267 tamen,
1452 3238 1493 3264 ut
1508 3230 1539 3277 fi
1564 3230 1607 3265 R.
1632 3231 1676 3269 P.
1694 3230 1932 3269 provincialis
1957 3240 2000 3268 ex
2027 3229 2187 3279 Custodia
2235 3231 2375 3271 landro.

357 3272 496 3320 Belgica
520 3272 727 3324 affectantur,
752 3289 817 3312 non
839 3280 990 3328 eligatur
1015 3278 1104 3315 alter
1130 3276 1306 3326 Diffinitor
1330 3275 1474 3324 ejusdem
1506 3278 1667 3325 Custodia
1692 3277 2034 3324 Flandro-‘Belgicae3
2065 3278 2112 3315 Si
2139 3279 2220 3316 verb
2248 3282 2288 3318 in
2312 3284 2378 3321 ali-

357 3333 422 3368 quo
437 3322 611 3368 scrutinio
636 3327 759 3363 tertius
775 3335 839 3375 pro
861 3341 931 3364 una
946 3338 1008 3366 aut
1021 3327 1131 3365 altera
1156 3324 1314 3376 Custodia
1329 3322 1504 3374 Diffinitor
1529 3327 1713 3374 eligeretur
1730 3353 1740 3368 ‚
1755 3339 1829 3363 cum
1845 3327 1904 3362 hoc
1928 3321 2005 3410 eflet
2037 3336 2108 3363 tam
2138 3338 2258 3365 contra
2286 3331 2373 3370 hanc

358 3369 500 3418 nostram
520 3374 796 3421 conventionem,
821 3377 863 3418 ὠ·
886 3377 1145 3425 transafiiionem
1158 3401 1171 3420 ,
1195 3373 1296 3423 quam
1324 3382 1446 3409 contra
1467 3375 1691 3412 intentionem
1712 3376 1798 3412 bona
1819 3373 1893 3422 fide
1914 3387 1932 3411 e
1946 3376 2114 3420 igentium
2125 3401 2139 3420 ,
2166 3375 2224 3414 ille
2244 3383 2373 3419 tertius

358 3429 425 3453 non
451 3417 570 3456 elefiius
596 3421 796 3469 censeatur,
820 3426 863 3467 ὼ·
884 3427 924 3461 in
949 3426 1086 3462 lefiione
1102 3424 1275 3474 scrutinii
1303 3433 1371 3457 non
1392 3422 1585 3469 publicetur
1601 3448 1611 3459 .
1638 3424 1677 3459 In
1700 3433 1851 3470 utraque
1875 3424 1979 3460 etiam
2018 3423 2177 3473 Custodia*
2202 3437 2277 3464 tum
2299 3431 2369 3468 Su.

354 3469 528 3512 periores,
551 3478 625 3505 tuus
645 3469 799 3517 subditi,
826 3485 934 3511 omnes
961 3471 1171 3513 Nationales
1194 3470 1372 3519 respefiiivi
1394 3482 1569 3518 ponantur
1595 3484 1604 3507 :
1643 3471 1710 3509 Per
1736 3469 1945 3512 Nationales
1983 3482 2098 3511 autem
2143 3474 2368 3526 intelligimus

353 3528 430 3560 eos,
452 3518 513 3563 qui
537 3519 576 3551 in
601 3529 803 3568 unaquaque
830 3523 987 3572 Custodia
1008 3532 1180 3570 tamquam
1197 3519 1273 3568 filii
1301 3519 1427 3567 admiffi
1451 3522 1667 3569 reperientur
1682 3547 1692 3557 .

455 3565 572 3602 Tertia
591 3577 600 3600 :
624 3566 779 3615 ‘Utraque
800 3571 954 3620 Custodia
979 3571 1116 3608 habebit
1135 3572 1203 3619 sua
1213 3568 1329 3619 studia
1342 3594 1353 3611 ‚
1381 3570 1424 3610 ἐς·
1439 3570 1539 3618 suum
1567 3567 1799 3608 Novitiatum
1827 3581 1868 3607 ex
1881 3568 2134 3608 Nationalibus
2157 3586 2166 3609 :
2196 3574 2363 3624 nlstfbrte

352 3613 393 3649 de
418 3614 573 3662 consensu
594 3617 772 3665 utriusque
786 3619 967 3666 aliquando
987 3629 1049 3669 pro
1068 3619 1273 3669 addiscenda
1296 3616 1416 3665 lingua
1432 3618 1654 3660 Gallica.vel
1673 3617 1862 3655 flandrica
1876 3621 2061 3658 mittentur
2074 3621 2226 3671 Studiosi
2245 3623 2362 3662 deuna

347 3662 460 3709 studio
483 3664 529 3700 ad
552 3662 651 3700 aliud
669 3688 680 3706 ‚
707 3665 765 3701 vel
790 3669 829 3702 ob
854 3668 938 3704 alias
961 3669 1000 3716 ju
1028 3681 1064 3705 as
1085 3671 1237 3706 rationes
1267 3688 1277 3700 .
1302 3667 1344 3703 Si
1369 3668 1471 3703 etiam
1499 3665 1656 3716 Custodia
1683 3666 1960 3717 Fladro-Belgica
1989 3669 2145 3718 indigeat
2171 3669 2361 3710 Cunctonass

348 3712 484 3805 ltjorihuis
502 3737 513 3751 ,
539 3712 595 3748 vel
615 3712 695 3750 aliis
721 3714 891 3767 Religiofis
917 3717 1178 3767 Gallo-Belgicis
1207 3741 1221 3762 ‚
1243 3715 1538 3764 Flandro-Belgici
1562 3717 1736 3767 utrimque
1759 3741 1773 3764 ,
1797 3730 1836 3754 ac
1860 3719 2032 3767 reciproca
2063 3721 2359 3770 correspondentia

375 3768 448 3793 roce
474 3771 529 3796 ent
545 3783 555 3793 .
601 3767 605 3772 ·

448 3806 584 3855 Qum&
610 3823 619 3856 =¹
641 3811 693 3849 Ex
716 3814 831 3852 tribus
857 3814 1029 3867 Capitulis
1054 3814 1336 3859 Provincialibus
1374 3824 1481 3863 unum
1507 3815 1734 3867 celebrabitur
1766 3816 1806 3867 in
1838 3816 1995 3868 Custodia
2019 3814 2325 3916 ΡΙαηόνοῇΜῗΙξέςσ
2343 3842 2358 3865 ,
