2592 4094
459 196 621 286 252ae

377 306 689 367 Qadragelima
715 308 934 364 incipietur
955 306 1052 346 hora
1078 298 1250 345 secunda
1270 328 1285 351 a
1315 313 1364 351 ut

379 367 612 412 absolvatur
630 368 778 410 tertia:
803 380 884 421 quo
898 362 1073 403 durante
1086 362 1288 407 exercitio
1312 363 1362 405 li·

378 427 491 470 cebit
514 426 726 479 Religiofis
747 434 887 479 petere
902 418 966 461 fibi
982 418 1174 474 explic-ari
1189 435 1361 478 ea,‚quae

378 501 460 530 non
475 487 567 528 satis
588 484 842 536 intelligent:
861 491 945 533 quae
967 481 1101 521 Mater
1122 480 1286 526 Ancilla
1298 479 1364 537 ju·

380 553 452 588 xta
479 543 675 600 judicium
691 565 705 587 a
722 541 759 580 &
786 547 950 592 captum
965 536 1205 589 suum,cum
1234 540 1364 595 gratia

381 604 458 646 Dei
475 605 532 644 eis
546 598 787 654 explicabit,
814 595 1004 639 docendo
1030 597 1295 650 methodum,
1325 600 1366 641 &

383 661 550 706 modum
568 657 618 699 ad
647 654 799 710 praxim
817 654 1028 711 redigendi
1050 657 1126 699 hoc
1141 655 1283 712 ipsum,
1313 657 1366 701 de

382 734 463 778 quo
477 716 688 759 “aetatum
703 709 828 756 fuerit
840 743 856 765 ,
877 713 928 756 ad
944 714 1134 770 majorem
1164 713 1368 762 frustum,

381 780 603 822 animarum
618 771 799 816 suarum:
825 782 959 818 tamen
983 773 1104 818 semel
1124 789 1198 831 per
1214 775 1368 819 hebdo-

383 831 575 888 madam(
592 831 782 875 nimirum
797 831 898 876 feria
919 831 1076 891 tertia)
1092 835 1267 878 Novitiae
1287 849 1368 878 non

385 896 618 936 intererunt
637 889 698 933 illi
713 890 871 935 leetioni
885 921 902 946 ,
914 903 1080 950 propter
1096 901 1230 937 certas
1245 895 1369 938 bonas

383 949 731 997 considerationes
745 979 758 993 .

502 1008 730 1064 Completo
761 1017 945 1066 tempore
975 1010 1157 1056 lectionis
1184 1038 1198 1062 ‚
1229 1026 1370 1056 ornnes

384 1073 554 1115 Sorores
574 1068 611 1110 in
629 1066 796 1112 cellulas
811 1065 897 1111 suas
916 1069 953 1113 se
970 1071 1164 1126 recipiant
1191 1070 1369 1127 usque-..0

381 1128 434 1171 ad
449 1127 538 1171 Ves
531 1141 662 1183 peras,
679 1124 746 1169 sed
761 1126 900 1171 diebus
919 1158 932 1182 ‚
945 1129 1086 1185 quibus
1102 1144 1180 1173 non
1197 1132 1276 1173 erit
1292 1132 1369 1172 hoc

381 1187 640 1238 exercitium,
656 1185 862 1232 debebunt
874 1186 912 1233 se
928 1188 1109 1244 recipere
1133 1189 1229 1233 horai
1245 1190 1372 1246 prima

382 1245 469 1301 post
502 1245 744 1289 meridiem:
776 1245 844 1290 nifi
873 1246 1014 1290 eadem
1031 1248 1129 1290 hora
1153 1248 1373 1292 haberetur

383 1304 648 1359 Concio,quae
661 1303 787 1359 pollet
805 1304 914 1361 juxta
927 1305 1121 1364 judicium
1134 1308 1276 1350 Matris
1292 1310 1372 1350 An·

383 1362 514 1415 cillae,
530 1361 602 1405 tali
620 1363 822 1406 exercitio
834 1364 911 1407 effe
937 1365 1229 1419 impedimento
1243 1394 1257 1417 ‚
1289 1380 1373 1422 quae

386 1420 504 1523 debeo
518 1421 731 1478 disponet,
750 1431 873 1480 prout
897 1422 1037 1467 melitis
1062 1424 1374 1485 expedirejudi-

385 1493 432 1521 ca
464 1489 521 1522 tt.

501 1539 788 1595 Et2quantiim
813 1540 959 1584 attinet
986 1542 1034 1585 ad
1051 1542 1374 1587 distributionem

382 1594 530 1660 reliqui
546 1599 744 1651 temporis
769 1601 896 1641 totius
916 1601 1016 1652 diei,
1032 1601 1111 1646 five
1124 1602 1172 1645 ad
1189 1601 1376 1660 frequen-

384 1663 561 1695 tationes
577 1654 701 1696 officii
718 1684 733 1707 ‚
751 1659 830 1699 five
843 1658 892 1700 ad
907 1658 1129 1716 regressum
1151 1661 1200 1704 ad
1215 1676 1376 1717 operas,

386 1721 457 1752 aut
473 1709 582 1754 aliud
601 1712 724 1756 fimile
739 1742 753 1764 ‚
768 1715 1081 1769 observabitur,
1109 1721 1218 1775 quod
1233 1721 1271 1762 in
1289 1734 1379 1761 coe·

390 1770 609 1813 remoniali
626 1772 683 1813 est
697 1773 933 1815 ordinatum
947 1803 958 1816 .

501 1827 618 1872 Hora
650 1827 818 1883 septima
838 1830 1080 1887 Vesper-tina
1101 1828 1265 1876 dabitur
1292 1832 1382 1887 pul·

384 1887 450 1931 sus
463 1914 478 1936 a
494 1902 576 1943 quo
594 1887 736 1930 audito
749 1887 878 1931 statim
894 1890 1139 1933 convenient
1163 1892 1203 1933 in
1236 1891 1383 1934 Choro

383 1949 434 1990 ad
466 1946 642 2002 legenda
665 1945 877 2002 suffragia,
904 1951 941 1991 &
962 1949 1206 1995 audiendam
1239 1949 1381 1993 lectio-

384 2020 473 2048 nem
487 2006 660 2049 materiae
675 2007 884 2049 Orationis
899 2037 913 2058 ,
929 2009 1078 2051 deinde
1103 2006 1254 2052 facient
1278 2022 1375 2050 exa-

383 2078 474 2107 men
495 2063 774 2114 conscientiae,
796 2066 838 2105 δε
860 2067 897 2107 se
911 2066 1111 2117 recipient
1142 2066 1180 2104 in
1198 2063 1374 2105 cellulas

382 2120 470 2220 ‘⁸2³⁵
488 2134 532 2218 ἐξ
562 2119 751 2190 ίῐλῑεηῑίο,
782 2129 827 2163 ut
851 2119 1096 2164 decumbere
1122 2119 1271 2177 possint
1312 2121 1382 2162 ho·

383 2193 405 2222 r
458 2190 484 2218 o
528 2189 628 2219 ava.

652 2300 943 2348 CAP.
1061 2303 1125 2348 V.

456 2418 519 2458 Dr
536 2412 720 2467 silentio,
735 2412 1040 2470 ⁴&sblt'tudt'ne3
1061 2415 1114 2464 &
1128 2413 1175 2455 de
1188 2414 1298 2456 modo
1314 2440 1328 2465 ,

547 2483 658 2527 quem
683 2470 882 2523 obfirvare
895 2471 1033 2517 debent
1051 2477 1205 2515 Sorores
1224 2501 1239 2525 ,

663 2528 830 2574 invicem
856 2531 1132 2587 colloquentes.

511 2649 714 2707 Quoniam
730 2649 901 2705 Spiritus
928 2648 1003 2692 Dei
1034 2651 1152 2706 super
1165 2650 1302 2694 omnia
1317 2650 1390 2694 de-

400 2706 628 2750 fiderabilis
646 2735 661 2758 ,
687 2706 821 2750 dulcis
847 2708 963 2763 super
992 2710 1070 2752 mel
1097 2711 1138 2752 δι
1162 2707 1297 2752 favum
1326 2711 1391 2761 ei,

393 2767 465 2822 qui
483 2778 574 2808 eum
589 2765 789 2820 gustabit,
804 2765 963 2812 facilius
981 2767 1020 2810 in
1036 2768 1194 2811 silentio
1208 2794 1222 2817 ‚
1247 2771 1287 2811 &
1300 2768 1393 2811 soli-

389 2824 533 2868 tudine
552 2823 716 2867 interna
740 2826 950 2868 invenitur
968 2857 984 2878 ,
1018 2828 1139 2884 quam
1164 2826 1273 2871 inter
1298 2827 1394 2869 stre·

389 2884 500 2940 pitus
528 2912 544 2935 ,
565 2884 605 2925 &
632 2883 965 2940 multiplicitates
991 2897 1175 2929 externas
1198 2915 1212 2936 ‚
1242 2889 1282 2928 &
1305 2885 1398 2928 ideo

392 2944 564 2985 Sorores
580 2956 720 2986 omnes
736 2942 897 2998 singulis
915 2944 1053 2988 diebus
1067 2954 1163 2987 ante
1183 2944 1397 3000 Vesperas,

394 3002 594 3055 recipiant
615 3000 709 3046 sein
730 3002 987 3046 solitudinem
1006 3032 1021 3055 ,
1053 3006 1092 3046 δε
1107 3003 1276 3047 cellulas
1292 3002 1397 3052 suas,

398 3070 444 3103 ut
460 3060 607 3113 Capite
629 3062 871 3115 praecedenti
889 3063 1037 3104 dietum
1063 3063 1274 3114 est,extra
1300 3073 1397 3117 quas

395 3132 479 3163 non
514 3120 770 3172 reperientur
794 3134 871 3176 pro
894 3135 943 3164 eo
970 3132 1172 3177 tempore,
1186 3122 1266 3164 fine
1285 3119 1397 3177 gravi

398 3174 628 3221 neceffitate
654 3205 670 3227 ‚
694 3181 733 3221 δι
760 3179 1034 3234 Superioriffae
1064 3180 1227 3224 licentia
1255 3194 1267 3224 ε
1299 3178 1396 3228 Sed,

397 3235 597 3291 quantum
612 3236 662 3279 ad
680 3236 872 3291 maiorem
888 3239 1252 3296 Quadragefimam
1269 3268 1285 3291 ,.
1298 3238 1398 3280 ficut

395 3295 436 3335 δι
453 3305 639 3348 tempora
653 3325 669 3346 ,
699 3297 836 3340 &dies
850 3297 1117 3354 jejuniorum,
1138 3302 1305 3342 Sorores
1339 3296 1398 3338 bis

393 3356 432 3398 se
449 3353 646 3401 recipient
660 3381 675 3403 s
688 3354 839 3400 scilicet
864 3360 887 3402 a
911 3357 1048 3402 medio
1066 3357 1247 3402 secundae
1261 3369 1401 3414 pome-

393 3412 563 3456 ridianae
580 3416 702 3469 usque
726 3416 773 3459 ad
788 3412 1034 3470 secundam3
1068 3420 1108 3460 &
1126 3417 1253 3460 altera
1271 3412 1398 3458 media

395 3484 490 3517 ante
505 3473 797 3529 Completoriu
805 3489 864 3527 ηις
883 3477 961 3519 Sed
977 3478 1014 3518 in
1041 3475 1295 3519 hebdomada
1307 3477 1399 3517 San.

393 3535 451 3575 &a
469 3534 602 3579 omnia
641 3530 860 3577 secundam
896 3536 1098 3579 rationem
1131 3535 1267 3579 Officii
1298 3531 1395 3576 diri·

408 3602 589 3647 gantur.

519 3655 566 3693 In
580 3651 650 3694 ista
673 3650 892 3696 solitudine
907 3662 1120 3699 exerceant
1135 3654 1225 3697 sein
1241 3651 1398 3696 oratio-

397 3710 514 3750 nibus
533 3739 546 3759 ,
575 3722 646 3753 aut
662 3711 836 3755 lectione
855 3713 1024 3770 alicujus
1051 3715 1145 3757 libri
1163 3711 1392 3770 spiritualis,

392 3766 499 3809 fac‘to
537 3770 642 3821 prius
670 3772 855 3815 examine
883 3774 1137 3830 conscientiae
1161 3783 1390 3830 tempore)

395 3826 542 3871 filentii
562 3836 656 3869 ante
672 3831 870 3887 Vesperas
884 3862 896 3875 .

1140 164 1726 249 Provincia

1541 303 1626 355 At,
1650 304 1748 360 quia
1776 302 1877 345 felix
1905 302 2084 357 possessio
2106 307 2253 350 amoris
2284 303 2414 350 divini

1427 362 1850 419 requiritvfilentium,
1880 360 2151 416 &perfectam
2176 367 2314 407 anime
2347 378 2416 408 re-

1424 423 1575 479 quiem,
1595 431 1764 478 propter
1780 433 1869 463 eam
1882 418 2041 463 causam
2054 419 2106 461 ab
2126 424 2310 466 omnibus
2325 425 2413 466 Re·

1424 481 1570 537 ligiosls
1598 482 1739 526 nostrae
1766 477 2096 524 Reformationis
2123 479 2327 533 silentium
2345 495 2416 526 ac-

1424 542 1565 584 curate
1589 540 1840 586 servabitur.
2295 588 2299 593 ,
2400 576 2404 582 .

1539 600 1747 659 Qanttim
1766 598 1817 642 ad
1834 597 2032 641 silentium
2050 595 2268 653 Regulare,
2281 593 2419 654 statui}-

1428 668 1498 701 tur
1512 684 1526 706 a
1541 671 1583 701 ut
1598 660 1642 700 fit
1658 668 1893 715 perpetuum
1908 657 1949 697 in
1969 657 2112 699 choro
2123 657 2186 707 ,δι
2205 654 2418 711 Oratorioj

1428 718 1468 759 in
1482 717 1668 759 Claustro
1682 747 1698 769 ,
1723 719 1763 759 δι
1785 715 2066 764 Dormitorio,
2088 715 2186 758 ficut
2214 716 2254 756 &
2274 715 2313 757 in
2330 716 2420 758 Re-

1429 774 1601 819 fectorio
1635 776 1658 820 a
1687 776 1820 832 primo
1848 771 1960 830 signo
1989 772 2132 816 tabulae
2155 802 2169 826 ,
2210 773 2332 829 usque
2364 771 2420 815 ad

1429 833 1655 891 persolutas
1686 835 1833 887 gratias
1858 858 1873 881 ς
1891 847 1971 889 quo
1991 842 2176 887 tempore
2206 831 2423 885 habebitur

1430 894 1550 938 lec'tio
1565 893 1658 937 libri
1675 891 1885 950 spiritualis
1898 918 1912 939 a
1936 902 2006 935 aut
2020 893 2064 934 R
2073 891 2200 946 egulae
2213 919 2228 943 ,
2244 893 2285 933 δι
2299 893 2419 933 Con·-

1437 953 1688 997 flitutionum
1705 980 1719 1004 ,
1738 961 1867 1007 prout
1893 950 2041 995 dietum
2067 952 2123 993 ess
2137 980 2152 1003 ‚
2168 950 2232 993 cui
2247 949 2425 1004 diligend

1431 1011 1574 1055 tiffime
1595 1010 1807 1054 attendant
1826 1013 2017 1062 Sorores,
2046 1019 2093 1052 ut
2119 1023 2295 1065 corpore
2326 1007 2422 1054 sea

1432 1071 1638 1115 reficiente
1654 1098 1667 1123 ,
1683 1070 1837 1113 animus
1855 1068 1994 1112 Verbo
2011 1068 2091 1111 Dei
2105 1067 2240 1111 alatur
2252 1097 2267 1121 ,
2293 1067 2334 1108 δι
2347 1081 2425 1110 nu-

1432 1141 1579 1174 triatur
1594 1159 1606 1171 .

1549 1187 1708 1247 Qibus
1726 1188 1764 1230 in
1781 1186 1880 1230 locis
1897 1200 1974 1228 non
1993 1186 2117 1228 liceat
2147 1182 2200 1226 ne
2217 1181 2284 1224 vel
2304 1196 2426 1225 unum

1435 1249 1604 1292 verbum
1630 1243 1817 1303 proferre
1831 1272 1854 1296 ,⁴
1879 1243 1943 1287 nifi
1959 1245 1998 1287 in
2015 1244 2108 1286 casu
2125 1253 2276 1297 magna:
2292 1241 2430 1284 neces-

1437 1307 1591 1359 sitatis,
1621 1315 1690 1348 aut
1713 1319 1806 1348 cum
1835 1300 2107 1359 Superioriss‘ae
2137 1299 2332 1352 licentia,
2368 1297 2431 1342 id-

1434 1381 1511 1425 que
1531 1379 1633 1410 voce
1657 1362 1874 1416 submisi-³33
1904 1363 2098 1418 quantum
2125 1360 2175 1403 ad
2198 1359 2279 1402 alia
2303 1359 2428 1402 loca..-

1435 1421 1680 1470 Conventt‘is
1696 1451 1710 1475 ‚
1726 1422 1941 1466 ordinatur
1957 1449 1972 1473 ,
1985 1431 2031 1465 ut
2058 1420 2164 1462 idem
2184 1418 2427 1462 suentium..-

1435 1484 1644 1538 Regulare
1659 1484 1814 1538 semper
1826 1478 2064 1525 exactissime
2085 1479 2267 1522 servetur
2278 1478 2301 1521 a
2314 1473 2431 1534 pulsu

1437 1541 1717 1599 Vesper-tino(
1730 1541 1800 1597 qui
1813 1539 1923 1585 omni
1937 1549 2128 1593 tempore
2149 1536 2314 1579 dabitur
2341 1547 2436 1590 prae.

1439 1602 1514 1647 cisa
1539 1604 1635 1644 hora
1651 1598 1838 1656 septima,
1869 1608 1916 1642 ut
1929 1597 2081 1640 dictum
2106 1595 2196 1653 est)
2224 1596 2345 1651 usque
2375 1589 2428 1634 ad
2458 1597 2465 1605 ’

1441 1662 1595 1705 finitam
1611 1659 1778 1714 primam
1797 1685 1812 1705 ·,
1832 1668 2099 1715 praeterquam
2124 1655 2165 1696 in
2185 1651 2431 1702 infirmaria,

1442 1723 1480 1763 in
1497 1733 1572 1772 qua
1591 1717 1839 1771 dispensatur
1866 1718 1979 1771 super
1994 1713 2171 1765 filentio,
2186 1719 2354 1767 propter
2366 1723 2438 1753 ne-

1442 1776 1660 1819 cessitatem
1677 1802 1692 1823 ,
1711 1776 1750 1815 &
1762 1773 2084 1815 consolationem
2102 1774 2297 1812 Sororum
2315 1767 2443 1812 Infir-

1442 1845 1626 1885 marum;
1644 1834 1694 1873 Et
1713 1831 1736 1872 fi
1751 1844 1836 1886 quae
1863 1829 2060 1875 silentium
2079 1827 2294 1885 Regulare·
2314 1823 2440 1869 infre·

1442 1893 1577 1949 gerint
1607 1891 1822 1947 loquentes
1844 1889 1885 1932 in
1909 1888 2010 1932 locis
2037 1893 2150 1943 lupra
2178 1885 2396 1942 prohibitis
2415 1912 2430 1936 ,

1443 1951 1700 1996 tenebuntur
1726 1962 1803 2005 pro
1818 1947 2061 2002 poenitentia
2081 1944 2222 1988 dicere
2245 1945 2284 1987 in
2307 1943 2437 1986 Refe—

1442 2011 1577 2052 &orio
1606 2008 1795 2062 quinque
1816 2008 1938 2048 Pater
1963 2007 2134 2053 &Ave‚
2162 2002 2336 2046 brachiis
2364 2002 2436 2046 in..

1447 2078 1613 2108 crucem
1631 2063 1803 2107 extenfis
1817 2089 1832 2112 ,
1860 2063 1968 2104 ultra
1985 2060 2024 2102 id
2036 2089 2052 2111 ‚
2082 2060 2191 2115 quod
2206 2063 2228 2102 a
2245 2063 2436 2103 Matr&

1442 2121 1605 2167 Ancilla
1641 2120 1873 2175 injungetur
1902 2145 1917 2168 ‚
1946 2117 2112 2175 quando
2137 2117 2302 2173 culpam
2333 2119 2439 2161 suam

1447 2181 1594 2224 dicent
1612 2179 1648 2222 in
1665 2178 1922 2223 Refeaorio.

1561 2239 1685 2298 Qod
1716 2237 1920 2280 silentium
1945 2234 2084 2278 exaete
2096 2234 2319 2278 servabitur
2339 2262 2355 2286 ,
2382 2241 2432 2276 ut

1446 2298 1596 2340 dietum
1611 2296 1684 2348 est,
1698 2295 1858 2351 singulis
1872 2294 2014 2337 diebus
2028 2294 2136 2343 anni,
2153 2302 2438 2349 praeterquam,

1446 2356 1556 2413 quod
1582 2355 1668 2411 post
1685 2353 1944 2397 refectionem
1971 2351 2157 2407 prandii,
2183 2365 2312 2408 parvo
2337 2349 2441 2393 offi-

1446 2417 1512 2459 cio
1529 2415 1667 2459 nostrae
1690 2414 1896 2464 Dominae,
1918 2412 1983 2455 vel
2009 2407 2197 2465 suffragiis
2220 2423 2297 2466 pro
2311 2410 2443 2452 Bene·

1450 2474 1681 2523 fastoribus,
1695 2472 1806 2530 juxta
1821 2469 2150 2514 consuetudinem
2167 2468 2371 2520 recitatis,
2399 2465 2444 2509 li-

1450 2534 1560 2576 cebit
1589 2533 1668 2576 illis
1701 2531 1827 2588 loqui,
1842 2529 1966 2586 spatio
1990 2527 2105 2571 unius
2136 2527 2278 2571 mediae
2302 2527 2440 2569 horae:

1451 2591 1636 2635 fimiliter
1653 2590 1829 2647 Vespere
1854 2588 1939 2644 post
1955 2585 2213 2631 refectionem
2227 2614 2243 2638 ‚
2280 2594 2347 2629 aut
2359 2584 2448 2627 col-

1452 2651 1674 2703 lationem,
1705 2663 1832 2706 parvo
1856 2645 2016 2695 officio,
2037 2657 2100 2687 aut
2122 2643 2317 2702 suffragiis
2336 2641 2445 2686 reci-

1453 2710 1689 2768 tatis2juxta
1713 2706 2062 2757 consuetudinem,
2077 2704 2234 2749 licitum
2258 2701 2337 2746 erit
2369 2705 2445 2744 So-

1454 2770 1614 2813 roribus
1634 2768 1745 2825 loqui
1761 2768 1883 2824 usque
1896 2764 1947 2808 ad
1964 2764 2118 2819 pulsum
2133 2763 2437 2816 Vespertinum‚

1458 2827 1567 2885 quod
1590 2827 1661 2871 fiat
1691 2827 1771 2871 fine
1795 2823 1990 2870 divifione
2003 2853 2020 2875 ,
2044 2831 2112 2867 aut
2140 2820 2437 2878 separatione.)

1457 2888 1602 2932 mutua
1615 2914 1630 2937 s
1655 2887 1725 2930 nisi
1741 2900 1831 2929 cum
1847 2883 1961 2927 venia
1975 2910 1987 2924 .

1573 2946 1786 3004 Quantum
1810 2944 1857 2986 ad
1885 2940 2082 2988 silentium
2112 2939 2438 2994 Evangelicum‚

1457 3006 1567 3062 quod
1584 3006 1771 3063 prohibet
1787 2999 1988 3047 sermones
2004 3013 2145 3049 vanos,
2169 2994 2448 3045 infructuosos,

1461 3064 1682 3109 mundanos
1694 3095 1711 3116 ‚
1725 3061 1908 3108 curiosos
1924 3088 1939 3112 ‚
1961 3070 2028 3105 aut
2051 3059 2245 3102 ridiculos
2259 3085 2275 3109 ‚
2301 3054 2449 3120 admit-

1459 3125 1509 3165 tit
1533 3135 1671 3167 autem
1697 3121 1799 3166 solos
1814 3123 1968 3171 bonos,
1993 3120 2029 3161 &
2048 3115 2227 3166 sanctos,
2253 3117 2448 3156 convenit

1458 3181 1560 3223 illud
1590 3181 1786 3238 perpetue
1810 3179 1989 3227 servari,
2014 3179 2054 3218 δι
2077 3188 2161 3231 quae
2190 3173 2291 3216 illud
2317 3168 2448 3214 trans—

1462 3240 1699 3295 gredientur
1712 3268 1726 3291 ‚
1744 3233 1975 3295 persolvent
2001 3233 2208 3277 humiliter
2223 3230 2291 3273 fibi
2309 3229 2445 3286 injun-

1462 3302 1563 3341 ctam
1581 3298 1859 3352 poenitentiam
1873 3320 1888 3343 a
1900 3294 1951 3336 ad
1967 3291 2196 3346 exemplum
2216 3290 2388 3333 aliarum
2405 3317 2417 3328 .

1579 3359 1757 3411 Tempus
1791 3365 1925 3396 tamen
1952 3349 2143 3405 loquendi
2161 3350 2248 3405 post
2271 3347 2452 3391 refertio-

1462 3430 1551 3459 nem
1578 3415 1830 3469 restringitur
1845 3440 1859 3462 ‚
1885 3412 1923 3453 δι
1939 3423 2009 3465 per
2023 3418 2155 3452 totum
2185 3412 2448 3452 Conventum

1460 3476 1660 3518 filentium
1682 3471 1819 3515 exacte
1849 3469 2078 3514 servabitur
2106 3477 2191 3510 tota
2221 3467 2448 3510 hebdoma-

1458 3535 1510 3578 da
1541 3536 1681 3577 Sancta
1707 3530 1826 3586 usque
1849 3529 1899 3573 ad
1915 3526 2063 3572 Pascha
2081 3555 2096 3578 ‚
2118 3528 2158 3568 ἃ.
2184 3528 2335 3582 septem
2362 3523 2452 3567 die-

1458 3595 1532 3638 bus
1549 3620 1563 3642 s
1579 3591 1898 3650 praecedentibus
1927 3586 2233 3631 Solemnitatem
2261 3582 2452 3639 Seraphi-

1457 3654 1494 3695 ci
1530 3651 1656 3696 Patris
1695 3650 1813 3693 nostri
1853 3648 1984 3691 Sancti
2018 3644 2214 3690 Francisci
2243 3673 2258 3696 ‚
2300 3643 2446 3699 quibus

1456 3712 1608 3755 duabus
1623 3709 1975 3758 Solemnitatibus‚
1991 3708 2158 3749 Sorores
2175 3703 2341 3760 publice
2361 3702 2447 3740 Vo-

1453 3782 1493 3813 ta
1526 3770 1590 3814 sua
1622 3770 1872 3812 renovabunt
1901 3795 1916 3819 ,
1940 3765 2054 3822 juxta
2105 3764 2146 3811 ὃς
2184 3755 2447 3857 secantium.»

2325 3830 2391 3858 or-
