2638 4088
379 225 553 310 334
1075 193 1626 279 Provincia

312 349 458 389 “ntes
472 336 811 389 etiam-,afferunh
831 347 904 379 vos
928 345 978 374 ex
1003 332 1234 376 Ordinariis
1259 333 1314 377 il·
1374 335 1428 378 ris
1445 331 1731 378 Ecclessasticis
1757 359 1772 383 ,
1802 334 1845 375 ὗι
1870 338 2111 389 pecuniariis
2142 340 2369 385 arbitrariis

315 404 446 446 larum
457 401 629 456 partium
645 394 908 443 vicinioribus
926 390 1106 435 existatis
1122 421 1138 445 ,
1150 392 1214 436 stu
1231 394 1309 436 Di·
1373 395 1507 452 poenis
1522 423 1536 445 ,
1551 407 1623 437 nec
1644 407 1723 436 non
1755 401 1955 436 attentata
1969 423 1985 446 ,
2006 395 2247 438 &innovata
2266 413 2368 454 que.

313 459 505 510 seretioni
532 458 708 506 Vestrae,
733 451 827 495 Filii
846 447 1054 493 Officiales
1070 477 1085 499 a
1110 465 1185 508 per
1210 467 1311 509 prae·
1367 467 1553 510 cunque,
1569 463 1692 509 prout
1707 451 1759 494 de
1781 449 1885 507 jure,
1897 452 2367 513 revocandi,caeteraque

311 518 442 562 sentes
456 515 755 559 committimus
769 539 783 562 ,
815 511 853 551 &
873 508 1138 561 mandamus,
1166 522 1310 570 quate·
1369 513 1410 556 in
1443 511 1644 570 praemissis
1659 537 1674 559 ,
1709 512 1749 553 Sc
1778 511 1888 555 circa
1911 525 1957 554 ea
1974 509 2188 553 necessaria
2201 515 2372 571 quomo-

309 591 384 621 nus
399 590 470 618 vos
485 604 498 626 ,
515 574 579 615 vel
596 571 679 613 duo
692 598 707 622 ,
735 579 805 611 aut
827 581 935 611 unus
965 567 1139 612 vestrum
1151 599 1166 623 ,
1182 585 1310 616 voca·
1371 572 1530 615 dolibet
1544 601 1558 624 ,
1573 574 1612 615 δι
1627 573 1858 627 opportuna
1884 568 2091 623 faciendi,
2118 571 2158 612 δι
2173 584 2368 616 exercen—

311 637 363 679 tis
377 636 428 679 ad
444 635 482 676 id
499 661 511 683 ,
541 631 608 686 qui
637 629 788 672 fuerint
805 628 1038 683 evocandi,
1052 628 1207 672 causam
1225 658 1241 682 ,
1268 631 1311 673 δι
1370 632 1414 675 di
1430 632 1591 688 plenam
1606 659 1620 683 ‚
1634 630 1860 671 &liberam
1887 630 2124 685 Apostolica
2148 633 2369 676 austerita-

312 693 443 738 causas
470 689 676 748 praediftas
703 702 797 731 cum
820 686 1011 731 omnibus
1034 687 1112 732 suis
1136 688 1317 733 inciden-
1379 701 1422 735 te
1450 701 1598 734 tenore
1628 688 1883 745 praesentium
1913 689 2172 743 concedimus
2197 688 2372 747 facult&

312 755 417 798 tibus
430 780 445 803 ‚
466 747 793 804 dependentibus
809 777 823 799 ,
852 748 1174 803 emergentibus,
1193 763 1315 792 anne·
1375 760 1456 794 tem
1472 779 1482 790 .
1500 753 1594 793 Non
1612 746 1864 790 obstantibus
1890 748 2117 805 praemislis,
2145 761 2189 790 ac
2207 748 2372 793 Consti·

311 811 372 856 xis
388 841 402 862 ‚
415 812 454 851 &
466 807 656 851 connexis
673 834 688 858 ,
701 815 868 863 totoque
899 808 1074 860 negotio
1093 808 1314 865 principali
1376 809 1601 852 tutionibus
1617 837 1631 859 ,
1655 821 1700 848 ac
1715 806 2056 850 ordinationibus
2089 806 2337 863 Apostolicis
2351 837 2367 862 ,

313 866 528 914 summarie
543 895 559 918 ,
583 876 705 921 prout
727 868 767 908 in
781 863 1086 910 beneficialibus
1102 896 1117 920 ,
1136 867 1316 911 auctori-
1376 867 1609 923 caeterisque
1624 865 1842 909 contrariis
1854 863 2160 922 quibuscunque
2175 894 2185 904 .
2354 865 2361 885 ·”

315 940 396 972 tate
411 926 543 970 nostra
560 924 1183 983 audiatis,cognoscatis,fineque
1199 926 1318 969 debi-
1494 930 1650 970 Datum
1667 927 1809 969 Romae
1832 926 1935 981 apud
1968 929 2157 969 Sanfium
2173 928 2372 969 Petrum..

314 999 358 1029 to
372 986 598 1029 terminetis
614 986 681 1036 ,δι
696 984 895 1028 decidatis
910 1015 922 1027 .
954 987 1042 1028 Nos
1060 986 1168 1029 enim
1185 986 1316 1038 vobis,
1378 985 1448 1028 sub
1475 986 1640 1030 Annulo
1673 983 1889 1028 piscatoris
1922 984 1990 1027 die
2017 998 2039 1026 x
2061 998 2076 1027 1
2104 998 2117 1026 1
2142 997 2176 1025 1.
2199 984 2376 1041 Januatii

314 1050 354 1089 &
376 1045 545 1089 cuilibet
563 1041 732 1087 vestrum
744 1070 758 1093 ‚
774 1058 1036 1101 omne8,quos
1051 1055 1156 1103 opus
1177 1045 1315 1094 fuerit,
1379 1060 1603 1089 mncxxiv-
1620 1042 1884 1089 Pontificatfis
1899 1043 2022 1086 nostri
2036 1057 2142 1092 anno
2157 1045 2306 1101 primo.

317 1104 469 1148 citandi
490 1132 505 1156 ,
522 1101 658 1160 eisque
673 1101 909 1153 inhibendi,
939 1104 1066 1148 etiam
1092 1103 1162 1149 sub
1176 1103 1318 1147 censu·

1079 1292 1639 1359 NOTA.

324 1499 453 1585 AD
477 1497 653 1538 instantias
667 1501 754 1538 RR.
769 1501 839 1539 Pl’.
859 1501 1149 1539 Recoueetorum
1165 1499 1410 1549 Apostolicum
1435 1501 1502 1536 hoc
1525 1501 1639 1536 Breve
1658 1499 1768 1538 fuerat
1789 1500 2014 1546 expeditum,
2035 1496 2132 1544 quod
2149 1508 2227 1534 cum
2244 1496 2280 1534 in
2293 1495 2373 1532 Fra-

440 1555 530 1583 trum
556 1550 752 1587 nostrorum
775 1549 1007 1599 praejudicium
1038 1562 1198 1597 vergeret
1221 1574 1234 1591 ,
1263 1550 1361 1586 illius
1387 1549 1605 1585 moderamen
1634 1549 1700 1585 fuit
1723 1549 1873 1595 petitum
1899 1573 1914 1594 ‚
1938 1551 1973 1586 &
2005 1546 2102 1585 causa
2133 1546 2174 1582 ad
2201 1547 2375 1600 Sacram...

321 1595 645 1638 Congregationem
669 1608 816 1636 avocata
844 1610 903 1646 per
926 1599 1059 1638 litteras
1084 1599 1259 1649 sequentes
1284 1622 1299 1644 ‚
1334 1597 1560 1635 illustrissimo
1576 1598 1731 1634 Domino
1760 1596 1934 1645 Episcopo
1957 1596 2156 1639 Gravinae,
2176 1597 2210 1630 δι
2241 1595 2381 1630 Nuntio

326 1642 535 1689 Apostolico
562 1644 702 1683 Mati-iti
725 1646 925 1695 inscriptas:

815 1791 987 1850 Illustris
999 1823 1013 1846 ,
1038 1806 1083 1837 ac
1100 1793 1425 1838 Reverendils'ime
1439 1797 1602 1837 Domine
1623 1793 1686 1837 uti
1717 1796 1864 1837 Frater
1884 1823 1895 1834 .

424 1943 589 1984 Vertente
609 1947 672 1985 lite
701 1948 741 1984 in
766 1948 823 2000 isto
853 1950 1043 1987 Tribunali
1071 1952 1189 1990 Sacra
1214 1948 1453 1990 Nuntiatum
1478 1951 1572 1989 inter
1599 1949 1857 1988 Provincialem
1879 1973 1893 1993 ,
1931 1947 1976 1990 ὼ·
2001 1946 2207 1996 Definitores
2228 1941 2292 1982 FF.
2311 1943 2381 1982 Ca·

320 1996 526 2043 pucinorum
554 1997 750 2035 Provinciae
776 1998 947 2037 Valentia
972 2024 985 2043 ‚
1009 2001 1053 2042 ὰ
1078 2002 1178 2039 inter
1206 1999 1349 2038 Fratres
1378 1999 1505 2040 stin.
1530 1999 1794 2046 Observantet,
1824 1995 2028 2035 Recollefiot
2053 2003 2296 2045 nuncupator,
2320 1991 2383 2041 qui

324 2042 585 2082 translationem
610 2047 716 2084 unius
743 2049 946 2087 Conventus
964 2050 1223 2097 Capacinorum
1249 2051 1289 2085 t'n
1308 2050 1470 2086 Civitate
1493 2049 1536 2084 de
1554 2048 1725 2091 Origuela
1739 2072 1749 2088 ,
1774 2047 1816 2084 de
1845 2045 1964 2082 nocivi
1989 2046 2085 2082 ae'ris
2102 2045 2173 2094 situ
2193 2041 2264 2089 ‚ad
2277 2041 2384 2078 alium

328 2091 436 2128 locum
459 2093 629 2130 meliorem
653 2096 934 2144 impugnarunt,
962 2097 1045 2132 dieti
1074 2098 1249 2145 capucini
1273 2098 1505 2132 obtinuerunt
1525 2095 1740 2140 sententiam
1752 2093 1988 2140 favorabilem
2009 2116 2021 2128 .
2048 2094 2142 2131 Cum
2168 2100 2282 2128 autem
2312 2089 2382 2126 Re-

325 2139 454 2178 collec‘ii
475 2141 630 2188 praediliii
655 2143 699 2178 ab
729 2144 923 2190 hujusmodi
941 2144 1127 2187 fintentia
1148 2141 1428 2189 appellaverint,
1452 2140 1497 2179 ὁ·
1522 2140 1722 2179 evicerint,
1748 2149 1790 2175 ut
1814 2139 1917 2186 causa
1941 2138 2187 2188 appellationis
2205 2147 2273 2188 per
2285 2137 2379 2175 ‘Bre-

327 2199 371 2223 ve
386 2211 396 2226 ,
419 2186 703 2235 Reverendrffimo
719 2189 867 2224 Domino
882 2189 1038 2236 Episcopo
1057 2189 1250 2226 conchensi
1262 2188 1559 2230 committeretur,
1583 2187 1645 2235 qui
1669 2186 1712 2228 (θ’
1727 2185 2136 2240 Capucinisprogreffum
2162 2187 2208 2224 ad
2234 2186 2379 2224 ulterio-

328 2244 371 2271 ra
396 2233 555 2270 inhibuit
582 2258 596 2277 ‚
621 2234 798 2273 Sanflitas
825 2237 902 2274 Sua
927 2235 1111 2272 mandavit
1140 2261 1154 2280 ‚
1187 2249 1229 2275 ut
1252 2235 1446 2320 hquoai
1480 2235 1584 2285 causa
1620 2235 1660 2270 in
1699 2235 1762 2271 hac
1799 2237 1912 2274 Sacra
1952 2237 2228 2286 Congregatione
2261 2246 2380 2283 cogno-

322 2281 447 2332 fiatur
460 2305 473 2325 ,
498 2282 541 2323 ὁ·
566 2284 779 2320 terminetur
810 2309 824 2327 ‚
848 2283 1000 2332 mihique
1028 2284 1276 2321 Dominationi
1337 2283 1428 2332 estrae
1446 2283 1605 2331 seribere
1632 2282 1794 2331 injunxit
1810 2306 1824 2327 ,
1845 2293 1887 2320 ut
1911 2284 2046 2321 nomine
2067 2287 2148 2323 Suae
2177 2284 2384 2323 Saniiitatit

329 2330 490 2378 Episcopo
506 2332 649 2378 praefato
675 2331 828 2368 inculcet
851 2354 864 2372 ‚
889 2340 1061 2377 quatenus
1086 2331 1332 2369 inhibitionem
1348 2331 1450 2379 fitam
1476 2331 1677 2368 moderetur
1693 2353 1707 2374 ,
1730 2331 1774 2367 ab
1799 2329 1968 2369 ulteriore
1993 2327 2166 2386 progreffu
2196 2331 2389 2381 abstineat,

329 2379 373 2420 &³
390 2388 572 2424 utramque
592 2387 728 2424 partem
752 2378 799 2413 ad
824 2379 970 2414 Sacram
995 2378 1305 2428 Congregationem
1325 2381 1379 2418 ita
1403 2381 1564 2417 remittat
1579 2405 1591 2422 ,
1629 2378 1723 2429 quast
1739 2379 1937 2428 pradinum
1950 2379 2072 2418 ‘Breve
2097 2381 2157 2430 ipsi
2169 2391 2382 2429 nunqnam„

326 2424 443 2477 fuiffet
461 2425 722 2473 prasentatum.
751 2426 873 2475 Itaque
905 2426 979 2468 &aa

426 2473 541 2512 Roma
574 2474 801 2526 23..4ugusti
832 2478 939 2523 1624.

1692 2579 1952 2632 Cardinalis
1990 2579 2220 2631 Bandinus
2235 2617 2246 2629 .

430 2744 600 2781 Rationes
630 2769 641 2785 ‚
668 2747 703 2782 &
727 2745 808 2793 jura
835 2748 998 2794 praetensa
1029 2749 1114 2787 intra
1140 2750 1322 2797 praefixum
1348 2759 1500 2797 quatuor
1537 2748 1697 2785 menliurn
1729 2749 1913 2786 terminum
1930 2773 1940 2790 ‚
1967 2747 2052 2784 RR.
2068 2747 2224 2785 Patribus
2244 2749 2381 2786 Adver-

339 2793 434 2830 sariis
454 2805 524 2829 non
549 2794 825 2841 producentibus
851 2820 862 2839 ,
888 2798 993 2834 sacra
1016 2799 1261 2845 Congregatio
1284 2812 1416 2836 novum
1448 2826 1458 2841 ‚
1485 2799 1522 2836 δι
1550 2799 1816 2846 peremptorium
1847 2798 1997 2834 duorum
2028 2797 2196 2835 manlium
2229 2797 2272 2834 ad
2295 2798 2384 2836 hunc

336 2843 438 2880 linem
463 2842 545 2880 fixit
561 2866 575 2888 ‚
599 2843 755 2891 sequenti
782 2845 937 2893 Epistola
952 2871 967 2891 ‚
986 2848 1025 2884 P.
1045 2847 1253 2885 Guardiano
1283 2850 1321 2888 S.
1346 2851 1451 2886 Annae
1477 2847 1761 2886 Recollestorum
1787 2846 1972 2895 inscripta:

1050 2996 1272 3039 Reverendo
1296 3000 1340 3040 in
1367 2996 1518 3055 Christo
1545 2998 1660 3041 Pater
1674 3025 1687 3038 .

446 3147 524 3187 <Ab
550 3158 640 3185 anno
662 3149 759 3198 jam,
785 3148 829 3191 ὁ·
853 3149 948 3188 ultra
972 3150 1086 3188 Sacra
1110 3152 1179 3189 haec
1207 3153 1445 3201 Congregatio
1462 3177 1475 3197 ‚
1499 3166 1541 3192 ex
1559 3153 1703 3202 speciali
1725 3153 1926 3204 Sanfiiffimi
1938 3151 1998 3188 ‘D-
2013 3152 2068 3194 Ν.
2089 3151 2252 3191 mandato
2273 3175 2285 3194 2
2306 3161 2388 3189 Μί-

333 3202 411 3251 sam
428 3200 492 3251 fibi
521 3196 729 3238 advocavit,
753 3209 826 3246 quae
839 3199 934 3237 inter
950 3199 1211 3238 Provincialcm
1228 3225 1242 3245 ‚
1266 3203 1308 3244 ὠ·
1325 3201 1534 3249 Definitores
1550 3203 1616 3241 FF.
1630 3204 1887 3252 Capueiuorum
1913 3201 2012 3250 istius
2024 3202 2223 3242 frowine-ia
2247 3210 2289 3236 ex
2300 3211 2389 3243 una,

342 3252 385 3292 ὰ
414 3251 462 3287 Te
476 3271 489 3290 ‚
514 3243 574 3283 vel
597 3246 842 3295 Monasterium
866 3248 956 3298 istud
979 3259 1080 3286 tuum
1095 3274 1109 3294 ,
1136 3251 1300 3299 partibus
1331 3263 1372 3288 ex
1399 3249 1511 3287 altera
1530 3278 1539 3294 ,
1561 3253 1633 3302 jam
1664 3250 1798 3300 pridem
1825 3251 2008 3288 dicebatur
2035 3249 2186 3298 indecisa
2205 3247 2388 3298 pendero

332 3299 440 3347 super
467 3294 566 3344 istius
590 3296 779 3333 eorumdem
804 3295 970 3347 Fratrum
995 3298 1256 3347 Capacinorum
1284 3301 1394 3338 Mona
1421 3300 1489 3335 erii
1517 3300 1748 3338 translatione
1769 3300 1813 3336 ab
1834 3311 1870 3335 eo
1885 3323 1898 3340 ‚
1921 3300 1961 3335 in
1983 3308 2050 3348 quo
2078 3308 2171 3335 nunc
2195 3297 2388 3346 reperitur,

333 3347 431 3397 fita,
456 3344 500 3382 ad
529 3343 635 3379 alium
647 3344 884 3393 salubrioris,
908 3358 949 3386 ut
971 3348 1160 3397 praefertur
1175 3372 1189 3393 ,
1215 3350 1311 3386 ab'ris
1340 3373 1350 3384 .
1406 3347 1566 3396 odemque
1593 3357 1741 3398 tempore
1763 3344 1908 3386 Nuntio
1933 3344 2126 3396 Apostolico
2152 3346 2386 3384 mandatam

337 3397 416 3445 fuit
432 3422 442 3436 ,
464 3402 505 3431 ut
531 3393 599 3428 tihi
620 3417 633 3437 ‚
658 3405 698 3429 ac
724 3394 929 3444 Monasterio
955 3395 1010 3446 isli
1036 3406 1095 3435 tuo
1112 3421 1124 3442 ‚
1143 3399 1281 3446 praevia
1317 3397 1436 3446 Causa
1462 3396 1656 3446 hujusmodi
1689 3394 1927 3432 advocationis
1953 3395 2174 3432 intimatione
2198 3419 2210 3439 ‚
2236 3404 2387 3443 quatuor

347 3445 502 3494 mensium
526 3443 714 3478 terminum
731 3466 745 3485 s
769 3444 814 3479 ad
844 3445 919 3483 'ura
944 3444 1057 3495 vestra
1081 3458 1291 3495 quacunque
1321 3470 1333 3491 ,
1360 3446 1495 3493 causam
1521 3445 1615 3496 istam
1636 3444 1819 3492 tangentia
1849 3467 1860 3486 ,
1891 3444 1933 3478 in
1957 3445 2075 3482 eadem
2100 3446 2213 3483 Sacra
2238 3445 2391 3492 Congre-

343 3496 487 3541 gatione
512 3491 730 3537 proponenda
750 3500 820 3541 prae
841 3503 942 3542 geret
969 3507 983 3535 3
1007 3494 1115 3544 Qu
1142 3495 1231 3533 tert?
1256 3495 1301 3532 ab
1324 3496 1436 3531 eodem
1461 3492 1605 3534 Nuntio
1623 3493 1754 3543 faffium
1773 3489 1877 3543 fusffe
1898 3504 1967 3528 non
1991 3494 2178 3531 dubitatur
2198 3519 2208 3531 .
2233 3490 2386 3537 Verona,

350 3554 426 3579 cum
452 3552 494 3578 ex
515 3548 617 3588 parte
641 3548 704 3576 tua
732 3565 744 3584 ,
773 3543 830 3579 vel
853 3543 1056 3593 Monasterii
1086 3544 1144 3582 tui
1156 3567 1169 3587 ,
1194 3543 1254 3580 nil
1273 3544 1416 3594 prorsus
1443 3542 1620 3582 dedufium
1638 3566 1651 3587 ‚
1680 3540 1909 3591 allegatumve
1935 3540 2096 3580 haetenus
2114 3543 2256 3592 fuerit,
2285 3542 2387 3588 iidem

350 3591 431 3628 vero
454 3589 595 3626 Fratres
625 3588 796 3637 Capucini
816 3601 878 3640 pro
901 3594 1115 3642 expeditione
1139 3594 1247 3643 causae
1277 3593 1349 3644 jam
1379 3593 1444 3631 diu
1469 3592 1658 3642 institerint
1682 3615 1696 3635 ‚
1721 3603 1761 3628 ac
1784 3590 2016 3636 indefinenter
2043 3590 2170 3642 instent
2194 3615 2208 3636 ,
2239 3592 2385 3631 samu

352 3637 585 3688 congregatio
600 3662 614 3681 ,
640 3648 824 3687 antequam
848 3641 893 3677 ad
921 3643 959 3678 id
981 3642 1173 3685 deveniat,
1205 3653 1334 3679 novum
1354 3643 1422 3679 tibi
1444 3667 1457 3687 ,
1480 3644 1524 3686 (β’
1548 3638 1752 3691 Monasterio
1778 3638 1832 3690 isti
1855 3649 1915 3677 tuo
1932 3663 1942 3682 ,
1951 3639 2016 3688 sed
2040 3641 2178 3677 omnlno
2201 3644 2386 3689 perempto·

353 3687 444 3723 rium
466 3687 611 3723 duorum
635 3688 788 3737 mensium
821 3702 841 3726 a
866 3690 922 3727 die
942 3691 1220 3741 praesentationis
1247 3691 1429 3776 catzsarum
1454 3690 1643 3741 huiusmodi
1669 3688 2002 3737 computandorum,
2031 3690 2221 3726 terminum
2235 3686 2389 3738 statuen-

356 3734 436 3768 dum
452 3758 462 3775 2
487 3736 530 3775 ὁ·
556 3734 786 3783 affignandum
803 3739 883 3786 sore
906 3740 1011 3777 duxit
1028 3766 1038 3782 ,
1066 3748 1171 3789 prout
1195 3737 1275 3779 Nos
1326 3752 1425 3777 arum
1443 3741 1560 3789 serie,
1589 3739 1752 3790 ipsiusque
1777 3738 2069 3784 Congregationir
2083 3739 2246 3781 nomine,
2257 3735 2383 3786 statui-

356 3792 427 3816 mm
445 3806 455 3821 ‚
482 3780 584 3818 Vobis
611 3786 653 3824 (θ’
680 3786 903 3834 affignamus,
928 3790 973 3824 ad
999 3789 1110 3838 vestra
1135 3789 1372 3826 incumbentia
1394 3793 1432 3826 in
1458 3789 1572 3826 eadem
1599 3791 1720 3826 §uc-ra.
1738 3787 2018 3835 Congregatioue
2034 3786 2204 3834 fricienda
2219 3810 2234 3830 ,
2260 3784 2383 3826 ,dieen-

357 3828 501 3877 dumque
515 3851 528 3873 ‚
551 3831 593 3870 ὠ·
619 3831 833 3881 allegandum
843 3861 859 3882 ,
885 3837 942 3873 vel
965 3837 1059 3882 dici,
1082 3838 1126 3879 (ἓν
1149 3837 1295 3885 allegari
1317 3838 1520 3886 faciendum
1536 3862 1549 3884 ,
1575 3835 1749 3887 quidquid
1776 3836 1878 3872 vobis
1903 3836 2120 3880 occurrerit,
2147 3833 2207 3871 vel
2226 3832 2385 3881 ‘conferre

2266 3896 2328 3922 vt-
