2592 4094
407 227 578 310 208

339 365 458 416 cari,
482 363 595 423 quod
622 367 770 412 dietum
799 363 1065 415 'Orator-ium,
1089 362 1157 407 seu
1170 364 1321 420 Capel-

348 424 429 467 lam
444 427 576 472 Sansti
595 430 727 483 Lupi,
744 426 923 478 illiusque
953 420 1169 467 circuitum
1184 451 1198 474 ‚
1225 438 1321 480 pro·

348 486 525 536 phanato
543 486 660 535 loco,
685 487 724 524 &
737 484 786 525 ad
802 481 1047 536 prophanos‚
1068 495 1145 525 non
1160 495 1326 527 tamen,

348 546 531 594 sordidos
553 547 659 597 usus,
676 541 851 586 redacto,
872 539 1049 581 cresium
1062 539 1116 582 ibi
1130 542 1181 585 ad
1197 541 1328 596 quod-

346 606 438 654 ἀλῶ
458 599 607 657 ,Αἰτεῖτε
621 629 634 652 ,
651 597 729 641 *seu'
748 596 961 653 Capellam
982 598 1175 646 ,Ecclefiae
1202 600 1326 642 fabri-

345 666 485 712 candae
510 658 734 717 hujusmodi
761 658 1013 704 transferre,
1040 655 1106 701 seu
1135 673 1321 715 percos,

346 729 396 769 ad
411 738 506 780 quos
529 720 553 762 s
545 721 673 775 pestat
693 745 706 768 ‚
722 712 928 759 transferri
943 713 1074 759 facere
1088 744 1101 767 a
1115 732 1160 760 ac
1175 719 1327 775 postre-

346 787 415 828 mb
441 793 520 822 tam
536 777 612 819 illis
627 805 641 826 ,
656 775 774 831 quam
792 775 943 818 Domui
979 776 1171 831 Regulari
1198 776 1325 834 hujus·

347 841 456 885 modi
474 866 487 888 ‚
500 834 608 892 quod
624 833 836 884 omnibus,
865 835 904 876 δι
922 834 1081 890 lingulis
1099 837 1324 885 immunita-

345 902 449 942 tibus
467 924 480 947 ,
504 891 850 948 exemptionibus,
875 893 1092 949 privilegiis
1109 921 1124 944 ‚
1155 896 1293 951 gratiis
1307 924 1323 945 ,

343 953 656 999 concessionibus
670 977 684 999 a
700 949 963 1005 indulgentiis
977 983 991 1005 ,
1019 952 1223 996 favoribus
1240 982 1253 1005 ,
1283 955 1322 995 ὅτ.

344 1013 512 1058 indultis
527 1039 540 1062 ,
560 1011 702 1066 quibus
719 1009 802 1052 alia:
817 1010 968 1053 Domus
1005 1013 1229 1066 Regulares
1244 1015 1319 1054 Or·

345 1074 448 1116 dinis
467 1069 639 1128 praediffl
651 1096 664 1117 a
681 1068 929 1126 illorumque
945 1070 1122 1127 personae
1138 1081 1323 1123 utuntur,

341 1132 557 1189 potiuntur
572 1157 586 1180 ‚
597 1130 633 1170 &
651 1127 855 1183 gaudent,
870 1127 1142 1183 parison-miter
1156 1130 1240 1181 uti,
1255 1145 1321 1185 po.

342 1191 445 1243 tiri,
469 1191 508 1231 δε
523 1186 700 1244 gaudere
716 1185 880 1242 pomos,
901 1188 938 1228 δι’
961 1187 1122 1231 valeant
1137 1215 1151 1237 ‚
1173 1202 1321 1231 conce-

342 1250 473 1292 dimus
490 1276 504 1301 ,
525 1250 564 1291 δι
586 1245 840 1302 indulgemus
859 1258 927 1288 :ac
943 1245 1153 1302 praesentes
1170 1247 1323 1290 litteras

342 1308 396 1350 de
422 1305 712 1361 subreptionis,
729 1303 796 1346 vel
817 1305 1066 1360 obreptionis
1081 1334 1095 1357 ‚
1110 1315 1177 1347 aut
1203 1305 1325 1348 nulli-

342 1367 439 1408 tatis
467 1365 568 1407 vitio
585 1393 599 1415 ,
614 1364 678 1404 seu
696 1364 930 1405 intentionis
948 1363 1086 1406 nostrae
1103 1394 1117 1416 ‚
1147 1365 1208 1406 vel
1226 1378 1326 1420 quo·

341 1425 446 1482 piam
463 1423 545 1466 alio
560 1419 716 1464 defectu
735 1422 891 1473 notari,
913 1422 1166 1477 impugnari,
1187 1425 1251 1467 vel
1268 1425 1325 1466 in·

341 1481 516 1527 validari
531 1495 608 1524 non
624 1477 755 1536 posse,
776 1480 838 1523 sed
863 1479 952 1523 illas
982 1479 1164 1539 semper,
1179 1485 1218 1526 δι
1236 1497 1319 1539 per·

341 1542 472 1598 petuo
499 1540 651 1583 validas
672 1568 683 1590 ,
710 1541 750 1581 δι
778 1536 910 1580 firmas
942 1541 1181 1592 existere‚&
1199 1543 1287 1585 fore
1307 1570 1322 1593 ,

340 1601 507 1655 suosque
522 1599 748 1654 plenarios,
766 1599 805 1638 &
825 1598 1003 1654 integros
1034 1600 1193 1644 effeetus
1208 1600 1325 1643 sorti-

339 1660 378 1702 ri
392 1686 408 1706 a
428 1660 468 1699 δε
481 1659 668 1698 obtinere
683 1681 697 1703 2
710 1669 755 1697 ac
776 1657 829 1697 ita
846 1671 917 1708 per
939 1663 1210 1716 quoscumque
1220 1659 1330 1716 Judi·

342 1730 410 1758 ces
426 1714 660 1757 ordinarios
675 1742 688 1764 ‚
700 1713 988 1769 &delegatos,
1015 1718 1165 1759 sublata
1190 1720 1247 1759 eis
1263 1747 1276 1770 ,
1290 1719 1328 1759 &

340 1787 486 1817 eorum
500 1773 686 1822 cuilibet,
702 1771 822 1813 aliter
832 1771 1037 1827 judicandi
1052 1803 1066 1824 ,
1084 1777 1121 1815 &
1138 1777 1336 1830 interpre-

342 1831 459 1876 tandi
476 1829 675 1873 facultate
687 1855 702 1877 2
717 1827 902 1881 iudicari,
929 1844 974 1871 ac
989 1829 1149 1873 definiri
1169 1833 1334 1880 debere,

345 1907 392 1935 ac
420 1889 609 1940 irritum,
623 1890 663 1930 δε
686 1888 805 1929 inane
821 1915 835 1938 ‚
856 1887 1051 1943 quidquid
1097 1888 1206 1933 secus
1221 1891 1334 1946 {uper

343 1954 369 1994 h
379 1951 408 1993 is
422 1951 443 1990 a
457 1962 661 2005 quoquam
672 1974 689 1999 -‚
703 1944 845 2002 quavis
873 1948 1114 1990 auaoritate
1132 1949 1305 1992 scienter
1318 1976 1333 2000 ,

343 2010 411 2052 vel
442 2010 672 2062 ignoranter
694 2005 911 2060 contigerit
937 2007 1164 2056 attentari,
1188 2010 1331 2051 decen-

435 2080 458 2105 u
496 2091 506 2102 .

346 2081 432 2111 mm
464 2080 667 2178 {roirca
684 2119 1000 2160 venerabilibus
1020 2120 1241 2170 Fratribus,
1259 2120 1338 2159 Ar·

346 2180 606 2233 chiepiscopo
622 2175 824 2218 Tolosano
843 2206 858 2227 ,
890 2177 928 2217 &
946 2175 1145 2232 Episcopo
1177 2178 1337 2219 Narbo.

344 2238 472 2287 nenfi,
489 2252 535 2279 ac
555 2236 707 2278 dileat>
725 2234 844 2286 Pilio,
862 2234 1172 2290 Archiepiscopo
1189 2233 1334 2276 Eccle-

343 2299 404 2342 fiae
423 2297 649 2340 Narbonnae
673 2307 745 2349 per
776 2292 986 2347 praesentes
1008 2294 1324 2342 committimus,

350 2360 391 2403 δι
412 2355 646 2399 mandamus
660 2381 675 2405 ‚
691 2362 735 2394 ut
748 2351 846 2407 ipfi,
876 2352 941 2394 vel
958 2352 1040 2394 duo
1057 2377 1071 2400 s
1099 2362 1169 2394 aut
1190 2364 1289 2394 unus
1310 2379 1327 2402 ‚

1076 2530 1298 2594 ΝΟ

1056 213 1652 311 Provincia

1382 377 1520 406 eorum
1536 378 1608 421 per
1627 363 1682 414 se,
1697 361 1761 406 vel
1775 361 2008 414 alium-five
2020 364 2374 424 alios‚‘praesentei

1381 423 1543 466 litteras
1561 452 1574 475 ,
1597 425 1634 465 δι
1660 424 1699 463 in
1718 423 1775 464 eis
1790 432 1984 465 contenta
2009 437 2282 482 quaecumque,
2298 429 2376 481 sog

1388 480 1581 525 lemniter
1595 481 1848 538 publicantes
1863 510 1876 532 ,
1903 480 2034 523 eidem
2048 484 2283 527 Guardian'o
2297 513 2312 537 ,
2324 486 2374 528 δι’

1389 542 1619 593 Pratribus‘,
1639 540 1807 598 aliisque
1835 539 2012 596 personis
2041 540 2265 595 praedietis,
2296 543 2369 586 in...

1385 600 1584 654 praemiffis
1609 599 1786 643 efficacis
1814 596 2057 641 defenfionis
2085 599 2266 655 praesidio
2280 598 2372 643 affi-

1382 657 1702 707 stentes2faciant
1716 659 1961 701 auctoritate
1975 656 2102 700 nostra
2122 668 2190 708 eos
2213 670 2374 714 eorum-3

1387 718 1482 768 dem
1500 715 1783 773 praemissorum
1798 717 1953 760 effectu
1969 715 2081 767 frui,
2107 717 2147 763 δι,
2159 715 2377 772 gaudere,³

1382 791 1466 821 non
1496 777 1809 833 permittentes,
1834 789 1905 819 eos
1926 773 2094 830 desuper
2119 775 2141 816 a
2169 789 2373 832 quoquam

1384 836 1694 892 quomodolibet
1710 863 1727 887 2
1746 835 1887 892 quavis
1900 835 2141 892 auctoritate
2157 859 2172 883 ‚
2186 832 2373 877 indebite

1383 894 1617 937 molestari:
1634 893 1971 937 Contradietores
1985 907 2058 950 per
2076 892 2263 936 censuras
2287 892 2373 934 Ec-

1383 953 1611 996 clefiasticas
1626 982 1639 1005 ‚
1663 953 1819 1009 aliaque
1832 963 2059 1010 opportuna
2074 950 2170 1006 juris
2185 979 2199 1004 ,
2213 952 2252 993 δι
2270 947 2365 992 faeti

1385 1012 1563 1056 remedia
1589 1039 1603 1059 2
1643 1012 1917 1068 appellatione
1944 1008 2156 1067 postpofita
2168 1037 2182 1062 ‚
2210 1021 2374 1063 compe-

1386 1070 1529 1114 scendo
1542 1096 1557 1118 a
1585 1071 1776 1114 invocato
1793 1071 1916 1114 etiam
1930 1070 1977 1111 ad
1996 1071 2075 1111 hoc
2089 1097 2102 1120 ‚
2119 1067 2144 1110 fi
2159 1081 2261 1124 opus
2287 1066 2378 1110 fue-

1383 1133 1439 1173 rit
1451 1156 1465 1179 ,
1479 1129 1799 1172 auxilio'brachii
1816 1127 2011 1172 saecularis
2022 1158 2036 1168 .
2065 1129 2159 1170 Non
2173 1126 2370 1169 obstanti·

1385 1189 1459 1235 bus
1474 1218 1488 1240 ,
1502 1187 1746 1231 fel-record·
1765 1188 1878 1235 Pauli
1900 1187 1955 1233 11.
1980 1183 2279 1242 praedecefloris
2295 1191 2372 1227 no-'

1389 1247 1472 1298 (iri,
1488 1246 1538 1296 de
1555 1247 1678 1293 rebus
1695 1247 1880 1290 Ecclefiae
1896 1259 1975 1292 non
2001 1242 2226 1286 alienandis
2238 1268 2253 1291 2
2284 1241 2384 1285 aliis.

1389 1320 1466 1363 que
1484 1305 1854 1350 Constitutionibus
1868 1332 1883 1356 ‚
1907 1307 1946 1348 δι
1972 1299 2307 1345 ordinationibus
2320 1301 2380 1344 A·

1391 1363 1593 1421 postolicis
1609 1393 1624 1416 ,
1641 1363 1859 1419 praesertim
1873 1390 1887 1411 2
1911 1359 1990 1419 quai
2003 1360 2268 1404 interdicitur
2285 1360 2380 1402 Fra-

1388 1423 1518 1467 tribus
1543 1422 1744 1466 Ordinum
1772 1420 2100 1466 Mendicantium
2116 1448 2132 1472 ,
2151 1433 2200 1462 ne
2223 1421 2381 1462 nomos

1386 1481 1437 1525 ad
1454 1480 1763 1525 inhabitandum
1777 1481 1921 1536 absque
1939 1478 2104 1536 speciali
2121 1477 2235 1522 Sedis
2272 1479 2387 1533 Apo-

1385 1541 1536 1587 stolicae,
1564 1540 1726 1585 licentia
1743 1540 1972 1597 recipiant,
2000 1550 2175 1581 necnon
2213 1534 2385 1579 Ordinis

1389 1598 1563 1657 praedifti
1579 1626 1593 1650 2
1624 1598 1745 1643 etiam
1770 1597 2025 1654 juramento,
2056 1594 2384 1639 confirmatione

1391 1657 1641 1714 Apostolica,
1666 1657 1730 1700 vel
1746 1657 1886 1713 quavis
1908 1655 2101 1698 firmitate
2113 1655 2194 1697 alia
2213 1653 2386 1696 robora-

1395 1718 1447 1759 tis
1477 1717 1634 1759 statutis
1649 1743 1662 1764 ³
1685 1717 1725 1758 δι
1739 1713 2130 1765 consuetudinibus,
2153 1710 2382 1768 privilegiis

1396 1774 1757 1830 quoque,indultis
1771 1804 1787 1824 ,
1806 1776 1846 1817 δι
1870 1773 2000 1815 literis
2016 1771 2272 1826 apostolicis,
2296 1768 2388 1826 qui-

1400 1832 1528 1875 busvis
1554 1830 1733 1887 personis
1758 1832 1797 1871 in
1820 1830 2068 1872 contrarium
2099 1826 2387 1883 praemifforurn

1393 1888 1704 1946 quomodolibet
1731 1887 1921 1931 conceffis
1935 1914 1950 1937 ,
1970 1884 2219 1932 confirmatis
2235 1914 2249 1939 ,
2263 1883 2313 1928 δι’
2326 1884 2386 1929 in-

1394 1947 1550 1992 novatis
1566 1947 1756 2003 ,aliisque
1777 1947 1992 1990 contrariis
2007 1944 2325 2001 quibuscumque
2345 1970 2378 1985 ..

1509 2011 1660 2050 Datum
1678 2007 1822 2047 Romae
1845 2005 1965 2059 apud
1982 2005 2169 2045 Sanctum
2193 2005 2380 2046 Marcum

1349 2073 1351 2075 ’
1397 2061 1466 2102 sub
1496 2061 1668 2104 Annulo
1692 2059 1909 2103 Piscatoris
1930 2059 1997 2100 die
2016 2059 2169 2101 decima
2193 2061 2380 2113 Septem·

1397 2116 1482 2181 bris
1513 2127 1754 2158 mmxxxxs.
1789 2113 2058 2161 Pontifican‘is
2087 2115 2216 2159 nostri
2248 2117 2371 2159 Anno

1395 2187 1529 2230 primo
1549 2199 1560 2212 .

1390 2293 1599 2348 Exemplar
1612 2305 1698 2335 eum
1722 2290 1875 2332 minuta
1888 2291 2078 2346 originali
2095 2293 2147 2334 'in
2169 2293 2291 2336 Arcb.
2310 2293 2391 2344 (ie-„⁴

1447 2365 1530 2395 ner.
1549 2351 1646 2394 Ord.
1670 2353 1860 2394 Armarto
1875 2350 2087 2395 Provincia
2109 2347 2255 2394 Tolosa
2265 2363 2315 2409 na
2333 2376 2349 2395 ι

1387 2527 1635 2593 TA.

346 2719 394 2809 I
409 2717 701 2763 Nstrumentum3
727 2717 821 2765 quod
838 2717 872 2753 in
886 2717 1052 2755 anteriore
1065 2719 1170 2758 Brevi
1187 2722 1399 2770 Apostolico
1414 2729 1617 2760 memoratur
1636 2743 1651 2767 ,
1674 2720 1712 2757 &
1736 2729 1808 2768 quo
1831 2713 2024 2755 Cardinalis
2048 2710 2214 2763 JoJosaeua
2232 2709 2394 2757 donatio-⁴
2452 2712 2454 2714 ’

419 2782 495 2808 nem
511 2768 683 2813 firmavit,
708 2766 774 2804 fuit
788 2767 919 2805 tenoris
944 2767 1138 2816 sequentis:

341 2925 444 2973 Nos
481 2914 746 2973 Franciscus
784 2917 839 2967 de
870 2917 1033 2986 Jojosa
1061 2955 1078 2977 ,
1110 2920 1280 2971 Sanetae
1314 2918 1623 2970 Narbonensis
1652 2914 1856 2970 Ecclesiae
1887 2951 1903 2975 ,
1952 2914 2072 2965 tituli
2101 2908 2392 2963 Sanfflffimae

500 2991 742 3043 Trinitatis
783 2991 825 3036 in
858 2994 1022 3038 Monte
1058 2993 1213 3039 Pincio
1245 2990 1492 3057 Presbyter
1522 2990 1779 3042 Cardinalis
1807 3022 1824 3046 ,
1854 2981 2236 3054 Archiepiscopus

744 3057 1000 3112 Tolosanus
1027 3095 1042 3119 ,
1082 3078 1134 3109 ac
1168 3057 1405 3110 fruetuum
1454 3060 1660 3112 Ecclefiae
1703 3054 2008 3110 Narbonensis

1066 3129 1364 3199 Apostolicus
1391 3129 1646 3183 reservator
1665 3167 1677 3180 .

449 3299 565 3340 Nihil
581 3300 681 3339 aliud
692 3302 793 3350 quim
807 3303 928 3342 multos
940 3303 1061 3352 dignos
1073 3325 1088 3346 ‚

1112 3302 1156 3345 ἀγ
1169 3300 1347 3338 admodum
1358 3297 1460 3336 utiles
1472 3299 1512 3334 in
1528 3297 1632 3336 vinea
1645 3296 1787 3337 Domini
1801 3295 1991 3345 operarios
2004 3290 2160 3343 optantes
2175 3288 2187 3330 ἶ
2209 3288 2279 3338 piis
2290 3285 2394 3336 ΡοΡὶί-

347 3351 374 3388 li
393 3349 486 3388 difflae
506 3352 677 3388 Civitatis
694 3349 925 3397 Narbonenfis
939 3353 1031 3390 votis
1044 3377 1057 3396 ,
1082 3351 1201 3389 diebus
1211 3346 1364 3399 proxime
1377 3347 1487 3398 elapfis
1501 3344 1616 3385 Nobis
1629 3347 1765 3396 proprio
1780 3356 1835 3382 ore
1848 3344 1922 3380 illic
1936 3343 2084 3403 exponis
2100 3367 2112 3383 ,
2134 3337 2396 3394 precibus-quo·

351 3413 419 3449 que
437 3399 601 3437 Oratom’s
615 3423 627 3443 ‚
644 3400 719 3449 suae
733 3399 926 3450 Religionis
938 3402 1070 3438 nomine
1081 3427 1091 3442 ‚
1119 3401 1204 3436 bona
1216 3399 1394 3437 voluntate
1407 3406 1596 3434 annuentes
1606 3419 1618 3438 ,
1645 3394 1850 3433 Oratorium
1864 3391 1982 3431 Sanffi
2031 3391 2102 3439 upi,
2117 3387 2188 3427 una
2205 3397 2279 3423 cum
2297 3383 2394 3440 spsfus

348 3449 508 3486 d⁰m¹⁰bu5
523 3475 536 3495 2
562 3448 658 3487 horto
673 3475 684 3494 2
711 3449 856 3499 aliisque
877 3451 1020 3500 juribus
1033 3477 1043 3492 ‚
1066 3451 1109 3494 ὼ·
1131 3448 1389 3497 pertinentibus
1414 3454 1516 3496 prope
1536 3444 1657 3480 ditium
1669 3443 1858 3481 Civitatem
1872 3466 1885 3485 ,
1910 3440 2087 3477 meridiem
2107 3436 2251 3477 versus,
2279 3433 2395 3491 adjus.

346 3497 503 3547 praefatae
520 3498 661 3550 Ecclesia
679 3495 872 3537 Narbonen
884 3514 910 3537 ις
926 3501 1105 3549 pertinens
1118 3524 1131 3543 ,
1158 3497 1370 3534 authoritate
1384 3522 1394 3537 ‚
1420 3495 1540 3543 quain
1554 3504 1592 3529 ea
1602 3491 1787 3540 fungimur
1802 3517 1812 3533 ‚
1835 3489 1993 3539 praediflo
2010 3487 2143 3525 Ordini
2159 3497 2198 3521 ac
2217 3482 2396 3530 Reltgsom

354 3546 623 3595 capuanorum,
637 3549 682 3585 ad
706 3548 837 3585 laudem
890 3551 948 3592 ei,
972 3549 1013 3591 ὰ
1028 3545 1432 3598 ChrislianaeReligs‘onis
1455 3550 1670 3592 augmentum
1695 3541 1972 3589 incorporamus,
1997 3536 2230 3594 annefiimus‚
2259 3542 2394 3591 atque)

343 3594 508 3643 perpetuo
525 3599 663 3637 unimus
679 3624 690 3642 ‚
709 3597 981 3648 facultatemque
1000 3597 1127 3635 ibidem
1139 3595 1331 3644 aedifi'candi
1354 3594 1527 3643 Ecclesiam
1541 3618 1550 3631 ,
1578 3601 1680 3639 atque
1693 3590 1910 3627 Conventum
1919 3585 2133 3637 construenda
2146 3607 2159 3628 ‚
2185 3581 2398 3641 aedvanqm

345 3643 506 3691 Officiam
518 3646 580 3684 diu
595 3648 759 3697 nofluque
775 3646 968 3684 celebrandi
983 3672 996 3691 ,
1021 3646 1064 3689 ὁ·
1076 3646 1291 3695 eleemosynas
1312 3645 1332 3682 ὲ
1350 3640 1648 3693 Christilidelibus‚
1656 3648 1717 3687 per
1729 3638 1851 3676 diffam
1865 3637 2056 3675 Civitatem
2079 3658 2092 3678 ‚
2115 3634 2158 3676 ὁ·
2175 3630 2270 3668 illius
2288 3628 2398 3665 ⁶121ae-

345 3692 426 3738 cefin
439 3695 578 3737 petendi
607 3710 675 3734 non
692 3708 866 3744 negamus,
878 3696 1000 3743 absque
1014 3706 1126 3734 tamen
1135 3695 1334 3744 praejudics’o
1341 3693 1477 3742 jurium
1487 3691 1636 3740 praefatae
1650 3687 1880 3736 Narbonensis
1898 3710 1908 3726 ‚
1917 3685 1960 3727 ὼ·
1970 3680 2226 3722 parochialium
2241 3675 2394 3737 Ef'ffl‘st‘·

345 3749 427 3794 Y'fim
439 3761 450 3779 ³
477 3753 538 3777 ⁷¹⁶⁶
556 3757 624 3782 non
639 3746 846 3796 beneplacito
863 3743 996 3782 Sanflae
1011 3747 1113 3783 Sedis
1128 3744 1321 3795 Apostolieae
1335 3742 1507 3789 reservato
1522 3753 1535 3781 3
1562 3751 1599 3777 ro
1624 3747 1720 3775 antes
1731 3737 1867 3786 insuper
1880 3745 1990 3771 omnes
2011 3732 2172 3783 praefatos
2187 3727 2394 3784 Reultgtosou

347 3786 474 3841 ebidem
485 3797 548 3834 pro
564 3803 709 3844 tempore
727 3803 966 3831 commorantes
982 3817 994 3837 ‚
1021 3803 1062 3830 ut
1077 3795 1114 3829 in
1127 3792 1183 3829 die
1201 3793 1450 3830 Dedicationis
1466 3788 1561 3826 illius
1603 3788 1653 3823 oci
1663 3795 1725 3836 per
1736 3785 1809 3821 illos
1825 3783 1984 3821 habendae
1995 3805 2007 3825 ,
2035 3783 2130 3831 piam
2145 3776 2245 3835 nostrt
2258 3783 2396 3811 comme·

346 3842 630 3885 ''¹⁰7⁰‘'0'1Wsln
644 3842 860 3895 sacrosanfio
874 3840 1030 3881 Atrans
1042 3840 1225 3891 Sacrificio
1237 3840 1400 3892 perpetuo
1405 3839 1547 3890 faciant
1562 3848 1577 3880 3
1601 3836 1643 3880 ὰ
1658 3828 2056 3886 infidempramtffirum
2073 3829 2136 3868 has
2154 3826 2293 3864 lmeras
2321 3831 2399 3861 con·

2251 3870 2353 3921 ceffio·
