2704 4120
544 197 660 279 34
1206 164 1767 253 Provincia

464 319 594 360 eomes,
603 317 681 368 fuit
698 328 829 367 quoque
847 317 944 360 Dux,
957 316 999 357 &⁶
1012 313 1126 361 Caput
1141 309 1364 350 Exercituum
1376 334 1387 352 ‚
1407 309 1585 358 &magna
1594 308 1809 358 prudentia,
1821 308 1965 353 valore,
1988 307 2208 358 &felicitate
2223 311 2342 361 plures
2362 313 2497 349 honoris

464 366 606 403 actiones
618 364 768 414 explevit
779 392 788 402 .
798 364 880 403 Fuit
894 365 936 406 ὼ·
954 363 1174 402 Gubernator
1187 359 1460 407 Andegavensts‚
1474 357 1639 403 Turonis,
1648 358 1758 396 Menae
1774 383 1786 400 ‚
1798 358 1842 401 ὼ·
1853 358 2003 401 Perciae,
2027 369 2067 394 ac
2086 359 2126 397 in
2141 359 2240 398 Aula
2254 360 2497 410 Christianiffi-

463 427 517 454 ma
528 415 682 455 Henrici
698 414 760 452 111.
772 414 932 461 publicis,
947 413 990 453 ὠ·
1009 410 1147 447 maximi
1166 406 1327 456 ponderis
1339 415 1521 455 occupatus
1534 409 1695 455 negotii53
1708 419 1768 445 nec
1781 414 1940 456 tempore,
1959 417 2024 455 quo
2043 406 2084 442 in
2097 406 2301 458 Monasterio
2314 433 2328 453 ,
2341 409 2385 452 &¹
2401 410 2497 446 inter

463 465 630 502 exercitia
655 463 680 510 s
693 462 857 500 iritualia
876 462 970 497 vixit
983 483 996 503 ,
1009 458 1123 506 potuit
1136 454 1232 493 santo
1247 455 1397 493 diminui
1418 467 1592 495 armorum
1604 480 1618 501 ‚
1629 457 1672 501 ὠ·
1683 457 1896 506 negotiorum
1903 454 2124 505 saecularium
2140 457 2365 502 experientia,
2383 469 2494 506 quan-

464 511 500 550 τὸ
513 472 706 548 Βεηειίἰῖἔο
721 535 732 554 ,
741 511 782 553 &¹
793 510 915 558 gratia
929 509 997 545 Dei
1009 503 1243 542 auctoritatem
1255 527 1268 547 ‚
1280 504 1511 543 reverentiam
1526 503 1647 552 ‚fidem
1659 529 1673 550 ,
1686 505 1730 547 (θ’
1748 516 1892 542 amorem
1899 503 2015 553 populi
2027 528 2040 548 ,
2055 500 2135 538 belli
2148 502 2285 540 Ducum
2301 529 2312 546 ‚
2333 507 2378 548 &-
2390 505 2479 543 Mili
2484 525 2498 534 -

463 569 538 599 tum
550 572 632 607 erga
646 570 720 596 eum
763 559 885 606 erfecit
896 580 910 599 ‚
928 554 1039 591 veluti
1063 563 1145 602 erga
1157 552 1344 602 peculiaris
1357 554 1500 602 pietatis
1511 577 1524 598 ,
1553 553 1596 596 cb·
1609 554 1800 590 devotionis
1827 553 2010 603 Personam
2023 577 2035 596 ,
2055 550 2076 587 ὰ
2099 550 2401 600 Deofingulariter
2411 553 2498 590 dile-

463 608 550 646 etam
563 632 575 652 ‚
588 608 630 649 ὡ·
642 606 717 645 coele
744 607 821 644 ibus
836 603 1025 654 favoribus
1049 602 1202 640 dotatam
1212 626 1226 646 ‚
1240 601 1309 651 sub
1321 603 1388 648 qua
1401 600 1455 637 illi
1456 600 1593 650 sinistra
1605 602 1760 640 accidere
1773 613 1841 639 non
1848 599 1934 653 poffe
1943 624 1958 644 ‚
1970 613 2030 638 nec
2052 602 2098 636 iis
2123 597 2204 636 illas
2225 601 2437 687 oppreffones
2450 603 2494 644 ὼ·

468 657 656 694 violentias
667 681 680 700 ,
698 665 770 703 quae
789 650 965 692 ordinarie
990 649 1012 687 ὰ
1021 660 1125 703 gente
1136 650 1310 695 militari,
1322 649 1365 695 (9·
1383 651 1484 688 nimis
1496 649 1693 700 licentiosa,
1699 650 1887 704 prasertim
1901 652 1940 687 in
1953 649 2037 688 bello
2063 647 2168 686 civili
2188 647 2315 701 fieriso
2328 659 2404 698 ent,
2422 649 2500 688 lici-

486 717 506 741 a
581 716 619 741 re
643 703 915 741 arbitrabuntur
925 726 934 740 .
1048 701 1065 713 ’·

467 715 485 745 t
509 717 523 742 s
540 705 714 790 foAccedit
727 750 770 790 (θ’
787 748 858 784 alia
871 771 886 789 ,
908 759 980 798 quae
995 756 1059 798 pro
1068 749 1230 799 pluribus
1244 746 1325 786 aliis
1336 746 1449 794 valet,
1465 748 1557 786 ratio
1569 774 1581 791 ,
1591 748 1682 797 quod
1694 747 1736 785 de
1755 748 1906 798 Persona
1919 757 1991 787 tam
2006 749 2066 796 pia
2087 748 2131 789 (ς’
2142 746 2268 785 devota
2280 770 2293 792 ,
2320 759 2391 796 quae
2427 760 2494 786 om-

463 811 543 852 pam
553 824 565 844 ,
579 801 622 840 (θ’
642 800 728 834 bona
741 796 844 846 hujus
855 796 977 835 mundi
989 807 1061 835 tam
1082 807 1206 848 parum
1223 797 1400 882 ‹tiliimavit
1410 821 1424 841 ,
1445 808 1512 834 non
1523 797 1643 846 poffit(
1658 805 1762 846 prout
1778 796 1901 846 forsan
1913 797 1955 834 de
1967 795 2040 833 alia
2061 795 2145 846 fieri
2157 794 2289 847 poffet)
2309 805 2381 844 pra
2396 798 2465 834 ami
2478 820 2495 842 ‚

468 848 556 897 quod
567 844 624 881 vel
634 845 792 883 avaritia*
806 869 821 890 ,
845 844 904 882 vel
918 846 1102 884 ambitione
1115 873 1129 892 ‚
1143 847 1201 884 vel
1211 858 1232 882 a
1246 847 1281 882 ia
1301 846 1440 895 paffione
1453 868 1465 889 ‚
1485 844 1586 893 quam
1596 854 1684 893 puro
1699 845 1893 894 Religionis
1915 843 2101 884 Catholicae
2121 844 2205 882 Zelo
2229 844 2404 886 ducatur3
2432 856 2494 882 nec

463 895 592 945 poterit
601 893 758 942 praesumi
766 917 779 937 ‚
788 893 878 941 quod
897 892 1002 931 alium
1008 895 1115 943 finem
1130 921 1143 939 ‚
1159 894 1260 944 quim
1269 894 1457 943 servitium
1469 892 1666 941 &gloriam
1677 895 1836 944 respiciat
1851 894 1933 937 Dei,
1947 892 1968 930 ὰ
1981 891 2121 942 quolblo
2133 905 2208 932 cum
2221 893 2279 930 ille
2291 891 2502 941 dependeat,

468 953 560 981 nemo
573 943 698 978 mirari
722 943 821 979 debet
832 968 842 984 ,
855 954 930 980 eum
933 942 1043 990 solum
1057 945 1181 982 auditci
1198 943 1324 981 ‘Ducis
1345 941 1481 979 Fratris
1494 941 1728 1028 funefl‘jst'T‘
1741 944 1784 986 &⁶
1797 944 1876 992 casu
1887 966 1900 988 ‚
1912 941 2124 991 intrepidum
2135 941 2407 991 constantemque
2422 941 2500 978 ani·

468 1002 557 1028 mum
571 988 754 1048 egchibutffi’
765 1013 779 1037 ,
791 992 844 1028 ita
857 1001 898 1029 ut
911 991 955 1036 ὼ·
967 991 1024 1030 ille
1037 992 1135 1043 solus
1157 993 1343 1035 Dominum
1366 989 1587 1031 cardinalem
1622 1029 1625 1030 γ
1642 1001 1772 1031 ratrem
1783 1016 1797 1037 ,
1823 993 1994 1032 Parentes
2004 1015 2019 1037 ,
2045 990 2089 1035 ὁ·
2120 991 2312 1030 Civitatem
2337 987 2502 1041 consolari

490 1049 619 1078 otuertt
633 1063 643 1076 .

463 1049 488 1089 p
565 1087 699 1127 Praeter
708 1088 923 1138 nes-efficacem
934 1113 947 1134 ,
965 1090 1008 1133 ά·
1023 1091 1197 1141 recenfitas
1219 1091 1371 1128 rationes
1387 1114 1399 1130 ‚
1414 1101 1487 1139 quae
1501 1099 1571 1127 tres
1586 1088 1741 1127 Ordines
1753 1089 1799 1126 ad
1818 1089 1879 1126 hoc
1891 1088 2075 1126 remedium
2103 1087 2422 1125 extraordinarium
2446 1088 2504 1125 cai

464 1135 629 1186 piendum
643 1135 859 1176 induxerunt
872 1161 884 1182 ‚
895 1139 1009 1177 modus
1026 1141 1165 1188 insuper
1183 1140 1324 1187 agendi,
1341 1141 1384 1182 ὼ
1401 1137 1606 1187 procedendi
1621 1139 1661 1175 in
1675 1137 1734 1175 hoc
1742 1138 1901 1187 proposito
1917 1137 2091 1174 notandus
2105 1135 2159 1186 esi.
2177 1136 2499 1186 Qntumcunque

467 1183 659 1233 periculum
687 1187 783 1223 uerit
794 1187 1026 1236 ‘grawffimum
1039 1212 1051 1231 ‚
1065 1190 1107 1231 ὼ·
1119 1188 1303 1225 remedium
1323 1186 1465 1225 maxime
1486 1185 1675 1224 accelerari
1689 1188 1840 1234 exegerit
1854 1209 1867 1230 ,
1889 1185 1982 1223 nihil
1997 1195 2112 1223 tamen
2139 1184 2198 1236 vel
2219 1185 2480 1232 praecipitanter
2493 1205 2508 1234 2

471 1234 529 1269 vel
557 1243 654 1271 tumu
669 1234 785 1271 marte
804 1234 911 1273 aetum
935 1235 979 1285 est
990 1261 1002 1280 ‚
1013 1236 1077 1275 imb
1089 1237 1200 1274 omnia
1212 1246 1288 1273 cum
1301 1247 1437 1274 maturo
1448 1234 1622 1286 solidoque
1637 1234 1764 1284 consilio
1785 1247 1836 1282 19.
1853 1233 2033 1271 Deciorum
2049 1256 2062 1276 ‚
2078 1231 2345 1281 Theologorum
2367 1231 2410 1273 ὁ·
2433 1232 2506 1270 Ca-

472 1281 679 1331 nonistarum
693 1291 765 1319 tum
780 1283 1006 1322 Saecularium
1020 1310 1032 1330 ,
1044 1295 1117 1324 tum
1137 1283 1366 1332 Regularium
1383 1283 1669 1335 principaliorum
1695 1283 1871 1320 Ordinum
1897 1281 2051 1331 conclusa
2067 1281 2176 1329 fuire
2189 1309 2197 1318 .
2222 1281 2279 1319 Hi
2293 1291 2349 1318 21.
2369 1279 2509 1317 Offobr·

472 1331 671 1378 congregati
678 1330 746 1379 posi
754 1331 920 1380 plurimas
941 1335 1094 1373 rationes
1107 1358 1118 1377 ‚
1133 1333 1351 1372 auffioritates
1364 1358 1376 1379 ,
1386 1339 1428 1371 Θ
1443 1331 1590 1382 exempla
1613 1331 1754 1381 desuper
1771 1329 1916 1367 adduiia
1935 1329 2220 1378 pronuntiarunt
2235 1353 2250 1374 ,
2271 1327 2430 1378 predicto
2443 1327 2512 1367 Pa·

471 1379 523 1415 tri
537 1378 673 1426 Angelo
685 1402 697 1422 ‚
708 1381 747 1415 in
757 1381 909 1428 periculo
924 1392 994 1419 tam
1005 1383 1166 1420 evidente
1181 1381 1373 1431 Religionis
1389 1380 1571 1420 Cothonea
1587 1405 1598 1422 ‚
1611 1379 1729 1426 saniiae
1749 1379 1892 1416 unionis
1905 1402 1919 1420 ,
1933 1378 1976 1420 ἀγ
1986 1379 2113 1426 patriae
2122 1378 2195 1427 sua
2203 1377 2397 1427 perdenda,
2411 1387 2511 1414 arma
2565 1421 2571 1424 Π

473 1425 673 1478 reaffumere
684 1451 696 1469 ‚
709 1429 890 1478 nonsolt'tm
905 1429 964 1482 effe
977 1431 1112 1470 licitum
1127 1430 1202 1478 ‚fid
1214 1433 1318 1469 etiam
1332 1431 1411 1482 casu
1425 1455 1435 1473 ,
1447 1441 1512 1478 quo
1528 1423 1703 1478 Ecclefiam
1721 1429 1788 1466 Dei
1810 1454 1821 1470 ‚
1840 1426 2040 1476 &sanilam
2055 1424 2170 1464 Fidem
2183 1426 2359 1476 adjuvare
2377 1423 2513 1484 recusa·

471 1485 527 1512 ret
542 1501 552 1516 ‚
566 1475 718 1514 mortalis
727 1479 857 1524 peccati
881 1491 976 1518 reum
981 1481 1058 1527 fore
1071 1507 1081 1522 ,
1095 1493 1155 1517 ceu
1172 1478 1364 1528 Religionis
1386 1504 1397 1523 ,
1409 1479 1540 1518 Patria
1554 1503 1566 1522 ‚
1580 1479 1623 1520 ὠ·
1634 1477 1818 1514 communis
1822 1475 1952 1525 salutis
1975 1473 2092 1527 populi
2117 1476 2357 1528 Desertorem3
2373 1474 2512 1527 Qant-

472 1523 523 1562 τηὸ
541 1523 627 1562 Eum
646 1525 667 1562 ὰ
681 1526 733 1561 Su
755 1527 1007 1578 erioribussm's
1018 1529 1064 1565 ad
1076 1529 1114 1565 id
1123 1528 1306 1578 constringi
1314 1526 1397 1579 poste
1411 1551 1423 1571 ‚
1438 1533 1479 1565 (φ
1493 1527 1614 1567 debere
1633 1525 1865 1563 addiderunt.
2498 1543 2502 1547 Δ

572 1574 617 1613 Et
631 1573 712 1611 ver?
750 1585 785 1611 oc
797 1575 936 1614 unicum
949 1577 1133 1616 remedium
1142 1577 1219 1625 fuit
1231 1576 1401 1616 avellendi
1412 1575 1430 1612 ὲ
1451 1575 1657 1626 Monasterio
1665 1575 1759 1623 piam
1771 1573 1859 1610 hanc
1882 1573 2105 1624 devotamque
2121 1574 2270 1611 animam
2286 1599 2296 1615 ‚
2341 1569 2514 1620 tangendo

473 1620 567 1658 illius
581 1623 818 1671 conscientiam
830 1647 842 1666 ‚
859 1625 902 1666 ὠ·
914 1635 994 1662 ante
1011 1626 1083 1674 eJ'us
1097 1624 1206 1663 oculos
1229 1636 1303 1664 tum
1312 1635 1486 1676 peccatum
1508 1623 1649 1663 mortale
1666 1648 1677 1665 ,
1693 1622 1807 1672 quase
1823 1624 2076 1661 contaminaret
2088 1647 2101 1666 ‚
2121 1633 2194 1661 tum
2205 1631 2346 1660 tantam
2361 1621 2518 1664 ruinam,

473 1670 570 1718 cujus
578 1671 674 1719 foret
685 1671 987 1720 causa‚ponendo..5
992 1675 1085 1714 citur
1090 1699 1100 1718 ,
1126 1675 1193 1712 uod
1209 1676 1250 1711 in
1264 1686 1356 1711 anno
1360 1675 1433 1723 suae
1445 1674 1658 1722 probationis
1666 1670 1735 1721 post
1745 1670 2197 1760 converstonem‚Chr}ffiano
2213 1669 2306 1706 Orbi
2315 1665 2519 1725 mirabilem,

473 1727 580 1756 tantae
593 1720 634 1762 ὼ·
648 1730 753 1757 tantae
766 1729 882 1768 preces
895 1747 906 1766 ,
920 1723 1083 1761 mandata
1135 1723 1205 1770 egis
1220 1747 1232 1766 ‚
1248 1722 1482 1770 Reginorum,
1514 1722 1636 1762 Patris
1650 1746 1663 1764 ‚
1691 1721 1823 1759 Matris
1837 1743 1850 1764 ‚
1871 1718 2035 1767 Fratrum
2047 1745 2059 1762 ,
2103 1727 2266 1756 arentum
2278 1741 2292 1763 ‚
2304 1713 2491 1766 ‹Affimum
2507 1739 2522 1759 ‚

474 1767 677 1804 Amicorum
690 1792 698 1806 ‚
719 1769 1078 1809 &innumerabilium
1094 1770 1244 1810 aliorum
1258 1772 1352 1808 nihil
1366 1771 1506 1818 prorsus
1528 1771 1567 1807 in
1580 1783 1616 1808 eo
1633 1769 1808 1819 effecerint
1823 1780 1834 1805 ι
1857 1769 1980 1807 Scitur
1994 1794 2006 1810 ‚
2024 1767 2115 1818 quod
2145 1767 2268 1816 Jecutd
2287 1765 2400 1802 eodem
2425 1774 2515 1821 anno

474 1823 581 1848 morte
596 1816 705 1851 Ducis
721 1814 858 1863 ‘Jojosaei
877 1843 886 1857 ,
899 1817 1035 1853 Fratris
1040 1819 1102 1864 sui
1115 1820 1338 1863 primogeniti
1351 1843 1363 1857 ,
1381 1819 1426 1857 ὠ·
1445 1818 1591 1852 Domini
1605 1818 1646 1851 de
1669 1818 1710 1851 S»
1724 1815 1913 1850 salvatore
1924 1837 1935 1851 2
1950 1814 2097 1853 alterius
2105 1816 2166 1863 sui
2179 1813 2315 1851 Fratris
2337 1813 2376 1847 in
2397 1809 2517 1861 conflt-

474 1859 529 1898 tiu
540 1859 582 1895 de
599 1861 765 1898 Coutrats
777 1884 792 1903 ,
804 1865 1027 1907 quantumvis
1039 1863 1151 1900 adhuc
1170 1865 1214 1898 ab
1225 1865 1315 1896 omni
1328 1871 1407 1901 voto
1423 1861 1622 1909 Religionis
1640 1862 1728 1897 liber
1752 1861 1847 1908 fhret
1872 1885 1881 1902 ‚
1892 1860 1936 1901 ὁ·
1948 1862 2043 1898 inter
2047 1864 2110 1910 fix
2125 1860 2264 1898 Fratres
2294 1871 2353 1897 nec
2365 1861 2490 1898 unicus
2500 1881 2516 1904 2

476 1909 537 1957 qui
564 1906 741 1946 Familiam
751 1916 956 1956 propagaret
968 1934 980 1952 ,
995 1909 1122 1957 adesset
1135 1934 1145 1950 ‚
1164 1908 1388 1947 nihilominus
1409 1919 1482 1948 tam
1502 1920 1615 1957 grave
1640 1908 1796 1948 accidens
1809 1930 1824 1951 ‚
1840 1907 1883 1949 ό·
1894 1908 2034 1956 reflexio
2047 1908 2234 1957 ruinaefuae
2257 1906 2386 1946 Damas
2399 1917 2518 1958 opera-

475 1960 512 1997 ri
532 1969 598 1993 non
608 1959 786 2005 potuerint
797 1981 807 1996 ,
828 1967 870 1993 ut
889 1967 1041 1995 verteret
1056 1957 1165 1992 oeulos
1178 1957 1224 1994 ad
1236 1959 1399 1991 mundum
1412 1979 1426 1996 ,
1453 1955 1476 1993 a'
1487 1967 1552 2001 quo
1565 1957 1599 1997 fe
1603 1957 1831 2000 separaverat
1841 1978 1852 1991 .
1866 1955 1931 1990 lma
1937 1957 2101 2002 spernens
2114 1979 2125 1996 ‚
2153 1966 2226 2002 quae
2251 1956 2360 2002 magis
2385 1957 2516 2005 conspi-

476 2016 542 2043 cua
554 2005 741 2048 ‚magisque
748 2011 854 2046 grata
873 2005 911 2035 in
924 2003 1048 2036 mundo
1060 2010 1162 2036 erant
1172 2023 1184 2042 ,
1199 2002 1299 2049 emisit
1315 2001 1544 2048 Profisffionem
1557 2024 1569 2042 ,
1582 2001 1620 2034 in
1635 2010 1703 2046 qua
1713 2023 1724 2034 .
1737 1999 1869 2045 qualem
1873 2001 1912 2047 fe
1921 2001 2064 2048 gesserit
2079 2026 2092 2046 ,
2109 2001 2227 2038 nullus
2247 2003 2390 2049 ignorat
2406 2029 2416 2040 ,
2443 2004 2516 2041 Ea.

474 2061 614 2102 propter
629 2061 668 2084 ea
682 2049 752 2095 ipsit
773 2048 873 2093 causa
888 2071 899 2090 ‚
912 2060 985 2095 quae
998 2059 1081 2085 tunc
1093 2059 1167 2083 eum
1186 2046 1428 2096 Monasterium
1451 2047 1612 2093 ingredi,
1629 2047 1672 2088 ὼ·
1684 2047 1723 2081 in
1738 2058 1773 2083 eo
1789 2047 2008 2095 perseverare
2021 2051 2152 2094 movit,
2180 2050 2273 2087 modo
2286 2050 2383 2087 illum
2405 2052 2512 2088 indu-

478 2102 551 2141 xit,
562 2108 602 2135 ut
607 2098 645 2147 se
663 2108 704 2134 ex
715 2107 750 2132 eo
766 2095 870 2131 avelli
876 2096 1005 2150 fineret
1015 2121 1028 2144 ,
1041 2094 1202 2133 videlicet
1221 2094 1348 2145 honor,
1369 2097 1411 2143 &⁶
1422 2094 1534 2135 cultus
1551 2095 1618 2135 Dei
1632 2119 1644 2140 ,
1651 2095 1742 2145 fuga
1756 2097 1889 2151 peccati
1901 2121 1914 2141 ,
1926 2098 2070 2152 &salus
2087 2109 2160 2137 tum
2179 2100 2299 2137 animae
2319 2098 2389 2155 suae
2407 2126 2419 2143 ,
2439 2110 2514 2142 tum

481 2148 631 2189 Patriae.

577 2197 709 2236 Praeter
724 2197 940 2234 enuntiatum
954 2207 1127 2235 maturum
1138 2195 1305 2246 consilium
1319 2219 1332 2239 ,
1349 2197 1388 2232 in
1404 2197 1540 2234 omnibu
1549 2209 1564 2233 s
1577 2197 1620 2240 ὰ
1629 2205 1690 2246 per
1704 2197 1817 2232 omnia
1835 2196 1893 2234 ille
1911 2209 1994 2246 erga
2009 2197 2168 2235 Saniiam
2192 2198 2314 2236 Sedem
2327 2224 2338 2242 ,
2363 2199 2408 2241 ὠ·
2420 2200 2512 2238 San-

480 2246 629 2286 flitatem
646 2243 794 2293 Vestram
808 2246 998 2283 habebatur
1013 2245 1173 2294 respefiius
1187 2270 1198 2286 ‚
1214 2246 1275 2294 qui
1290 2245 1477 2283 Catholicis
1489 2248 1583 2282 veris
1609 2271 1619 2288 ,
1635 2246 1679 2287 (θ’
1701 2245 1912 2282 Zelantibus
1925 2248 2096 2295 competits
2103 2246 2239 2295 perafia
2250 2247 2434 2296 enimsunt
2445 2259 2513 2287 om-

481 2297 541 2333 nia
554 2305 626 2332 tum
638 2304 712 2330 cum
727 2294 788 2341 spe
799 2320 810 2335 ‚
832 2295 921 2344 quod
933 2295 1105 2332 Sanfiitas
1120 2294 1146 2332 S
1149 2305 1193 2330 ua
1211 2306 1250 2330 ea
1257 2294 1351 2341 foret
1366 2294 1604 2332 ratihabitura
1618 2321 1628 2337 ,
1656 2303 1729 2331 tum
1755 2306 1831 2331 cum
1844 2295 2040 2332 conditione
2061 2291 2208 2380 exprelffa
2218 2320 2230 2336 ‚
2245 2306 2286 2333 ut
2299 2296 2443 2336 Nobilis
2466 2295 2512 2332 ad

481 2343 704 2383 Sanffitatem
717 2344 824 2379 Suam
835 2353 897 2391 pro
916 2341 1095 2395 neceffisria
1127 2342 1374 2391 dispensatione
1389 2342 1606 2391 ablegaretur
1622 2370 1633 2386 ‚
1657 2351 1698 2381 ut
1713 2342 1806 2379 nihil
1818 2344 1952 2392 nisiJub
1963 2343 2035 2394 ejus
2049 2343 2150 2392 benep
2166 2345 2255 2381 acito
2263 2344 2392 2394 fatiunt
2409 2343 2513 2383 iutel-

482 2393 652 2440 ligeretur
666 2416 675 2424 .
693 2391 745 2427 Ita
760 2391 907 2440 expressi
922 2402 994 2429 tum
1009 2392 1029 2428 ὰ
1046 2392 1160 2428 tribus
1185 2391 1387 2428 Ordinibus
1400 2392 1478 2438 fuit
1490 2392 1699 2430 declaratum
1714 2417 1724 2433 ‚
1736 2393 1869 2438 quando
1877 2393 2060 2440 praefatum
2073 2392 2258 2430 remedium
2275 2393 2517 2431 extraordina-

489 2443 582 2479 rium
595 2438 836 2487 concluserunt
851 2466 862 2481 ‚
877 2451 949 2477 tum
968 2440 988 2476 a
1014 2441 1174 2477 ‘Domino
1187 2440 1373 2477 Cardinali
1388 2439 1530 2488 “Jojosaeo
1546 2441 1699 2490 ‚quando
1711 2440 1899 2476 deliberari
1920 2443 2068 2491 permisit
2079 2464 2093 2486 ,
2117 2449 2189 2488 tum
2209 2439 2230 2477 ὰ
2247 2440 2421 2490 Theologis
2433 2467 2446 2486 ,
2471 2442 2516 2486 ὁ·

488 2487 682 2538 Canonistis
703 2487 974 2526 deliberantibus
988 2515 999 2530 ‚
1009 2489 1143 2536 quando
1157 2490 1199 2524 ab
1211 2490 1257 2525 iis
1269 2487 1427 2535 resolutio
1445 2489 1523 2538 fuit
1537 2490 1619 2527 data
1634 2516 1645 2532 ,
1656 2500 1728 2527 tum
1751 2487 1772 2525 ὰ
1787 2488 1829 2526 Ρ.
1843 2489 2049 2526 Guardiano
2066 2514 2077 2530 ‚
2104 2488 2238 2537 quando
2255 2490 2299 2528 P.
2317 2489 2453 2538 Angelo
2463 2491 2518 2528 di-

480 2537 637 2588 scedenti
673 2537 850 2574 benedixit
862 2560 874 2579 ‚
901 2547 973 2574 tum
989 2540 1032 2574 ab
1047 2539 1182 2586 ipsomet
1196 2539 1238 2576 P.
1251 2538 1402 2586 Angeia
1412 2563 1422 2580 ,
1434 2538 1568 2586 quando
1581 2539 1805 2577 obedientiam
1824 2538 1975 2586 explevit
1986 2563 1998 2580 ,
2010 2538 2096 2586 &se
2107 2537 2191 2586 eous
2205 2549 2247 2575 ue
2260 2538 2340 2575 duci
2351 2539 2515 2588 permisit.

492 2586 603 2634 Sique
618 2586 774 2682 executjo
781 2586 926 2670 prfsens
939 2611 950 2629 ,
967 2587 1009 2630 &⁴
1030 2594 1188 2637 prompta
1202 2597 1270 2623 non
1276 2584 1397 2641 fuiffet
1411 2584 1591 2638 neceffaria
1605 2612 1621 2633 ,
1633 2587 1655 2625 ὸ
1668 2585 1861 2627 Sentinate
1875 2585 1914 2626 V
1909 2586 1992 2644 elira
2004 2583 2124 2638 fuiffitt
2137 2596 2178 2624 ex
2187 2586 2319 2635 poetata
2350 2587 2492 2628 licentia
2506 2612 2518 2633 ,

526 2645 563 2671 ro
604 2646 648 2670 ua
677 2646 730 2670 am
757 2646 779 2670 u
837 2645 952 2672 icatur
965 2658 976 2670 .

500 2642 524 2685 p
580 2643 829 2730 &riterqugfa
841 2692 954 2720 autem
965 2708 976 2727 ‚
989 2683 1080 2732 quod
1093 2683 1248 2721 Ordines
1256 2684 1407 2734 praedifii
1427 2686 1643 2735 neceffitatem
1658 2688 1866 2735 agnoverint
1878 2713 1889 2730 ,
1906 2686 2023 2737 plures
2052 2684 2141 2723 alias
2154 2685 2306 2724 rationes
2317 2685 2523 2731 habuerint,

487 2732 531 2774 ἐς·
545 2742 619 2767 cum
638 2741 673 2766 eo
687 2740 820 2767 maturo
833 2732 1058 2769 moderamine
1072 2759 1082 2773 ‚
1100 2744 1200 2781 eoque
1213 2733 1360 2782 respefiiu
1376 2760 1386 2775 ‚
1400 2735 1460 2783 qui
1473 2737 1567 2772 veris
1586 2735 1771 2774 Catholicis
1785 2737 2011 2773 conveniebat
2037 2760 2048 2776 ,
2055 2731 2271 2786 procefferint
2289 2760 2300 2776 ‚
2313 2735 2456 2772 videtur
2467 2735 2521 2771 in-

478 2780 584 2831 super
599 2802 611 2820 ,
625 2777 713 2827 quod
725 2778 792 2827 ipse
808 2779 915 2816 ‘Deus
933 2793 986 2818 eos
998 2781 1044 2817 ad
1055 2781 1142 2818 hanc
1156 2781 1342 2819 elefiiionem
1354 2807 1367 2826 ,
1385 2781 1444 2819 vel
1455 2784 1703 2832 requifitionem
1718 2784 1811 2833 quasi
1817 2795 1920 2821 manu
1931 2784 2079 2822 duxerit
2097 2809 2107 2819 .
2132 2784 2169 2818 ln
2189 2783 2285 2820 illum
2299 2783 2405 2832 ipsum
2420 2784 2524 2827 diem,

489 2839 555 2877 quo
575 2827 659 2864 Dux
672 2825 838 2876 Jojosaeus
851 2838 1004 2866 mortuus
1023 2839 1098 2867 erat
1115 2856 1125 2871 ‚
1141 2830 1184 2872 &¹
1205 2831 1355 2879 quierat
1368 2829 1439 2868 dies
1456 2831 1581 2872 Luna,
1597 2833 1640 2874 &¹
1662 2845 1713 2879 ¹9·
1729 2831 1886 2870 Ofiobris
1901 2832 2028 2870 cecidit
2039 2831 2134 2868 lefiio
2148 2831 2425 2880 Breviorii‚qua
2438 2843 2521 2870 nar-

488 2885 594 2913 ratur
609 2901 620 2917 ,
636 2875 786 2923 qualiter
797 2875 865 2924 posi
877 2888 1017 2915 mortem
1032 2878 1139 2929 ‘Judae
1157 2879 1349 2917 Machabaei
1359 2904 1372 2924 ,
1385 2879 1487 2916 amici
1501 2877 1699 2936 acceſjerint
1714 2879 1762 2928 '‘Jo
1769 2880 1912 2917 natham
1934 2879 2093 2917 Fratrem
2116 2879 2190 2929 ejus
2204 2880 2353 2917 dicentes
2367 2891 2378 2917 z
2391 2890 2436 2917 ex
2453 2893 2525 2928 quo

492 2926 612 2963 Frater
624 2935 702 2960 suus
717 2923 819 2971 ludas
831 2925 1010 2964 defunftus
1022 2930 1069 2963 est
1084 2953 1095 2968 ‚
1111 2927 1175 2962 Vir
1190 2927 1343 2965 fimilisei
1359 2939 1425 2964 non
1443 2928 1491 2963 est
1504 2952 1514 2968 ,
1529 2939 1589 2977 qus
1601 2937 1707 2965 certet
1719 2939 1837 2964 contra
1850 2928 2006 2966 inimicos
2040 2926 2188 2964 nostros.
2203 2927 2310 2965 Nunc
2323 2929 2442 2974 itaque
2457 2930 2520 2966 ho-

491 2973 549 3009 die
571 2983 604 3007 te
621 2972 780 3015 eligimus
795 2973 858 3009 effe
874 2986 936 3017 pro
949 2988 992 3011 eo
1009 2977 1126 3012 Nobis
1139 2978 1172 3010 in
1204 2976 1393 3022 Principem
1406 2999 1419 3018 ,
1434 2976 1467 3013 8<
1487 2978 1620 3012 Ducem
1648 2977 1691 3013 ad
1705 2976 1903 3013 bellandum
1923 2976 2055 3012 bellum
2079 2975 2255 3013 nostrum:
2278 2975 2324 3012 Et
2337 2987 2412 3013 cum
2434 2976 2519 3016 deli·

493 3021 622 3056 beratio
634 3020 853 3065 praefatorum
866 3022 1046 3060 Do‘c‘iorum
1063 3037 1081 3060 2
1091 3037 1118 3061 ι.
1135 3022 1291 3061 Oiiobris
1317 3033 1478 3071 ageretur
1490 3050 1500 3065 ‚
1516 3024 1668 3062 lectiones
1677 3025 1746 3063 diei
1753 3026 1930 3073 sequentis
1939 3024 2170 3061 memorabant
2186 3047 2199 3068 ‚
2223 3022 2375 3071 qualiter
2400 3024 2522 3074 defun.

497 3067 544 3105 fio
559 3068 659 3103 etiam
676 3067 833 3115 “Jonatha
850 3094 858 3108 ‚
871 3072 989 3107 Simon
1005 3071 1128 3110 Frater
1147 3073 1269 3122 populo
1283 3073 1420 3109 timenti
1438 3098 1444 3111 ,
1459 3073 1501 3115 &⁴
1526 3073 1719 3122 trepidanti
1733 3073 1887 3111 dixerit.·
1904 3073 1979 3110 Vos
1997 3073 2108 3114 scitis,
2120 3082 2246 3118 quanta
2258 3083 2325 3117 ego
2338 3073 2372 3108 &
2387 3073 2522 3115 Fratres

495 3116 562 3152 mei
578 3139 590 3157 s
604 3115 637 3150 &
655 3118 789 3151 Domus
805 3118 911 3155 Patris
926 3121 993 3156 mei
1007 3121 1145 3158 fecimus
1165 3133 1225 3168 pro
1245 3121 1377 3166 legibus
1389 3146 1399 3161 ,
1412 3121 1446 3158 &
1462 3133 1524 3168 pro
1551 3121 1685 3159 Sanffis
1707 3123 1816 3168 praelia
1833 3146 1846 3166 ,
1858 3123 1894 3159 &
1906 3120 2073 3167 angustias
2089 3145 2100 3161 ‚
2119 3122 2242 3167 quales
2254 3119 2403 3158 vidimus
2418 3147 2429 3159 .
2446 3124 2521 3161 Ho-

502 3176 578 3200 rum
593 3165 703 3208 gratini⁴
721 3166 890 3209 perierunt
906 3167 1041 3205 Fratres
1059 3171 1126 3207 mei
1146 3181 1261 3208 omnes
1280 3180 1416 3217 propter
1433 3171 1527 3207 lsrael
1542 3170 1596 3210 ,ἃ
1617 3170 1752 3207 τεΙῐέἶιιε
1764 3182 1831 3215 ego
1844 3171 1913 3208 sum
1931 3171 2048 3210 solus;
2075 3169 2109 3204 8<
2123 3179 2213 3204 nunc
2236 3181 2306 3206 non
2343 3171 2422 3206 mihi
2435 3184 2516 3209 con-

498 3212 612 3255 tingat
629 3222 762 3257 parcere
777 3213 898 3250 animae
915 3227 996 3252 meae
1014 3218 1049 3252 in
1065 3219 1159 3255 omni
1178 3230 1330 3267 tempore
1344 3218 1586 3262 tribulationis,
1602 3230 1665 3256 nec
1679 3219 1772 3254 enim
1786 3219 1906 3254 melior
1919 3218 2027 3256 fal-‘tus
2051 3217 2121 3253 sum
2145 3217 2321 3254 Fratribus
2346 3220 2429 3256 meis
2443 3232 2454 3256 z
2477 3223 2523 3260 Et

494 3259 585 3310 quod
597 3258 737 3308 populus
750 3260 960 3307 responderit
970 3264 1143 3302 clamando
1159 3270 1244 3305 :Tu
1268 3279 1303 3304 es
1321 3268 1405 3303 Dux
1421 3270 1532 3305 noster
1550 3269 1627 3304 loco
1638 3267 1736 3317 judee
1747 3291 1758 3312 ‚
1783 3267 1982 3314 &Junathoe
2002 3265 2127 3304 Fratris
2147 3265 2216 3308 tui,
2229 3277 2348 3316 pugna
2365 3270 2519 3318 pralium

495 3310 663 3350 nostrum,
677 3309 711 3345 8(
722 3310 852 3352 Omnia,
864 3322 1084 3361 quaecumque
1100 3316 1199 3352 nobis
1215 3315 1341 3355 dixeris
1358 3341 1368 3357 ‚
1389 3316 1546 3354 faciemus
1560 3340 1570 3353 .

600 3357 705 3406 Qd
718 3357 753 3394 εὸ
760 3359 943 3406 specialius
949 3361 1027 3409 fuit
1041 3374 1241 3403 annotatum
1254 3390 1264 3409 ‚
1277 3362 1340 3413 qua
1350 3365 1527 3413 perfessiior
1540 3367 1633 3401 inter
1648 3361 1788 3402 Fratres
1809 3363 2015 3402 Machabaeos
2029 3390 2039 3406 ‚
2066 3364 2109 3407 ιβ’
2123 3361 2263 3402 Fratres
2286 3364 2442 3415 ‘Jojosaeos
2464 3382 2521 3408 re.

499 3407 701 3459 periebatur
717 3411 937 3454 comparatio,
955 3421 1031 3447 cum
1043 3411 1097 3460 isli
1109 3436 1121 3454 ,
1136 3414 1178 3455 ὼ·
1188 3414 1242 3451 illi
1254 3416 1331 3451 vitei
1338 3413 1452 3462 funi'ii
1467 3414 1607 3462 fuerint
1618 3423 1679 3462 pro
1695 3424 1778 3450 vera
1797 3411 1867 3460 lege
1889 3437 1901 3456 ‚
1914 3413 2085 3462 &sanfia
2101 3411 2185 3450 Fide
2191 3413 2336 3463 fortiter
2355 3415 2522 3456 dimican-

497 3465 546 3493 tes
559 3479 571 3496 s
583 3455 624 3495 ὠ·
638 3455 733 3491 ‘Dux
745 3454 908 3504 ‘Jojofaeus
918 3459 1164 3508 primogenitus
1178 3475 1256 3500 cum
1274 3463 1415 3499 Domino
1436 3461 1457 3498 ὰ
1471 3464 1508 3498 S.
1524 3461 1708 3500 Salvatore
1720 3461 1786 3510 suo
1800 3460 1924 3499 Fratre
1940 3463 2078 3510 pariter
2095 3461 2251 3509 miseram
2265 3462 2352 3500 hanc
2373 3466 2521 3504 vitam

503 3501 798 3549 1587.finiverint
810 3508 916 3546 mense
935 3507 1049 3545 octob.
1059 3532 1071 3551 ,
1085 3511 1123 3544 in
1138 3522 1233 3559 quem
1248 3510 1412 3550 Lefiiiones
1440 3510 1710 3548 Machabaeorum
1721 3534 1732 3554 ‚
1747 3511 1789 3552 (δ’
1805 3511 1938 3558 quidem
1955 3521 1990 3547 eo
2005 3510 2100 3559 quasi
2112 3511 2167 3547 die
2182 3512 2349 3550 cadebant
2365 3538 2372 3546 .
2386 3515 2518 3552 secun..

498 3550 538 3585 do
552 3577 561 3587 .
582 3551 702 3588 elerus
713 3579 723 3595 ,
741 3555 801 3603 qui
816 3557 946 3605 primus
959 3557 1004 3593 ad
1021 3557 1120 3594 talem
1142 3561 1385 3610 requisitionem
1398 3557 1587 3607 inspiratus
1596 3559 1718 3607 suerat
1733 3585 1743 3603 ,
1757 3571 1793 3596 eo
1807 3559 1874 3607 ipso
1888 3568 2034 3607 tempore
2054 3571 2096 3597 ex
2108 3568 2180 3596 tota
2224 3560 2375 3610 ‘Dioecesi
2399 3562 2518 3612 Tolosae

497 3608 722 3650 congregatus
736 3613 813 3640 erat
826 3604 871 3641 ad
883 3603 1119 3643 celebrandam
1135 3609 1156 3644 ,Σ
1156 3620 1180 3655 y
1188 3613 1305 3647 nodum
1322 3634 1333 3650 ,
1347 3610 1541 3648 intimatam
1554 3633 1565 3651 ‚
1589 3609 1861 3657 &incipientem
1892 3622 1947 3646 20.
1969 3607 2125 3646 Offiobris
2136 3632 2151 3653 ,
2176 3607 2234 3645 die
2273 3609 2434 3649 videlicet
2453 3611 2521 3663 posi

499 3656 633 3685 mortem
647 3652 756 3688 Ducis
770 3676 783 3695 ,
796 3653 839 3696 &¹
852 3654 925 3701 ipsa
937 3652 1192 3693 deliberationis
1201 3657 1296 3706 praed
1310 3657 1364 3696 δῖα,
1379 3656 1510 3706 vigilia*
1530 3683 1538 3691 .
1559 3655 1675 3695 Tertio
1691 3684 1698 3693 .
1716 3655 1861 3696 Nobiles
1882 3667 1979 3695 extra
1996 3655 2146 3706 Tolosam
2169 3658 2210 3693 in
2223 3656 2360 3710 diversis
2372 3658 2453 3695 locis
2465 3661 2520 3697 de-

495 3702 613 3747 g‘qm
628 3721 640 3738 ³
655 3699 865 3740 ‘'dwldrunt
877 3713 986 3739 omnes
999 3714 1073 3740 cum
1085 3704 1196 3740 cadem
1209 3709 1400 3745 intentione
1417 3705 1554 3756 petendi
1573 3715 1636 3754 pro
1643 3706 1708 3752 suo
1722 3706 1817 3743 Duce
1837 3704 2000 3743 Generali
2015 3717 2138 3743 memor
2147 3715 2242 3743 atum
2264 3705 2321 3744 Fr.
2335 3706 2522 3756 Angelum,

499 3750 584 3788 ‘ium
598 3754 685 3782 uuus
701 3750 784 3796 quid
795 3749 835 3799 de
847 3755 1033 3801 altero,aut
1046 3750 1188 3803 Nobilis
1200 3755 1242 3794 de
1257 3753 1355 3794 Clero
1365 3755 1448 3805 quid
1454 3754 1654 3806 scirent-Ex
1667 3765 1731 3804 quo
1744 3753 1915 3793 creditum
1924 3754 2106 3806 fuit,quod
2117 3752 2193 3807 efflet
2205 3753 2388 3805 inspiratio
2408 3759 2517 3843 obmnig

2436 3817 2477 3842 us
