2638 4088
1103 171 1598 273 Ca'ffellae.
2141 198 2303 307 363

343 313 562 367 mendant
582 313 954 388 Histo'riographi
970 350 987 375 ,
1011 313 1062 368 &
1083 317 1161 366 alii
1182 321 1366 386 plures,
1396 339 1450 371 ex
1474 317 1641 389 quibus
1666 320 1991 373 caramuelem
2021 324 2174 377 audire
2202 330 2370 383 institu-

342 399 394 435 to
422 384 573 436 nostro
600 386 796 438 sufficiat
819 404 918 437 tom.
941 407 984 437 1.
1001 386 1345 458 Theolog.fimd.
1361 390 1492 459 fiand.
1510 409 1557 454 5.
1587 394 1662 440 tit.
1694 391 1912 460 Synthesis
1930 393 2089 462 Regul.
2119 413 2225 447 num.
2250 403 2367 465 825.

341 458 407 505 ita
435 458 697 525 loquentem
726 478 739 508 ε
773 457 1178 525 Reverendiſjimum
1205 460 1374 511 Patrem
1411 462 1632 512 Didacum
1662 463 1713 512 de
1741 463 1941 534 Quiroga
1968 468 2078 514 inter
2108 467 2274 514 intimos
2299 474 2370 520 ha.

343 525 446 586 bui,
470 529 565 579 dum
604 529 765 579 Viennae
796 533 981 581 viveret
998 564 1013 587 ,
1035 531 1091 579 <J
1113 530 1228 579 modo
1245 566 1261 590 ,
1286 531 1383 581 dum
1414 534 1647 601 triumphat
1672 539 1785 584 inter
1813 537 1966 586 caelites
1996 540 2075 596 (ut
2087 535 2245 603 spero)
2265 540 2372 587 inter

342 601 549 648 maximos
580 601 783 651 Patr-onos
810 618 990 652 veneror
1013 635 1030 659 ,
1053 600 1323 666 doffiffi'mum
1350 638 1367 662 ,
1393 603 1750 673 ingenicfiffimum
1779 607 1796 654 0'
1823 604 1875 654 In
1902 606 2173 675 Philosbphia
2197 604 2375 656 habebat

340 669 478 719 multa
496 672 697 737 praeclare
726 674 908 740 cogitata
922 704 940 729 ,
964 672 1009 719 in
1038 668 1268 740 Theologia
1292 673 1425 725 multa
1451 679 1592 744 magni
1614 680 1840 736 momenti,
1869 684 1924 728 ἐς
1949 713 1966 737 ,
1993 694 2041 727 ut
2072 678 2267 746 irfinuem
2297 678 2377 726 ali-

342 739 475 807 quid,
499 744 547 790 in
580 745 757 792 materia
772 742 823 791 de
841 742 1022 792 auxiliis
1046 741 1205 808 rejeHa'i
1222 742 1404 810 [ἱ-ἱεητὶἃ
1434 743 1570 794 medici
1598 780 1614 803 ,
1648 747 1704 794 (θ’
1724 747 1910 813 physicis
1936 749 2376 814 praedeterminationi.

341 810 418 858 bus
434 846 451 869 ,
466 811 646 878 pulchre
670 819 724 862 ἔθ’
755 814 867 862 clare
891 812 1150 881 exponebat,
1176 832 1263 882 quae
1292 815 1531 866 Thomis‘zae
1545 851 1562 874 ,
1588 815 1645 864 (θ’
1673 835 1758 884 quae
1789 817 2029 868 Moliniflae
2059 838 2137 869 non
2165 821 2276 870 clar?
2292 856 2304 869 .
2325 817 2380 869 In

341 879 541 931 Politicis
556 883 775 951 fiemmus:
798 897 891 933 tota
916 887 1024 933 enim
1048 887 1152 935 vita
1181 885 1259 934 ille
1284 890 1448 954 negotia
1473 886 1645 953 publica
1669 887 1938 940 trablaverat
1966 925 1981 948 ,
2009 893 2133 942 etiam
2168 891 2381 959 oflogena·

343 954 436 1000 rius
460 987 474 1011 ‚
498 951 705 1021 autfirb,
725 968 816 1002 erat
842 954 1007 1003 auxilio
1025 953 1167 1024 ‘Regi
1182 991 1199 1015 ,
1227 956 1282 1004 ἴθ’
1304 956 1524 1006 direHioni
1543 958 1754 1016 uni-verfis
1780 958 1985 1028 Legatis:
2019 960 2085 1010 At
2116 998 2132 1022 ,
2163 967 2261 1032 quia
2291 980 2381 1012 con-

327 1022 497 1090 fidebat
523 1025 723 1072 memoriae
738 1057 754 1082 ,
784 1027 909 1077 etiam
927 1026 973 1073 t'n
998 1024 1080 1075 illa
1099 1041 1219 1074 aetate
1234 1028 1477 1095 prodigiofie
1494 1063 1510 1086 ,
1531 1028 1645 1076 nihil
1658 1028 1873 1095 firibebat
1893 1036 2051 1080 omnino
2070 1069 2084 1082 .

482 1095 561 1142 Fr.
592 1095 825 1144 Antonius
850 1094 901 1144 de
933 1095 1092 1145 Fuente
1112 1096 1157 1145 la
1177 1110 1311 1162 penna
1340 1132 1354 1154 ,
1400 1115 1459 1147 ex
1491 1097 1652 1149 illustri
1684 1101 1734 1149 de
1764 1102 1898 1153 Arias
1921 1097 2131 1172 Prosapia
2163 1141 2182 1166 ‚
2217 1107 2382 1154 Frater

341 1165 656 1214 Emmanuelis
697 1164 748 1214 de
781 1164 914 1215 Arias
938 1200 957 1226 ,
1006 1167 1184 1233 Equitis
1226 1167 1482 1219 Melitenfis
1514 1205 1531 1228 ,
1574 1173 1971 1225 Commendatarii
2010 1210 2027 1233 ,
2071 1173 2121 1226 ὃς
2166 1176 2335 1224 Ballivi
2365 1209 2383 1233 ,

343 1231 395 1285 (Sc
426 1233 578 1302 postea
613 1233 957 1305 Archiepiscopi
981 1235 1262 1305 Hispalensis
1282 1274 1298 1298 ,
1327 1242 1377 1290 S.
1409 1244 1467 1290 R.
1495 1245 1550 1292 E.
1578 1241 1836 1293 Cardinalis
1855 1280 1872 1303 ,
1903 1242 1952 1295 ὅ(
1983 1243 2182 1313 supremi
2209 1244 2385 1296 Castel-

339 1305 397 1353 1ae
422 1302 614 1355 Confilii
642 1304 843 1358 Praefidis
869 1305 961 1358 ὅτε.
988 1304 1237 1359 secundum
1271 1327 1456 1360 carnem
1482 1315 1744 1363 Germanus
1760 1348 1777 1371 ,
1804 1315 2169 1383 gubernaculum
2194 1317 2383 1366 Provin-

342 1375 424 1424 ciae
454 1375 648 1426 viriliter
679 1381 855 1438 tenuit,
882 1376 1079 1447 spartam
1113 1378 1426 1431 Commiffarii
1467 1385 1706 1434 Generalis
1739 1386 1784 1434 in
1815 1385 1969 1436 Sicilia
2001 1382 2194 1433 feliciter
2225 1384 2394 1452 geffit,

341 1446 460 1495 inter
483 1447 657 1515 primos
683 1449 910 1515 inclytam
938 1453 1365 1519 Congregationem
1397 1452 1476 1503 sub
1508 1456 1646 1505 titulo
1679 1458 1823 1505 Patris
1845 1456 1996 1506 aeterni
2026 1491 2043 1514 ,
2071 1455 2257 1505 Matriti
2288 1471 2386 1504 ere-

342 1515 467 1567 &am
496 1519 761 1584 promovit,
789 1518 838 1571 ἆ
861 1519 1075 1588 operibus
1102 1521 1661 1590 Phyfico-Mathematicis
1677 1526 1989 1584 moralibus,
2018 1545 2072 1576 ac
2102 1523 2340 1592 mysticis,
2361 1526 2390 1575 ὲ

341 1590 421 1638 Fr.
461 1589 720 1638 Torricella
760 1589 810 1639 de
837 1592 973 1657 strip.
1005 1588 1157 1656 Capuc.
1200 1609 1303 1644 tom.
1336 1613 1382 1659 5.
1417 1596 1588 1662 confialt.
1615 1610 1715 1665 pag.
1754 1616 1867 1660 ¹09·
1898 1633 1914 1655 ,
1960 1596 2009 1647 ὅ(
2043 1598 2070 1644 εὶ
2101 1601 2180 1646 Fr.
2202 1598 2386 1665 Joanne

339 1657 375 1776 a}
393 1662 441 1710 S.
471 1661 676 1739 Antonio
708 1662 754 1708 in
788 1659 1001 1712 Bibliotb.
1034 1662 1189 1715 Franc.
1220 1681 1319 1735 pag.
1359 1684 1472 1731 104.
1506 1670 1773 1718 memoratis
1801 1704 1819 1728 ,
1859 1668 2043 1718 virtutis
2089 1665 2176 1717 suae
2215 1664 2386 1717 famam

361 1746 374 1776 1
415 1742 569 1780 navit.

377 1745 410 1800 g
481 1804 558 1850 Fr.
588 1801 794 1852 Leander
821 1806 1074 1855 Montanus
1099 1807 1150 1855 de
1176 1804 1354 1857 Murcia
1381 1826 1434 1857 ex
1465 1808 1606 1859 nobili
1640 1809 1776 1879 stirpe
1798 1826 1928 1862 ortus
1946 1828 2027 1868 ,ea
2054 1806 2274 1859 dostrinae
2299 1809 2393 1859 lauss

339 1870 397 1920 de
424 1888 503 1938 per
532 1884 687 1920 totum
714 1872 1045 1942 Hispaniarum
1078 1881 1295 1945 Regnum
1324 1880 1491 1928 claruit
1519 1916 1535 1939 ,
1574 1896 1625 1929 ut
1656 1899 1746 1930 non
1794 1881 1939 1932 solum
1976 1881 2219 1931 Provincia
2246 1897 2392 1929 eum...

338 1938 439 2010 post
468 1943 556 1991 alia
587 1943 742 1993 munia
775 1942 906 1994 suum
932 1945 1200 1996 Ministrum
1218 1984 1234 2006 ,
1262 1952 1514 2017 Supremus
1539 1954 1732 2002 Senatus
1764 1955 1937 2004 Sanciae
1973 1949 2285 2020 Inquifitionis
2323 1963 2396 1999 to-

338 2014 432 2062 tius
459 2013 612 2082 Regni
642 2011 973 2080 Hispaniarum
999 2016 1380 2083 Qalificatorem
1416 2056 1432 2079 ,
1482 2018 1530 2071 <Sc
1562 2023 1794 2090 Philippus
1835 2028 1928 2075 IV.
1980 2026 2082 2073 Rex
2120 2020 2395 2073 Catholicus

340 2080 476 2131 suum
502 2084 894 2137 Concionatorem
918 2104 974 2131 ex
999 2104 1162 2133 munere
1189 2087 1554 2152 defignaverint,
1588 2091 1662 2143 sed
1693 2093 1742 2145 ὃς
1772 2093 1864 2163 ipse
1899 2095 2113 2162 operibus
2149 2107 2269 2160 typo
2297 2089 2395 2140 edi-

339 2153 424 2208 tis,
457 2149 507 2201 ἃ
539 2164 638 2201 tum
677 2152 723 2199 in
751 2151 1033 2202 Bibliotheca
1063 2154 1354 2220 Scriptorum
1383 2157 1606 2214 Ordinis,
1636 2175 1737 2207 tum
1774 2165 1799 2208 a
1829 2167 2027 2212 Nicolao
2057 2164 2266 2214 Antonio
2280 2157 2395 2213 His-

336 2218 508 2291 palenfi
539 2257 556 2279 ,
590 2220 783 2272 Ordinis
820 2221 974 2272 Sansti
999 2223 1169 2290 jacobi
1203 2226 1369 2288 Equite
1392 2259 1406 2280 ,
1452 2241 1552 2275 tom.
1585 2244 1628 2276 2.
1665 2229 1716 2276 de
1746 2227 1903 2295 Script.
1936 2230 2114 2296 Hispan.
2146 2261 2162 2287 ‚
2207 2245 2312 2280 tum
2338 2228 2396 2278 ab

340 2294 442 2341 aliis
468 2292 623 2339 relatis
642 2306 840 2346 ,nomen
857 2288 989 2338 suum
1011 2290 1293 2356 Reipublicae
1321 2293 1552 2342 litterariae
1579 2299 1891 2347 venerandum
1919 2302 2156 2366 reliquerit
2174 2335 2189 2349 .

484 2364 532 2410 A
563 2357 772 2407 Leandro
805 2355 980 2427 sejungi
1019 2375 1110 2406 non
1143 2356 1279 2407 debet
1321 2363 1393 2407 Fr.
1430 2359 1619 2409 Bafilius
1651 2363 1708 2411 de
1741 2368 1949 2412 Zamora
1979 2400 1997 2423 ,
2030 2370 2110 2430 qui
2141 2367 2296 2418 officia
2330 2381 2400 2420 ea3

329 2430 448 2481 ‘dem
472 2465 488 2488 ,
514 2426 713 2478 Ministri
739 2428 954 2478 videlicet
973 2464 989 2487 ,
1018 2426 1396 2494 Qalificatoris,
1427 2428 1477 2479 ἃ
1497 2432 1853 2482 Concionatoris
1883 2435 2022 2502 Regii·
2039 2452 2095 2481 ex
2121 2453 2285 2484 munere
2300 2437 2400 2506 ges-

340 2499 431 2559 fit,
466 2498 516 2551 ὅ(
547 2497 667 2549 illud
700 2496 1013 2549 Commiffarii
1051 2500 1292 2549 Generalis
1327 2501 1373 2549 in
1399 2501 1638 2551 Provincia
1675 2504 1841 2551 Baetica
1879 2503 2087 2564 adjunxit
2113 2541 2140 2555 .-
2161 2506 2397 2558 Eruditio·

345 2571 416 2621 nis
450 2568 532 2621 suae
566 2566 803 2639 profundae
829 2569 1030 2627 indices,
1058 2568 1230 2627 libros,
1258 2574 1385 2636 typis
1415 2586 1505 2618 non
1534 2572 1750 2638 vulgavit
1786 2606 1801 2628 ,
1831 2570 1908 2621 sed
1934 2574 2147 2638 paravit,
2183 2579 2389 2647 Geogra.

343 2643 524 2711 phicam
558 2638 924 2708 Descriptionem
956 2640 1172 2691 videlicet
1205 2641 1348 2689 totius
1390 2639 1534 2689 Orbis
1586 2639 1677 2691 ἃς.
1730 2660 1830 2709 quae
1876 2656 2028 2691 tamen
2061 2644 2215 2692 lucem
2241 2648 2396 2712 publi:

339 2731 443 2762 cam
475 2729 565 2761 non
593 2709 794 2779 aspexit,
824 2729 932 2761 cum
963 2708 1054 2778 ipse
1083 2711 1128 2759 in
1151 2712 1311 2760 itinere
1343 2715 1545 2760 Romam
1570 2724 1617 2760 et
1643 2713 1898 2779 Neapolim
1918 2713 2043 2780 ,quo
2066 2714 2390 2767 Excellentiffi-

340 2800 472 2835 mum
511 2786 694 2832 Ducem
722 2781 781 2830 de
804 2780 1001 2830 Medina-
1014 2781 1143 2831 Coeli
1173 2778 1480 2831 Confeffarius
1511 2783 1758 2834 comitatus
1788 2797 1884 2832 erat
1898 2818 1917 2847 ,
1942 2782 2001 2832 ad
2026 2784 2150 2849 viam
2167 2787 2390 2837 aternita-

339 2854 398 2909 tis
426 2853 557 2902 beata
583 2865 736 2901 morte
762 2848 1026 2902 secessisset.

482 2926 560 2972 Fr.
597 2920 890 2972 Franciscum
928 2921 1186 2974 Antonium
1218 2924 1245 2973 ὲ
1276 2923 1539 2983 Moncada‚
1562 2942 1654 2974 non
1687 2924 1833 2978 solum
1861 2938 1991 2974 ortus
2022 2941 2077 2974 ex
2106 2927 2386 2992 praeclariffi-

343 3010 420 3043 ma
448 2993 579 3057 hujus
603 2993 804 3043 Familiae
830 2991 906 3042 seu
935 2995 1227 3065 cognominis
1262 2994 1425 3064 stirpe,
1460 2993 1536 3044 sed
1558 3012 1604 3046 et
1631 2993 1833 3046 sublimis
1864 2994 2046 3043 scientia
2064 3028 2080 3052 ,
2108 2993 2197 3061 qud
2217 2996 2383 3049 utrius-

346 3081 436 3131 que
454 3067 569 3127 juris
601 3063 811 3121 Dostor,
841 3065 956 3113 inter
984 3065 1252 3116 Advocatos
1278 3081 1323 3114 et
1350 3063 1645 3117 Confiliarios
1678 3069 1819 3135 Regis
1861 3062 1992 3113 facile
2023 3065 2274 3133 principem
2304 3069 2383 3119 ob·

341 3138 544 3185 tinuerat
571 3136 727 3185 locum
745 3170 762 3192 ,
793 3146 840 3183 et
871 3138 1122 3187 Procerum
1152 3135 1529 3186 existimationem
1557 3135 1635 3184 fibi
1669 3136 1935 3184 conciliavit
1963 3136 2212 3202 palmarem
2239 3173 2257 3196 ,
2280 3141 2382 3207 plu..

337 3204 513 3256 rimam
545 3204 906 3256 commendant.
940 3207 1081 3256 Viam
1109 3206 1295 3276 quidem
1325 3205 1444 3256 fama
1475 3208 1531 3255 de
1555 3211 1647 3267 ejus
1673 3206 1859 3256 dotibus
1890 3203 2035 3273 sparsa
2074 3204 2133 3255 ad
2178 3208 2373 3261 honores

340 3290 386 3325 et
417 3294 523 3343 opes
557 3278 622 3326 illi
647 3278 859 3346 paravit,
883 3275 939 3327 ab
959 3279 1036 3326 illa
1069 3291 1225 3329 tamen
1251 3275 1440 3327 feliciter
1470 3274 1687 3333 deflexit,
1712 3291 1763 3326 ut
1787 3277 1905 3325 inter
1922 3277 2186 3344 Capucinos
2203 3294 2374 3333 metam

332 3349 628 3416 ‚Evangelicae
654 3345 940 3416 perfeEiionis
972 3349 1014 3396 in
1043 3346 1201 3417 spiritu
1220 3348 1488 3398 humilitatis
1514 3350 1756 3415 attingeret
1774 3382 1786 3396 .
1809 3349 1881 3395 lta
1911 3347 2001 3396 haec
2031 3348 2076 3396 in
2104 3363 2162 3399 eo
2191 3351 2372 3410 enituit,

340 3416 552 3475 ut,durn
565 3417 623 3467 de
641 3419 831 3484 praemio
859 3418 1056 3476 laboris,
1075 3437 1170 3488 quo
1191 3421 1388 3470 Annales
1414 3417 1552 3468 nostri
1584 3418 1762 3467 Boverii
1781 3419 1825 3465 in
1857 3415 2027 3466 idioma
2061 3417 2370 3487 Hispanicum

338 3486 595 3545 transtulit,
620 3488 832 3539 Minister
857 3490 1109 3541 Provinciae
1141 3507 1248 3541 eum
1279 3507 1334 3539 eo
1359 3489 1523 3558 agebat
1545 3523 1561 3546 ,
1591 3485 1683 3556 ipse
1716 3488 2031 3556 poenitentiam
2065 3506 2151 3557 pro
2181 3487 2365 3541 defesti-

339 3556 423 3608 bus
454 3555 536 3606 fibi
567 3559 742 3624 imponi
770 3575 984 3628 rogaret.

479 3629 556 3676 Fr.
574 3626 764 3697 Josephi
797 3629 1073 3681 Matritensis
1106 3665 1123 3690 ,
1158 3647 1213 3678 ex
1241 3629 1383 3679 nobili
1417 3630 1466 3679 de
1490 3628 1650 3680 ‘Pinelo
1678 3629 1866 3679 Familia
1891 3627 2072 3679 oriundi
2107 3628 2268 3678 merita
2289 3629 2365 3697 ab?

341 3697 460 3750 unde
486 3700 668 3765 quidem
696 3734 712 3757 ,
739 3713 785 3749 et
817 3700 1089 3770 gubernium
1130 3700 1377 3751 Provinciae
1399 3736 1416 3758 ,
1447 3714 1492 3749 et
1515 3696 1858 3763 Qalificatoris
1883 3698 2093 3749 officium
2124 3699 2356 3767 produnt,

338 3770 640 3840 superexaltat
669 3782 822 3821 autem
853 3788 903 3822 ea
925 3770 1235 3822 Ministerium
1263 3770 1580 3839 Apostolicum
1610 3803 1627 3826 ,
1653 3785 1711 3819 eo
1738 3787 1882 3821 nervo
1907 3768 1958 3821 δι
1988 3766 2140 3820 frusto
2163 3773 2367 3840 comple2

476 3837 666 3891 Tom.V.
1496 3844 1581 3893 Zz
1622 3855 1651 3888 2
2168 3854 2268 3890 tum
2284 3877 2302 3902 ,
