2612 4100
900 220 1574 342 Turonensis.
1942 159 1944 161 Ι
2081 237 2208 349 65

228 367 443 418 diderunt
463 381 620 418 contra
636 365 819 436 spemin
838 365 962 433 spem
983 402 1000 423 ,
1037 368 1086 419 ὃς
1105 405 1121 426 ,
1156 369 1269 418 dum
1284 367 1327 416 se
1341 371 1578 435 aliquoties
1599 367 1657 418 de
1670 369 1782 418 locis
1796 401 1813 425 ,
1850 383 1946 433 quae
1962 371 2057 430 jam
2079 390 2271 440 occupa·

211 451 391 489 “verant
423 475 439 497 ,
476 441 703 488 violenter
734 438 887 486 exules
925 435 1256 504 conspexerunt
1284 471 1301 494 ,
1337 456 1524 490 manum
1550 440 1741 492 Domini
1769 439 1816 487 in
1845 436 1889 486 se
1920 438 2271 492 abbreviatam-2

225 524 320 558 non
353 507 436 559 esse
450 544 467 568 ,
498 510 624 559 illico
648 505 963 576 probaverunt
981 541 994 555 .
1032 509 1212 556 Contra
1234 505 1359 575 spem
1385 510 1603 561 mandato
1629 511 1771 580 Regis
1801 509 1994 560 Henrici
2016 511 2115 558 111.
2139 543 2157 566 ‚
2191 514 2269 575 qui

220 595 479 646 purpuram
513 576 722 630 Ecclefiae
754 580 801 627 in
818 577 1061 636 Ludovico
1083 573 1248 627 Guifio
1278 575 1408 628 ferali
1423 579 1640 650 sanguine
1655 577 2012 648 consperserat,6
2031 579 2267 630 Civitate,

221 647 436 699 Bleffenfi
470 652 592 700 exire
613 647 860 713 jubentur,
896 646 946 698 ὃς
982 648 1029 696 in
1057 644 1181 714 spem
1203 645 1377 710 justitia
1410 652 1695 716 triumphans
1723 668 1799 700 eos
1827 648 1882 700 εὸ
1911 649 2119 699 reducit.
2137 650 2264 699 Scin·

221 718 348 783 ditur
364 721 612 791 Andegavi
624 720 826 787 Populus
843 719 890 767 in
905 716 1111 767 exitiales
1125 719 1372 777 tumultuS‚
1385 717 1433 770 ὃς
1452 720 1590 767 Filios
1607 722 1744 785 paciS,
1762 725 1940 771 Fratres
1955 718 2148 777 nosti-OS,
2165 732 2265 768 tur-

219 790 340 857 piter
368 791 395 839 ὲ
420 790 464 841 se
480 803 632 849 atcet;
669 787 863 839 redeunt
874 805 983 837 cum
1000 788 1178 856 gloria,
1213 805 1325 854 quos
1342 787 1567 838 discordia
1580 787 1769 850 sejunxit
1783 826 1796 838 .
1815 795 1960 860 Legat
1975 803 2077 839 ante
2092 787 2266 842 suum-⁴

218 862 477 931 Religionis
494 859 653 911 nostrae
671 857 917 928 ingressum
933 859 1205 926 Fr.Joannes
1217 857 1477 909 Franciscus
1488 858 1880 916 salmurienfis‚ex
1895 876 2059 929 genere
2076 860 2132 909 de
2145 863 2263 908 Bon-

221 946 339 980 neau
367 931 618 981 notabilem
650 929 881 979 summam
913 945 998 994 pro
1017 932 1173 977 Domo
1196 929 1244 977 in
1271 927 1415 996 patriti
1430 931 1634 979 Civitate
1655 928 1950 979 construenda
1969 965 1986 988 ,
2024 931 2261 998 Philippus

217 998 423 1069 Plessaeus
437 1003 494 1048 de
511 1003 731 1066 Mornay,
750 997 936 1049 Castelli
950 997 1245 1048 Gubernator
1257 1001 1312 1048 (9·
1324 998 1631 1067 Hugenotorum
1643 997 1757 1064 Papa
1779 999 1927 1048 distus
1943 1035 1958 1056 ,
1977 1017 2153 1049 memor
2174 1001 2261 1048 cri-

215 1070 326 1119 tices
339 1105 356 1128 ,
391 1087 479 1137 qua
512 1073 589 1119 Fr.
617 1066 833 1120 Silvester
866 1067 1139 1119 Lavallenfis
1170 1067 1302 1119 suum
1334 1084 1495 1119 contra
1523 1067 1886 1119 Eucharisticum
1920 1072 2263 1120 Sacramentum

213 1141 342 1208 typis
358 1140 536 1190 editum
564 1139 736 1190 librum
755 1139 1071 1198 refutaverat,
1107 1138 1422 1190 fundationem
1454 1139 1534 1191 sub
1564 1138 1876 1207 praejudicialis
1904 1140 2123 1190 novitatis
2151 1158 2262 1206 prae·

214 1223 342 1273 textu
357 1211 402 1260 in
421 1209 671 1261 vindiRam
688 1210 881 1279 impedit
897 1230 912 1269 3
929 1213 1096 1260 clamat
1111 1212 1294 1277 aequitas
1310 1209 1472 1271 causae,
1487 1210 1741 1279 patrocinio
1755 1211 1988 1260 Eleo-norae
2002 1210 2260 1265 Borboniae‚

214 1283 374 1331 Fontis
394 1279 580 1333 Ebraldi
601 1279 844 1332 Abbatiffae
870 1277 1053 1331 suffulta
1089 1295 1247 1331 contra
1281 1299 1415 1342 eum,
1453 1280 1503 1333 &
1526 1280 1795 1330 mandatum
1816 1283 1955 1349 Regis
1985 1279 2259 1347 9.Januarii

209 1355 370 1401 1608.
386 1351 671 1420 expeditum,
685 1354 753 1402 liti
771 1350 907 1402 finem
921 1350 970 1403 &
987 1349 1165 1402 fabricae
1184 1353 1366 1402 initium
1384 1351 1646 1422 praescribit.
1663 1350 1860 1420 Stringit
1876 1367 1995 1399 anno
2011 1346 2255 1418 millesimo

216 1419 542 1472 sexcentesimo
557 1421 782 1492 vigesimo
792 1425 945 1492 primo
962 1423 1084 1473 πᾶα
1098 1421 1331 1474 obsidione
1349 1426 1606 1475 Civitatem
1622 1418 2008 1490 Angariacensem
2022 1420 2258 1468 haereticus

215 1488 363 1552 furor,
384 1491 431 1546 8(
449 1495 661 1545 Domum
678 1491 1093 1553 Fratrum,nonnisi
1111 1511 1191 1562 per
1204 1493 1320 1544 duos
1333 1494 1554 1544 duntaxat
1570 1511 1707 1543 annos
1726 1496 1772 1541 in
1787 1489 2002 1541 suburbio
2028 1490 2077 1539 de
2092 1488 2258 1538 Taille-

215 1560 343 1631 lourg
372 1562 687 1614 consistentem
703 1562 823 1616 saevo
846 1564 1057 1614 incendio
1071 1563 1277 1615 devastat
1290 1601 1305 1624 ,
1337 1565 1542 1616 vindicat
1555 1564 1783 1614 Ludovici
1795 1565 1948 1613 XIII.
1969 1562 2108 1626 pietas
2123 1557 2257 1607 scele-

211 1630 333 1683 stum
354 1631 528 1684 facinus
548 1670 563 1693 ,
600 1635 649 1687 &
667 1635 997 1685 construcstione
1015 1653 1146 1686 novae
1163 1635 1346 1687 Domfls
1359 1635 1580 1686 damnum
1596 1652 1713 1684 anno
1733 1642 1880 1683 1626.
1901 1629 2104 1682 resdrciri
2135 1645 2256 1677 man·

211 1701 317 1753 dat.
354 1707 558 1755 Innovat
575 1705 816 1775 perfidiam
832 1703 959 1757 suam
972 1706 1081 1757 odio
1104 1743 1120 1766 ,
1157 1705 1374 1774 furiisque
1403 1705 1577 1775 semper
1609 1719 1785 1755 armata
1816 1705 2026 1772 impietas
2059 1714 2256 1749 contra..

214 1774 788 1827 S.Maxim'=Conventum
803 1812 820 1834 ,
857 1777 968 1825 dum
981 1778 1118 1826 illum
1139 1795 1230 1825 uno
1247 1778 1499 1842 eodemque
1527 1794 1644 1825 anno
1669 1795 1817 1835 1720.
1849 1776 1956 1842 igne
1990 1786 2059 1820 ter
2088 1769 2251 1831 injesto

215 1840 550 1908 depopulatur,
586 1857 660 1899 at,
696 1844 809 1890 dum
829 1845 1014 1907 laqueus
1043 1843 1093 1890 &
1121 1845 1236 1909 ignis
1261 1843 1484 1890 nefarium
1509 1847 1554 1889 in
1573 1846 1658 1890 reis
1673 1843 1906 1890 vindicant
1921 1840 2091 1888 crimen
2110 1872 2127 1894 ,
2162 1839 2256 1903 pie-

221 1923 288 1959 tas
308 1909 331 1958 ὲ
350 1913 498 1960 cinere
511 1913 694 1960 malitiae
707 1911 920 1961 decorem
935 1927 1062 1960 novae
1082 1909 1260 1959 Domfis
1279 1909 1513 1960 resuscitat
1530 1945 1542 1958 .

356 1978 651 2043 Conspiravit
665 1978 830 2026 &alibi
848 1981 921 2024 vel
933 1979 1119 2040 ingenio
1136 2012 1152 2031 ,
1184 1982 1257 2024 vel
1281 1979 1474 2025 artificio
1490 1980 1608 2025 testa
1634 1992 1791 2025 contra
1806 1983 1984 2027 Fratres
2009 1977 2217 2026 invidia...
2233 2012 2250 2035 ,

209 2043 307 2112 spes
324 2058 478 2094 autem
495 2079 512 2101 ,
539 2061 639 2110 quae
654 2059 886 2107 nunquam
901 2039 1142 2089 confundit
1155 2076 1172 2100 ,
1211 2040 1404 2091 suffulsit
1419 2039 1584 2092 horum
1597 2045 1842 2092 commoda
1857 2080 1874 2102 ‚
1904 2045 1954 2096 &
1972 2047 2248 2112 multiplica-

210 2115 280 2165 vit
293 2119 470 2164 Domos
489 2115 534 2161 in
549 2112 822 2161 crestionem
839 2111 1090 2162 Provinciae
1102 2147 1115 2160 .

185 2248 189 2252 .
347 2182 544 2235 Perfecit
561 2183 761 2232 erestam
776 2182 990 2233 Charitas
1003 2216 1020 2240 ,
1040 2182 1129 2248 quil
1158 2183 1205 2232 in
1232 2181 1445 2234 cordibus
1467 2182 1630 2234 diffusz‘i
1655 2201 1735 2254 per
1753 2184 1974 2250 Spiritum
1992 2184 2251 2237 Sanstum.»

208 2256 391 2305 Fratres
409 2271 498 2304 non
512 2252 772 2304 hominibus
791 2255 995 2322 placere,
1022 2250 1099 2302 sed
1112 2259 1212 2304 Deo
1225 2252 1273 2304 ὅ(
1286 2258 1499 2322 proximo
1517 2273 1595 2322 per
1613 2258 1829 2324 operariae
1862 2256 2049 2305 virtutis
2078 2273 2247 2305 nexum

199 2329 334 2395 jungi
350 2324 620 2375 studuerunt
634 2361 645 2373 .
662 2324 926 2383 Hinc,dum
943 2323 1148 2392 primum
1163 2343 1213 2374 ea
1229 2363 1244 2385 ‚
1271 2343 1368 2392 quae
1387 2328 1475 2375 Dei
1493 2324 1596 2374 sunt
1608 2362 1623 2382 ,
1647 2332 1748 2375 Deo
1766 2340 1865 2374 tum
1881 2327 2044 2374 interni
2060 2361 2076 2383 ,
2099 2340 2248 2378 ,tum-s

207 2397 382 2446 externi
399 2394 548 2448 cultiis
563 2393 719 2446 officio
732 2395 1028 2446 reddiderunt
1040 2431 1056 2455 ,
1089 2393 1309 2463 obsequiis
1327 2397 1523 2463 proximi
1541 2393 1730 2445 infraffll
1749 2394 1790 2443 se
1804 2397 1950 2443 manci
1954 2395 2120 2461 pzirunt
2146 2398 2246 2444 cha-

204 2469 340 2517 ritate
359 2503 373 2517 .
403 2469 608 2517 Emicuit
623 2469 716 2517 haec
730 2465 1013 2535 potissimum
1043 2469 1220 2536 tragico
1244 2467 1326 2515 illo
1350 2480 1557 2533 tempore
1572 2500 1587 2522 ,
1613 2483 1703 2532 quo
1734 2468 1779 2513 in
1802 2467 2021 2513 ultionem
2042 2479 2241 2514 armatus

203 2540 417 2607 Angelus
436 2535 598 2589 effudit
617 2536 748 2604 super
777 2540 878 2589 loca
904 2540 1153 2589 Provinciae
1170 2537 1369 2603 phialam
1398 2536 1712 2604 contagionis,
1742 2532 1792 2585 ἃ
1819 2531 1933 2582 Γεενέι
1960 2535 2036 2583 lue
2067 2535 2237 2583 incolas

203 2607 449 2659 concussit.
482 2612 668 2661 Malum
683 2609 795 2660 dum
812 2612 983 2679 plateas
1004 2611 1195 2660 Civium
1215 2607 1509 2657 cadaveribus
1537 2607 1749 2674 implevit
1776 2640 1792 2661 ,
1828 2603 2019 2652 charitas
2050 2605 2240 2653 Provin-

201 2680 320 2729 ciam
343 2681 642 2747 Martyribus
668 2679 933 2731 decoravit.
965 2680 1143 2730 Planxit
1171 2677 1286 2727 illud
1311 2695 1427 2727 anno
1466 2694 1611 2739 1597.
1640 2677 1820 2726 Civitas
1842 2672 2159 2730 Bituricensis,
2191 2673 2240 2726 ὃς

176 2747 187 2770 ²
202 2749 368 2800 horum
384 2752 613 2801 Primitias
633 2753 876 2801 Provincia
895 2749 1015 2800 vidit
1028 2752 1074 2797 in
1091 2752 1141 2798 P.
1160 2749 1399 2815 Cypriane
1414 2783 1430 2806 ,
1457 2746 1506 2798 ὅ(
1525 2748 1840 2816 Fr.Junipero
1856 2779 1870 2801 ‚
1899 2742 2236 2801 Parifienfibus,

203 2836 404 2887 quorum
417 2820 638 2870 cadavera
655 2820 860 2887 primurn
876 2833 1004 2868 extra
1021 2833 1199 2886 portam
1215 2822 1262 2869 S.
1279 2820 1449 2868 Privati
1462 2819 1507 2866 in
1520 2819 1625 2866 loco
1638 2853 1653 2874 ,
1666 2815 1832 2865 Sanitas
1845 2816 2064 2870 vocitato,
2083 2815 2239 2861 huma-

202 2903 250 2938 ta
265 2925 282 2947 ,
308 2889 356 2940 ἃ
372 2907 489 2939 anno
508 2899 597 2940 161
610 2908 654 2953 5.
674 2890 731 2939 ad
746 2888 990 2939 Ecclesiam
1005 2886 1277 2939 Conventus
1292 2889 1502 2939 translata
1513 2922 1530 2945 ,
1554 2889 1599 2935 in
1610 2888 1803 2954 Capella
1815 2885 1871 2934 ad
1889 2886 2007 2933 latus
2026 2887 2235 2951 Evange3

199 2960 251 3011 lii
264 2961 310 3010 in
326 2961 550 3012 memoris
566 2961 892 3010 benedic‘tionis
907 2957 1195 3026 requiescunt
1215 2997 1227 3009 .

339 3028 525 3082 Afflixit
539 3030 717 3083 &anno
737 3040 881 3094 1604.
899 3031 1080 3085 Urbem
1093 3029 1428 3081 Cainovensem
1441 3027 1645 3080 venenati
1665 3027 1779 3075 aiiris
1798 3021 1939 3074 foetor
1954 3059 1970 3082 ‚
2000 3022 2048 3074 ὅ(
2067 3028 2230 3072 annuaS

202 3102 290 3150 tim
306 3102 585 3169 processione
601 3102 655 3152 ab
671 3101 870 3152 Ecclesia
887 3101 1138 3151 Parochiali
1154 3137 1169 3159 ,
1200 3101 1273 3151 die*
1287 3106 1333 3152 S.
1351 3098 1590 3151 Sebastiani
1609 3097 1753 3146 cultui
1769 3094 1891 3145 sacrd
1913 3130 1928 3152 ,
1958 3093 2015 3143 ad
2034 3093 2230 3143 nostram

200 3171 356 3232 ἀυξὶᾶ,
372 3175 495 3224 Divo
510 3191 593 3242 pro
611 3176 775 3232 tutela,
791 3173 838 3224 δε
853 3170 1088 3222 Fratribus
1100 3190 1183 3240 pro
1196 3174 1412 3221 charitate
1440 3170 1629 3219 devotas
1642 3181 1793 3236 grates
1810 3179 2000 3215 renovat
2020 3200 2032 3212 .
2051 3166 2231 3231 Deplo-

197 3245 319 3294 ravit
344 3263 462 3295 anno
492 3255 639 3306 1607.
664 3260 880 3314 magnam
897 3242 1084 3293 suorum
1104 3242 1297 3312 stragem
1311 3242 1489 3293 Civitas
1501 3235 1777 3288 Turonensis
1794 3272 1810 3294 ,
1834 3235 1948 3303 peste
1964 3248 2226 3301 correpta-n

200 3311 249 3364 ἃ
275 3314 507 3366 benedixit
523 3319 727 3367 Domino
757 3319 800 3364 in
827 3316 1069 3381 Mai-tyrio
1091 3314 1320 3363 charitatis
1337 3348 1352 3370 ‚
1382 3308 1503 3378 quod
1528 3312 1679 3358 Patres
1709 3308 1916 3358 Thomas
1937 3303 2197 3355 Rhemenfis
2212 3339 2227 3362 ,

198 3384 487 3436 Cherubinus
515 3385 870 3445 Aurelianensis,
883 3404 935 3436 ac
955 3390 1030 3435 Fr.
1039 3385 1244 3453 Jacobus
1274 3376 1606 3432 Aurelianensis
1636 3379 1798 3428 Laicus
1815 3395 1899 3446 pro
1918 3394 1967 3425 ea
1982 3375 2226 3451 subjerunt‚

197 3454 278 3520 pio
306 3455 478 3506 honore
511 3461 555 3507 in
581 3459 868 3510 Coemeterio
903 3457 1128 3506 Parochiae
1163 3455 1294 3504 distae
1325 3455 1373 3502 de
1401 3453 1445 3499 la
1488 3449 1618 3500 Ricbe
1655 3466 1793 3516 prope
1823 3465 2004 3496 crucem
2033 3443 2191 3509 sepulti
2205 3477 2218 3491 .

197 3525 416 3576 Percussit
429 3527 476 3580 δι
493 3530 556 3579 ira
573 3531 660 3579 Dei
670 3530 768 3597 pari
782 3526 878 3578 fato
892 3529 1114 3578 Civitates
1126 3521 1474 3575 salmuriensem
1491 3557 1508 3580 ,
1539 3517 1908 3570 Aurelianensem
1926 3553 1940 3574 ,
1956 3513 2221 3564 Gennaben-

196 3591 294 3643 sem
324 3591 416 3645 ὅτε.
434 3631 450 3654 ,
479 3598 527 3651 &-
558 3598 776 3649 sacrificio
813 3600 918 3648 vitae
949 3597 1036 3649 suae
1063 3597 1322 3664 triumphos
1355 3592 1580 3642 charitatis
1611 3589 1890 3639 adauxerunt
1915 3589 2002 3636 ΡΡ.
2016 3583 2224 3649 Angelus

197 3664 475 3726 Falefienfis,
494 3669 613 3719 Beda
627 3667 961 3720 Aurelianensis
973 3705 988 3728 ,
1003 3668 1208 3717 Bertinus
1234 3658 1607 3734 Argentomenfis
1623 3659 1853 3719 ,Michaiil
1868 3651 2188 3733 Maelovienfis
2204 3688 2223 3711 ,

196 3740 273 3787 Fr.
290 3738 647 3788 Bartholomaeus
673 3743 720 3788 N
723 3738 975 3808 ogentensis
991 3740 1152 3789 Laicus
1170 3773 1186 3795 ,
1216 3752 1412 3804 quorum
1436 3747 1524 3782 tres
1551 3733 1740 3780 ultimos
1760 3729 1917 3776 tertius
1931 3724 2218 3811 §nnalrumf

193 3807 455 3861 nostrorum
480 3823 634 3859 tomus
649 3825 984 3861 commemorat
996 3847 1007 3860 .
1039 3812 1190 3873 Major
1196 3811 1289 3871 jam
1308 3823 1414 3855 cum
1432 3819 1521 3853 non
1538 3800 1592 3851 sit
1607 3802 1796 3852 charitas
1813 3831 1830 3856 ,
1863 3811 2001 3863 quam
2018 3811 2105 3862 qua
2123 3811 2218 3842 ani-

293 3880 458 3931 ¹Tom0V.
701 3875 705 3878 ’
1379 3876 1398 3916 Ι
2092 3875 2154 3902 ¹¹¹³
