2612 4100
838 236 1584 356 lugdunensi-r.-

211 379 1192 519 Affiffssffiissffssznffisssffgtss,ix-§2323

275 519 349 573 sus
372 526 588 573 Fratrum
611 533 770 570 contra
795 517 976 569 haerefin
1005 521 1050 569 in
1074 521 1192 570 illa...

278 591 478 643 Dioecesi
505 590 611 642 faeti
634 589 1012 641 commendantur
1030 625 1043 639 .

377 730 594 775 Admodum
621 731 839 774 Reverende
872 733 1010 774 Pater.

337 850 430 891 Deo
440 858 566 905 grata:
582 847 748 891 suerunt
764 848 951 904 Episcopi
970 848 1187 890 Mimaten-

361 908 406 949 fis
418 934 433 958 ,
450 911 492 952 8ο
505 907 762 949 Reverentiae
789 907 935 949 Vestrae
948 905 1188 948 litteraecir-

206 975 253 1004 ca
268 964 407 1007 felices
432 965 472 1005 in
489 964 760 1019 extit-parione
786 963 949 1005 istorum
979 964 1188 1006 haeretico-

203 1033 291 1063 rum
313 1021 561 1076 progressus,
588 1028 635 1064 ut
661 1020 754 1064 illos
770 1021 1031 1064 sanetiffimus
1050 1022 1185 1064 Domi·-

203 1093 275 1122 nus
301 1080 434 1122 noster
452 1092 528 1121 ore
554 1080 722 1135 proprio
749 1080 966 1135 plurimum
979 1093 1185 1123 commen·-

200 1137 287 1179 dari
313 1134 493 1196 jusserit·
519 1140 574 1181 Et
587 1137 783 1193 proinde,
806 1139 916 1182 ficuti
942 1139 1184 1182 introclusas

202 1195 365 1238 litteras
391 1196 522 1238 eidem
555 1194 752 1252 Episcopo
775 1197 1080 1240 Eminentiffimi
1107 1201 1185 1241 Pa.

204 1265 284 1296 tres
302 1283 316 1306 ,
330 1264 374 1297 ut
389 1254 616 1298 saumatis
638 1257 724 1298 Suae
750 1256 940 1300 mandato
961 1259 1183 1313 obtempe-

203 1324 367 1365 rarent,
391 1313 633 1369 scripserunt
660 1343 675 1367 ,
693 1315 750 1357 ita
777 1316 1066 1358 Reverentiam
1099 1319 1186 1358 Ve-

203 1370 321 1414 stram
351 1371 402 1414 ad
424 1370 724 1428 prosequendas
750 1374 793 1416 in
818 1384 898 1417 tam
919 1374 987 1430 pio
1010 1387 1188 1429 opere..-

207 1428 291 1472 suas
314 1429 548 1486 diligentias
562 1433 715 1481 ,etiam
735 1442 857 1488 atque
876 1433 998 1476 etiam
1021 1434 1188 1477 hortan-

206 1497 297 1536 tur,
322 1497 369 1531 ut
390 1487 605 1544 conjuneia
630 1503 723 1532 cum
751 1489 857 1534 illius
883 1500 966 1534 tam
1000 1493 1188 1536 Zelantis

204 1543 394 1602 Episcopi
424 1560 546 1602 opera
562 1573 577 1596 ,
594 1549 724 1590 omnis
747 1549 786 1591 in
812 1551 883 1594 ista
911 1551 1086 1593 Dioecefi
1111 1554 1188 1594 hae-

206 1603 300 1645 reiis
317 1603 496 1647 funditus
511 1606 749 1656 aboleatur,
769 1609 810 1650 δι
826 1623 918 1652 cum
947 1610 1007 1651 his
1032 1610 1187 1655 fausta..

203 1664 253 1706 ad
271 1663 488 1706 Dominum
508 1666 763 1708 Reverentia:
779 1668 928 1711 Vestrae
957 1681 1183 1724 precamur.

316 1723 455 1766 Romae
472 1736 510 1765 2.
525 1725 639 1781 Sept.
659 1726 732 1776 163
742 1738 781 1767 2.

687 1836 755 1878 Ad
765 1809 956 1879 commoda
971 1841 1012 1879 Ρ.
1031 1842 1070 1881 V.

655 1940 912 1991 cardinalis
928 1946 1095 2011 Borgia
1109 1979 1122 1993 .

316 2066 376 2105 Ex
401 2062 517 2103 Tomo
543 2062 566 2099 I
581 2063 620 2102 V.
652 2061 797 2102 Annal.
828 2061 970 2102 Ordin-
1000 2062 1045 2101 P-
1067 2062 1191 2103 silve-

363 2118 447 2176 stri
458 2117 646 2177 fll.405.

204 2260 317 2275 ω
1076 2260 1192 2277 m

210 2353 291 2406 Ad
304 2352 531 2404 instantias
552 2354 692 2423 Regis
706 2354 1069 2411 Christianiffimi
1088 2361 1190 2409 Pro-

269 2424 471 2474 vinciam
514 2424 793 2492 Burgundiae
833 2463 850 2485 ,
887 2425 1191 2496 'Lugdunenfi

269 2494 522 2544 Provincia:
554 2495 671 2544 uniri
690 2530 707 2552 ,
735 2493 784 2547 &
811 2497 867 2546 ab
899 2496 981 2546 hac
1009 2497 1068 2547 ob
1097 2515 1190 2546 cre-

265 2561 464 2614 scentem
492 2582 548 2615 ex
565 2564 647 2614 hac
671 2567 834 2615 unione
865 2567 986 2618 illius
1017 2566 1191 2618 vastita-

265 2647 364 2684 tem
393 2636 634 2684 nonnullos
673 2640 946 2687 Conventus
976 2634 1187 2686 dismem-

266 2703 419 2763 brati,
443 2704 493 2757 δι
526 2704 758 2755 Custodiae
786 2708 1045 2774 Campaniae
1080 2722 1183 2755 con-

261 2775 402 2842 jungi
433 2774 670 2823 concedit.

206 2905 371 2953 Dileetis
386 2907 518 2961 Filiis,
536 2908 719 2955 Minillro
739 2913 939 2962 Gener-ali,
955 2912 1002 2960 ὃ
1026 2913 1188 2956 Ludwi-

257 2981 300 3010 co
310 2969 353 3010 dc
365 2968 480 3017 ‘Jalio
495 2967 713 3024 Dtffi'nitori
729 2972 933 3022 Generali,
949 2970 1045 3013 ord.
1054 2973 1130 3015 Fr-

317 3035 427 3070 trum
439 3029 644 3070 Me‘norum
671 3032 711 3070 s.
726 3030 925 3086 Francisci
942 3033 1071 3086 Capu-

424 3086 600 3127 cinorum
625 3095 937 3141 nuncupatorum
956 3118 968 3128 .

195 3193 796 3287 *INNOCENTIUS
835 3219 1041 3270 PAPA
1079 3222 1185 3270 x1.

236 3318 238 3320 v
295 3343 442 3386 Ditem
459 3344 556 3387 Filii
568 3371 582 3395 ,
589 3344 758 3398 sbltaetem
766 3373 782 3394 ‚
796 3344 844 3391 δ’
860 3346 1112 3404 Apostolicam

529 3401 835 3445 Benediffionem
846 3433 858 3445 .

205 3513 397 3629 CUM
408 3543 422 3565 ³
436 3516 535 3562 ficut
549 3532 622 3574 pro
637 3527 751 3574 parte
777 3521 986 3563 chsriffimi
1011 3521 1050 3562 in
1065 3520 1187 3563 Chri-

341 3573 397 3617 sto
429 3576 518 3618 Filii
546 3576 696 3628 nostri,
713 3579 911 3622 Ludovici
939 3582 1182 3623 Francorum

206 3632 333 3694 {Regis
348 3633 665 3676 Christianiffimi
679 3636 808 3678 Nobis
824 3652 950 3693 nuper
965 3637 1184 3693 expositum

206 3690 307 3737 tuit,
325 3691 405 3744 ipse
424 3693 652 3734 Ludovicus
670 3695 758 3735 Rex
775 3697 1027 3739 Provinciam
1049 3695 1183 3740 Comi.

202 3745 304 3790 tatus
325 3751 579 3803 Burgundiae,
593 3751 759 3793 Ordinis
776 3756 958 3797 Fratrum
978 3756 1180 3798 Minorum

204 3809 334 3850 Sancti
361 3811 563 3851 Francisci
588 3811 887 3866 Capucinorum
931 3823 1182 3870 nuncupato·

326 3869 427 3909 Tom-
440 3871 477 3911 V.

2003 272 2039 327 1
2060 281 2100 323 2
2113 275 2171 353 ζ·

1253 396 1338 425 rum
1361 406 1377 430 a
1403 380 1626 425 Provincia
1655 378 2120 438 Lugdunensi‘ejusdem
2145 387 2235 431 Οι-.;Ι

1252 439 1357 482 dinis
1382 441 1504 490 uniri,
1517 443 1572 489 &2
1585 436 1675 496 quia
1689 440 1768 482 haec
1785 436 1996 490 Provincia
2025 453 2097 495 per
2112 443 2223 482 unio-

1252 510 1343 540 nem
1357 497 1573 551 hujusmodi
1587 499 1688 542 adeo
1697 496 1829 554 ampla
1842 496 2060 547 evaderet,
2075 506 2121 539 ut
2144 498 2223 539 dif-

1251 555 1358 597 ficile
1372 554 1481 600 foret
1491 587 1505 609 ,
1518 568 1606 600 eam
1624 559 1673 601 ab
1686 571 1766 600 uno
1779 555 1958 599 Ministro
1981 554 2225 599 Provinciali

1249 613 1398 657 vifitari
1411 642 1426 665 ,
1452 615 1607 672 aliquos
1631 619 1871 660 Conventus
1886 615 1938 658 ab
1958 614 2024 658 illa
2037 613 2227 656 dismem-

1248 673 1385 720 brari,
1398 673 1544 727 eosque
1558 687 1648 716 curn
1665 674 1855 718 Custodia
1879 673 2107 728 Campaniae
2120 670 2217 712 dieti

1245 729 1412 773 Ordinis
1425 730 1608 786 conjungi
1624 759 1637 783 ,
1648 746 1694 774 ac
1706 745 1852 775 novam
1877 733 2025 776 exinde
2038 728 2217 788 ejusdem

1246 787 1409 831 Ordinis
1429 789 1681 832 Provinciam
1716 789 1879 834 formari
1904 791 2123 848 plurimum
2151 786 2223 829 de-

1248 846 1394 889 fideret
1413 875 1424 888 .

1362 909 1449 948 Nos
1466 906 1540 961 piis
1555 904 1670 960 ipfius
1689 906 1883 949 Ludovici
1913 909 2036 962 Regis
2062 905 2166 949 votis
2182 905 2222 947 in

1251 962 1464 1018 praemiffis,
1479 964 1668 1019 quantum
1695 978 1785 1007 cum
1802 966 1978 1006 Domino
2009 963 2226 1021 poisumus,

1250 1019 1533 1064 favorabiliter
1545 1035 1722 1064 annuere
1736 1049 1750 1071 ,
1767 1036 1811 1065 ac
1826 1021 1937 1064 felici
1954 1024 2226 1079 prosperoque

1245 1081 1445 1124 dietarum
1463 1081 1789 1132 provinciarum,
1813 1082 1853 1123 Bc
1877 1080 2059 1124 custodiae
2085 1081 2228 1131 statui,

1247 1139 1457 1193 regimini,
1471 1139 1718 1193 &gubernio
1745 1139 1900 1194 optime
1924 1139 2150 1182 consultum
2171 1136 2228 1178 es-

1245 1199 1283 1241 se
1311 1198 1523 1252 cupientes
1535 1223 1548 1245 ,
1566 1196 1916 1252 supplicationibus
1929 1227 1945 1249 ,
1960 1197 2131 1254 ejusdem
2146 1200 2229 1239 Lu-

1248 1256 1385 1301 dovici
1399 1256 1518 1311 Regis
1531 1255 1693 1298 nomine
1704 1256 1820 1298 nobis
1838 1257 1952 1310 super
1966 1257 2043 1298 hoc
2065 1253 2227 1298 humili-

1248 1327 1314 1358 ter
1335 1314 1530 1370 porrectis
1542 1313 1749 1361 inclinati,
1771 1326 1817 1354 ac
1834 1313 1886 1354 de
1901 1314 1997 1356 vera
2010 1312 2116 1362 fide,
2132 1323 2224 1366 pru-

1247 1371 1389 1416 dentia
1407 1403 1422 1426 .,
1446 1374 1642 1416 charitate
1658 1400 1672 1424 ,
1696 1371 1931 1426 integritate
1948 1398 1963 1422 ,
1985 1366 2194 1424 vigilantia
2211 1394 2226 1418 ,

1248 1436 1286 1476 Sc
1313 1432 1545 1489 Religionis
1570 1431 1663 1473 zelo
1688 1429 1903 1486 plurimum
1934 1428 2230 1472 habentes.in..»

1249 1490 1428 1536 Domino
1455 1489 1644 1533 fiduciam
1682 1489 1795 1531 vobis
1843 1497 1929 1530 tam
1967 1486 2200 1541 conjunctim
2215 1515 2232 1537 ,

1248 1550 1368 1607 quam
1386 1550 1599 1606 unicuique
1615 1547 1788 1591 vestrum
1811 1542 2022 1602 separatim
2037 1547 2101 1597 ,&
2117 1546 2154 1588 in
2171 1544 2238 1592 so-,

1249 1609 1380 1651 lidum
1416 1608 1683 1664 supradictam
1714 1604 1947 1650 Comitatus
1988 1602 2225 1660 Burgundiae

1245 1668 1511 1710 Provinciam
1535 1677 1764 1709 memoratae
1801 1664 2023 1706 Provincia:
2063 1661 2230 1716 Lugdu-

1243 1723 1350 1770 nenfi
1365 1726 1601 1769 auctoritate
1621 1724 1754 1768 nostra
1774 1720 2006 1779 Apostolicai
2024 1720 2227 1776 perpetuo

1246 1784 1443 1832 uniendi,
1469 1785 1737 1830 annectendi,
1774 1783 1815 1822 δι
1837 1778 2148 1832 incorporandi,
2176 1777 2231 1817 ab·

1249 1837 1338 1893 ipss
1359 1848 1493 1879 autem
1519 1837 1731 1882 Provincid
1765 1833 2017 1889 Lugdunenfi
2030 1861 2047 1884 ,
2074 1847 2122 1875 ne
2136 1845 2231 1888 pro-

1251 1903 1347 1951 pter
1362 1892 1446 1947 eius
1473 1893 1781 1950 amplitudinem
1804 1893 1920 1935 nimis
1944 1888 2118 1933 difficilis
2138 1889 2232 1939 redq

1253 1952 1372 1994 datur
1393 1951 1460 1994 uni
1473 1954 1627 1995 tantum
1646 1950 1831 1994 Ministro
1858 1948 2103 1993 Provinciali
2125 1947 2232 1991 illius

1253 2008 1441 2054 visitatio,
1453 2021 1520 2046 eos
1541 2011 1776 2047 conventus
1789 2037 1805 2056 ‚
1816 2021 1919 2059 quos
1935 2006 2145 2049 secundum
2157 2006 2231 2047 da-

1252 2068 1335 2100 tam
1353 2061 1464 2101 vobis
1478 2062 1502 2103 a
1518 2063 1694 2102 Domino
1709 2062 1967 2114 prudentiam
1993 2061 2229 2114 separandos

1252 2114 1731 2171 effejudicaveritis,seu
1744 2118 1848 2161 alter
1879 2115 2050 2160 vestrum
2078 2117 2234 2173 judica·

1252 2175 1483 2226 verindit‘ta
1496 2178 1738 2219 auctoritate
1754 2176 1894 2219 itidem
1908 2178 2108 2231 perpetuo
2123 2176 2233 2232 sepa·

1253 2235 1397 2285 randi,
1427 2234 1818 2287 &dismembrandi,
1843 2233 2019 2291 ipsosque
2042 2238 2231 2278 Conven-

1253 2304 1315 2344 tus
1345 2321 1360 2344 ,
1386 2293 1437 2334 fic
1465 2291 1662 2347 separatos
1689 2319 1704 2340 ‚
1733 2295 1773 2335 &
1808 2293 2115 2335 dismembratos
2140 2308 2230 2336 cum

1250 2350 1412 2409 praefata
1426 2351 1617 2394 Custodia
1634 2351 1862 2404 Campaniae
1874 2351 2170 2405 conjungendi,
2184 2365 2229 2393 ac

1250 2423 1393 2453 novam
1408 2407 1553 2451 exinde
1567 2408 1662 2451 disti
1676 2408 1840 2449 Ordinis
1867 2409 2123 2450 Provinciam
2140 2408 2228 2451 sot·-

1249 2467 1414 2517 mandi,
1428 2481 1475 2508 ac
1489 2480 1581 2508 cum
1592 2465 1777 2507 omnibus
1790 2493 1804 2515 ,
1819 2467 1860 2506 δι
1881 2464 2040 2518 singulis
2061 2463 2223 2517 juribus,

1250 2525 1523 2582 praerogativis
1538 2553 1552 2576 ,
1566 2523 1872 2580 praeeminentiis
1887 2549 1902 2572 ,
1933 2521 2192 2568 facultatibus
2205 2548 2230 2576 ²..

1249 2583 1470 2640 privilegiis
1482 2609 1498 2631 ,
1514 2583 1668 2638 gratiis,
1679 2580 1898 2624 &indultis
1914 2578 2057 2630 solitis,
2074 2582 2115 2622 &
2128 2595 2229 2623 con-

1248 2643 1368 2686 suetis
1391 2642 1631 2684 auctoritate
1651 2638 1833 2694 praefata,
1859 2639 1981 2684 etiam
2017 2639 2214 2692 perpetuo

1248 2700 1427 2756 erigendi
1442 2701 1509 2750 ,&
1530 2698 1782 2750 instituendi,
1805 2697 1965 2752 aliaque
1987 2697 2147 2747 omnia,
2175 2697 2225 2745 81:⁴

1248 2758 1397 2815 fingula
1416 2771 1520 2812 ,quae
1545 2758 1650 2800 circa
1676 2755 1971 2810 dispositionem
1991 2754 2227 2799 Provincia·-v

1251 2831 1340 2862 rum
1355 2815 1575 2870 huiusmodi
1606 2815 1817 2859 necessaria
1833 2841 1848 2864 ,
1862 2816 1901 2857 &
1917 2822 2142 2868 opportuna
2168 2806 2225 2858 fo,

1249 2893 1296 2920 re
1319 2873 1578 2920 censueritis,
1603 2874 1665 2916 seu
1690 2874 1795 2915 alter
1812 2870 1981 2914 vestrum
2007 2869 2224 2919 censuerit,

1249 2932 1454 2984 faciendi,
1481 2930 1725 2979 mandandi,
1755 2927 2000 2972 decernendi
2025 2954 2039 2974 ι,
2057 2929 2096 2968 δι’.
2127 2941 2222 2969 exe-

1247 2991 1396 3051 quendi
1408 3016 1422 3039 ,
1435 3005 1480 3032 ac
1494 2989 1723 3032 executioni
1738 2986 1915 3029 mandari
1930 2986 2113 3032 curandi,
2130 2985 2220 3039 ples

1246 3067 1334 3096 nani
1349 3079 1364 3102 ,
1388 3051 1427 3091 δε
1443 3048 1640 3104 amplam,
1664 3059 1710 3087 ac
1732 3058 2027 3100 quamcumque
2055 3041 2218 3086 necessa·

1247 3112 1346 3155 riam
1359 3137 1374 3160 ‚
1390 3109 1426 3149 Β(
1439 3117 1705 3162 opportunam
1729 3102 1962 3146 facultatem
1986 3101 2127 3144 eadem
2153 3115 2220 3143 au·-

1246 3170 1430 3213 ctoritate
1443 3193 1458 3216 ,
1471 3174 1610 3207 tenore
1630 3163 1880 3218 praesentium
1901 3161 2116 3204 tribuimus
2136 3188 2151 3211 ‚
2178 3161 2218 3200 δε

1247 3225 1524 3284 impertimur.
2195 3275 2203 3283 .

1363 3286 1456 3326 Non
1469 3279 1713 3323 obstantibus
1737 3277 1935 3334 praemiffis
1951 3305 1966 3330 ,
1996 3292 2043 3320 ac
2069 3275 2223 3321 Constr-

1252 3341 1471 3389 tutionibus
1486 3367 1501 3388 ,
1535 3337 1920 3381 &Ordinationibus
1952 3335 2219 3392 Apostolicis,

1245 3418 1319 3447 nec
1334 3414 1412 3444 non
1425 3428 1439 3450 ,
1450 3407 1645 3455 quatenus
1663 3409 1762 3449 opus
1776 3394 1836 3447 fit,
1851 3395 2031 3442 Ordinis,
2054 3398 2094 3436 δι
2115 3396 2216 3435 Pro·

1247 3462 1492 3506 vinciarum,
1514 3470 1573 3499 ac.
1592 3454 1792 3498 Custodiae
1814 3479 1830 3503 ,
1855 3456 1895 3496 ἃ.
1918 3457 2209 3495 Conventuum

1244 3516 1500 3576 praefatorum
1513 3541 1528 3563 ‚
1552 3512 1688 3556 aliisve
1712 3513 1912 3568 quibusvis
1929 3540 1943 3562 ,
1959 3511 2080 3552 etiam
2109 3508 2215 3560 jura·

1244 3586 1408 3626 mento,
1423 3571 1726 3616 confirmatione
1750 3569 2006 3626 Apostolica,
2033 3565 2096 3610 vel
2121 3578 2217 3621 qua-

1243 3639 1304 3678 vis
1318 3634 1510 3676 firmitate
1533 3630 1609 3673 alia
1624 3630 1824 3673 roboratis
1856 3627 2007 3670 statutis
2021 3653 2035 3676 ,
2062 3626 2102 3665 δι
2120 3637 2218 3665 con-

1243 3691 1548 3740 suetudinibus,
1578 3687 1795 3744 privilegiis
1824 3698 1985 3740 quoque
2021 3682 2215 3732 indultis,

1240 3751 1439 3795 &litteris
1458 3747 1696 3804 Apostolicis
1723 3747 1762 3786 in
1785 3744 2030 3785 contrarium
2048 3739 2216 3796 praemis-

1242 3813 1373 3855 sorum
1387 3806 1691 3865 quomodolibet
1705 3800 1891 3843 concessis
1904 3827 1919 3850 ,
1942 3799 2185 3898 configcmatis
2199 3823 2214 3846 ,

1692 3864 1731 3912 Q
1764 3873 1784 3901 2
2102 3871 2163 3897 in-
