2592 4094
884 250 956 337 S.
1021 249 1548 340 Ludovici.

230 388 444 432 necessaria
458 417 471 440 ,
488 390 597 433 licita
613 396 750 432 tamen
763 418 778 440 ,
808 391 847 431 &
864 391 1030 432 honesta
1043 419 1056 440 ,
1074 389 1208 432 sacris-

227 461 307 503 que
325 450 579 500 ,Canonibus,
595 450 635 491 &
648 448 1017 491 Constitutionibus
1033 449 1206 502 Aposto-
1233 475 1235 479 s

227 507 339 555 licis,
356 508 392 548 &
407 509 582 550 Concilii
602 506 828 550 Tridentini
845 507 1049 556 Decretis,
1062 520 1108 548 ac
1126 506 1210 560 pri-

229 566 393 608 modiffi
408 566 580 612 Ordinis
595 565 793 608 Institutis
826 564 1103 620 Regularibus
1138 565 1210 605 mi-

228 626 337 667 nime
356 626 564 667 contraria
579 654 593 675 ,
607 639 652 667 ac
675 624 725 664 ab
743 622 965 666 Ordinatio
988 624 1095 678 prius
1114 635 1210 667 exa-

227 683 418 726 minanda
431 712 444 734 ,
459 686 497 727 &
512 681 771 740 approbanda
786 682 964 724 condere
978 709 992 732 ,
1013 683 1049 722 &
1065 691 1208 737 quate·

227 755 302 784 nus
321 756 393 796 pro
410 757 546 784 rerum
559 773 574 794 ,
587 743 627 787 ὃς
647 752 875 796 temporum
891 740 1090 796 qualitate
1104 768 1117 790 ,
1145 738 1209 781 vel

226 800 324 842 alias
339 801 554 855 expediens
574 796 781 843 videbitur
797 825 811 848 ,
824 799 982 854 praeviis
1010 799 1214 847 examine,

224 860 265 903 &
281 860 575 915 approbatione
605 856 831 914 hujusmodi
848 885 863 906 ,
885 858 952 899 illa
968 858 1180 898 immutare
1199 883 1213 907 ,

224 920 432 973 corrigere
446 944 460 966 ,
476 918 688 960 moderare
700 945 714 967 ,
729 917 766 958 &
791 914 1012 957 reformare
1028 943 1040 965 ,
1071 929 1116 957 ac
1133 914 1212 956 alia

223 976 347 1018 etiam
372 976 426 1017 de
443 989 551 1018 novo
577 975 753 1017 condere
769 972 922 1021 libere,
950 975 989 1015 δι
1006 973 1121 1015 licite
1141 986 1214 1015 va-

225 1035 334 1077 leant
349 1064 364 1085 ,
395 1032 629 1082 licentiam,
653 1034 692 1075 δι
718 1030 956 1077 facultatem
978 1036 1123 1076 eadem
1145 1046 1214 1074 au-

223 1094 415 1135 &oritate
438 1090 648 1145 elargiaris
664 1122 677 1133 .
703 1093 793 1133 Nos
818 1091 939 1138 enim,
959 1091 981 1132 fi
1012 1092 1214 1144 approba-

223 1153 373 1196 tionem
388 1177 400 1198 ,
428 1149 780 1194 confirmationem
795 1175 808 1198 ,
838 1151 994 1193 roboris
1017 1149 1212 1206 adjectio-

225 1225 345 1262 nem,
371 1207 600 1252 defcftuum
633 1208 922 1263 suppletionem
945 1238 962 1259 ,
991 1207 1213 1252 conceffio-

226 1283 319 1312 nem
345 1297 360 1319 ,
382 1266 731 1323 impartitionem,
758 1270 1003 1311 erectionem
1019 1296 1031 1319 ,
1058 1267 1211 1309 institu-

227 1329 380 1372 tionem
396 1353 408 1375 ,
423 1327 710 1382 elargitionem
724 1355 738 1377 ,
765 1329 804 1369 &
819 1327 896 1370 alia
926 1323 1115 1382 praemiffa
1137 1340 1209 1382 per

228 1390 291 1432 Te
305 1414 319 1437 ‚
336 1386 478 1440 vigore
495 1384 745 1441 praesentium
774 1385 862 1428 fieri
878 1386 1114 1442 contigerit,
1127 1384 1209 1431 eas—

221 1447 314 1490 dem
333 1443 542 1497 praesentes
569 1444 742 1500 semper,
758 1446 798 1487 &
822 1447 1022 1501 perpetuo
1040 1443 1211 1495 validas,

219 1507 262 1548 δε
283 1502 466 1546 efficaces
484 1503 656 1547 existere
676 1532 693 1554 ,
717 1504 882 1560 suosque
909 1503 1139 1559 plenarios,
1171 1504 1211 1546 &

217 1565 399 1617 integros
417 1562 578 1606 effectus
600 1561 765 1614 sortiri,
780 1568 818 1603 &
834 1563 1022 1611 obtinere
1039 1590 1052 1614 ,
1078 1574 1210 1619 neque

221 1621 293 1665 sub
316 1622 517 1677 quibusvis
531 1621 714 1664 similium
729 1650 744 1673 ,
770 1620 832 1663 vel
852 1621 1093 1664 diffimilium
1118 1635 1212 1677 gra-

221 1682 366 1724 tiarum
392 1681 719 1724 revocationibus
743 1705 757 1728 2
784 1681 1128 1735 suspensionibus,
1159 1679 1210 1722 li-

222 1740 519 1789 mitationibus,
537 1749 605 1782 aut
634 1738 720 1781 aliis
744 1741 960 1781 contrariis
981 1738 1214 1793 disposnio-

221 1799 340 1842 nibus
357 1799 507 1849 ,etiam
520 1812 594 1851 per
614 1800 702 1838 Nos
716 1825 729 1846 ,
748 1798 787 1837 δι
807 1797 829 1836 s
824 1795 1045 1838 uccessores
1061 1796 1214 1836 nostros

222 1857 430 1898 Romanos
448 1853 664 1897 Pontifices
691 1866 765 1906 pro
782 1862 968 1907 tempore
983 1854 1214 1901 existentes,

222 1913 295 1956 sub
321 1911 617 1969 quibuscunque
643 1910 856 1954 tenoribus
875 1940 890 1961 ,
915 1913 953 1952 δι
971 1909 1110 1953 formis
1138 1922 1214 1964 pro

220 1981 410 2027 tempore
438 1970 581 2020 saitis,
607 1972 643 2011 δι
667 1970 858 2014 conceffis
890 1967 1214 2024 comprehendi,

220 2029 288 2072 sed
314 2029 467 2081 semper
480 2029 530 2067 ab
553 2028 609 2067 eis
623 2027 818 2076 excipi,ac
833 2027 994 2079 quoties
1011 2028 1087 2065 iliae
1099 2038 1212 2064 ema-

219 2087 375 2130 nabunt
388 2111 403 2133 ,
424 2085 547 2126 toties
564 2084 602 2124 in
619 2081 826 2136 pristinum
843 2107 857 2129 ,
870 2082 911 2123 &
930 2079 1210 2121 validiffimum

217 2145 360 2187 statum
377 2141 575 2184 restitutas
590 2169 604 2191 ,
619 2139 813 2194 repofitas
830 2136 846 2187 ‚⁷
868 2139 908 2180 δι
931 2137 1116 2193 plenarie
1141 2149 1209 2178 re-

218 2204 441 2256 integratas
456 2229 470 2252 ,
486 2212 532 2241 ac
549 2199 597 2241 fic
615 2198 667 2240 de
682 2211 804 2247 nov0,
823 2198 862 2242 &
880 2196 951 2240 sub
965 2209 1207 2253 quacunque

217 2260 421 2320 posteriori
445 2258 539 2305 data
557 2271 629 2313 per
654 2256 963 2306 Guardianum,
978 2258 1015 2297 &
1042 2258 1206 2303 Fratres

219 2335 295 2378 pro
310 2329 494 2372 tempore
509 2317 720 2358 existentes
742 2312 925 2369 praefatos
939 2314 1205 2370 quandocun-

219 2392 297 2435 que
322 2377 510 2432 eligenda
525 2374 726 2418 concessas
741 2372 818 2418 effe
831 2400 845 2423 2
862 2376 903 2416 δι.
920 2374 1025 2417 sore·
1059 2374 1210 2430 Sieque

221 2451 295 2494 per
311 2434 736 2492 quoscunquejudices
751 2433 980 2476 ordinarios
996 2463 1010 2483 ,
1027 2433 1067 2474 &
1095 2433 1209 2476 dele—

222 2507 337 2552 gatos
365 2522 379 2545 ,
408 2495 528 2536 etiam
558 2491 764 2536 causarum
796 2492 946 2536 Palatii
978 2492 1205 2547 Apostolici

220 2554 447 2599 Auditores
461 2581 474 2602 ‚
499 2567 544 2595 ac
564 2555 603 2595 S.
624 2554 673 2595 R.
690 2554 736 2593 E.
754 2551 996 2595 Cardinales
1009 2580 1024 2602 ,
1040 2554 1208 2592 etiam-2

223 2614 278 2658 de
293 2613 418 2655 latere
437 2613 615 2667 Legatos
630 2610 802 2667 judicari
818 2611 1099 2652 &tc-attentari
1114 2622 1211 2650 con·

219 2671 356 2729 tigerit
371 2671 629 2718 &c.irritum,
644 2670 816 2711 &inane
829 2669 1100 2711 decernimus.
1118 2670 1210 2708 Non

223 2730 475 2774 obstantibus
491 2727 558 2771 fel.
583 2742 669 2771 rec.
689 2728 801 2769 Pauli
828 2730 944 2780 Papae
968 2729 1021 2767 Π.
1054 2724 1211 2768 Praede·

221 2786 384 2831 cessoris
410 2787 532 2828 nostri
561 2786 613 2828 de
638 2787 757 2826 rebus
787 2785 974 2826 Ecclesiae
1003 2797 1083 2824 non
1114 2783 1211 2824 alie-

220 2844 362 2891 nandis
377 2871 390 2894 ,
408 2846 448 2886 δι
461 2844 544 2885 aliis
563 2842 929 2884 Constitutionibus
949 2841 1206 2896 Apostolicis,

222 2919 295 2949 nec
315 2916 391 2944 non
407 2900 634 2955 primodicti
649 2899 814 2941 Ordinis
829 2901 980 2952 ,etiam
1011 2899 1209 2955 juramen-

222 2974 298 3013 to,
331 2957 642 3003 confirmatione
671 2958 903 3013 Apostolica
931 2988 944 3010 ,
974 2960 1038 3001 vel
1070 2962 1209 3014 quavis

223 3020 417 3065 firmitate
445 3018 522 3061 alia
554 3018 754 3060 roboratis
770 3018 928 3060 statutis
945 3047 958 3067 ‚
986 3019 1210 3061 &consue—

223 3079 434 3124 tudinibus
463 3105 478 3128 ,
521 3077 750 3132 caeterisque
791 3077 1006 3121 contrariis
1049 3075 1210 3134 quibus·

230 3150 407 3194 cumque
424 3165 436 3177 .

344 3197 494 3238 Datum
529 3197 672 3238 Romae
696 3193 801 3248 apud
830 3198 1017 3238 sanetum
1047 3198 1212 3239 Petrum

226 3258 346 3301 Anno
360 3253 656 3297 Incarnationis
671 3253 888 3295 Dominicae
903 3254 1115 3296 millesimo
1130 3253 1211 3297 sex-

233 3313 449 3356 centefimo
496 3313 710 3356 undecimo
751 3339 765 3363 ,
815 3316 958 3355 ottavo
1005 3313 1214 3357 Kalendas

231 3368 755 3423 Decembris,Pontificatiis
770 3372 888 3414 nostri
904 3387 1010 3415 anno
1026 3373 1207 3430 septimo.

291 3487 536 3544 Autograpb.
552 3491 593 3533 in
611 3487 779 3533 Archino
793 3492 1009 3534 Provincia
1024 3519 1036 3532 .

2033 274 2188 385 165

1352 392 1778 437 AueromrA’rE
1809 395 2167 451 Aposromea
2236 435 2238 438 .

1271 507 1588 559 Recitantibus
1614 512 1656 559 in
1683 515 1875 580 Capella
1905 518 2062 571 nostra:
2098 526 2256 573 Domi-

1342 594 1408 626 nae
1426 580 1482 627 de
1509 584 1738 651 Montagu
1757 588 2040 654 nuncupatae,
2057 593 2144 640 loci
2166 596 2254 646 Ta*-

1338 646 1554 705 rasconis,
1576 654 1771 702 Litanias
1791 660 1842 704 B.
1863 662 2086 729 Virginis,
2102 679 2180 711 aut
2192 680 2258 712 ter

1343 718 1617 767 Orationem
1647 725 1935 777 Dominicam
1967 766 1982 787 ,
2007 730 2053 781 ὃ(
2084 737 2258 788 Saluta-

1341 789 1519 835 tionem
1546 793 1817 856 Angelicam
1845 798 1891 845 in
1924 804 2081 850 Natali
2120 809 2177 851 D.
2196 805 2261 853 N.

1331 855 1447 924 jesu
1465 857 1633 906 Christi
1649 893 1663 915 ,
1683 857 2000 919 festivitatibus
2021 871 2260 934 ejusdem...

1345 930 1398 977 Β.
1423 928 1654 1003 VirginiS,
1684 930 1732 980 ὅ(
1763 932 1948 1002 fingulis
1975 942 2134 992 diebus
2155 945 2263 993 Sab-

1346 996 1439 1044 bat1
1475 997 1632 1046 decern
1664 1003 1769 1050 anni
1799 1038 1815 1060 ,
1847 1005 1895 1056 ὅ(
1924 1012 2118 1062 totidem
2156 1033 2262 1080 qua-

1343 1065 1583 1133 dragenae,
1619 1070 1716 1118 aliis
1745 1073 1862 1123 vero.
1891 1076 2044 1130 diebus
2079 1085 2263 1148 quadra-

1343 1138 1473 1209 ginta
1487 1137 1582 1186 dies
1597 1138 1653 1191 de
1669 1141 1876 1202 injunffis
1899 1153 2178 1214 poenitentiis
2217 1157 2263 1205 in

1341 1221 1614 1275 perpetuum
1639 1213 1899 1265 relaxantur
1918 1255 1931 1267 .

1268 1328 1439 1382 'joannes
1457 1326 1690 1384 Francistus
1712 1342 1757 1369 ex
1778 1333 1991 1377 comitibus
2015 1338 2155 1380 Gnidis
2168 1338 2264 1384 de..-

1328 1387 1473 1452 Balncp
1494 1414 1509 1436 ,
1546 1390 1622 1428 Dei
1662 1386 1716 1443 ὠ·
1744 1391 1970 1447 Apostolicae
1997 1397 2104 1436 Sedis
2123 1397 2267 1452 gratie!

1332 1445 1648 1501 Archrepist‘opus
1687 1449 1922 1508 Patraccnst's
1947 1480 1961 1504 ,
1995 1454 2264 1512 Illustrffmi,

1331 1504 1379 1556 (⁶5
1400 1501 1708 1561 Reverendtfflmi
1718 1508 1760 1547 in
1788 1507 1941 1566 christo
1958 1514 2101 1563 Patris,
2119 1514 2167 1562 θ’
2186 1518 2267 1556 Do·

1329 1566 1427 1605 mini
1447 1567 1498 1605 D.
1517 1562 1708 1618 scipionis
1723 1565 1969 1623 mist-ratione
1989 1571 2139 1613 Divina
2159 1601 2172 1622 ,
2198 1573 2266 1615 tit.

1330 1624 1371 1663 S.
1395 1621 1628 1678 Chrysogoni
1652 1651 1666 1674 ,
1695 1625 1848 1666 Sanflae
1886 1632 2066 1672 Romana·
2094 1630 2269 1687 Ecclesia?

1331 1682 1550 1734 Presbyteri
1573 1679 1795 1724 Cardinalis
1816 1687 2022 1742 Burgbcss'i
2034 1693 2267 1744 nuncupati,

1329 1741 1373 1780 in
1404 1739 1578 1780 civitate
1606 1744 1864 1792 Aveniomnlt'
1873 1776 1886 1794 ‚
1907 1745 2050 1793 &coto
2066 1749 2267 1789 Comitum

1339 1796 1541 1852 Venaffno
1557 1807 1634 1849 pro
1669 1800 1904 1855 sanblffmo
1936 1806 2103 1844 Domino
2139 1803 2266 1858 nestro

1334 1856 1436 1906 Papa
1450 1880 1464 1902 ,
1492 1853 1540 1903 ἰῇ*
1565 1858 1603 1893 S.
1619 1855 1712 1895 Sede
1738 1858 1956 1910 Apostolica
1983 1860 2025 1900 in
2028 1861 2266 1916 spirituali-

1330 1909 1399 1952 bus
1413 1937 1426 1958 ,
1444 1912 1490 1957 θ’
1506 1912 1782 1965 temporalibus
1806 1918 1949 1959 Vicarit
1966 1922 2168 1962 Generalis
2186 1949 2198 1970 ,
2218 1920 2267 1968 ἐς·

1330 1968 1374 2009 in
1387 1969 1467 2009 illis
1481 1998 1494 2019 ,
1507 1983 1551 2010 ac
1576 1972 1775 2025 Viennenst
1783 2001 1796 2022 ‚
1815 1974 2081 2027 Ebrcdunenli
2090 2007 2104 2029 ,
2125 1986 2173 2022 Aa
2183 1982 2267 2019 cla-

1330 2024 1433 2073 tenst'
1441 2053 1454 2072 ,
1474 2027 1670 2078 Aquenst',
1686 2028 1733 2072 δ’
1761 2033 2010 2083 Narbonensi
2032 2037 2265 2084 Provinciis,

1327 2079 1486 2132 illisque
1501 2083 1769 2137 adjurentibus
1792 2090 1911 2127 terris
1940 2089 1988 2135 δ’
2012 2092 2102 2131 locis
2120 2120 2133 2140 ‚
2164 2093 2269 2149 ejufi

1328 2139 1411 2179 dem
1435 2140 1539 2179 Sedis
1568 2139 1612 2179 de
1643 2140 1767 2181 latere
1796 2146 1934 2198 Legari
1951 2174 1966 2198 ,
1995 2150 2165 2195 Vicarrus
2189 2155 2268 2195 Ge-

1326 2194 1499 2246 noratis,
1522 2197 1567 2248 ζῇ·
1593 2196 1673 2242 Vice
1699 2201 1866 2257 Legatus
1883 2232 1895 2245 .
2135 2194 2139 2198 ’

1274 2314 1466 2382 Πηὶυςνβζς
1481 2344 1493 2366 ‚
1519 2315 1567 2362 (5
1575 2315 1742 2369 singulis
1760 2318 2261 2382 Christfidelibuspraesbn-

1353 2375 1461 2416 ubas
1476 2403 1489 2425 ‚
1506 2373 1720 2430 &suturis
1734 2377 1930 2427 ,salutem
1948 2386 1991 2422 m
2008 2385 2174 2424 Domino
2247 2415 2254 2420 .

1601 2430 1893 2485 stmpiternam
1905 2463 1917 2476 .

1274 2546 1547 2699 QUantb
1579 2545 1827 2601 frequentius
1861 2549 2058 2595 Fidelium
2096 2565 2256 2600 mentes

1426 2606 1474 2647 ad
1490 2618 1615 2659 opera
1652 2605 1932 2653 misericordiae
1953 2610 2158 2665 dispositas
2181 2615 2260 2657 else

1417 2662 1712 2720 dignoscimus,
1738 2667 1855 2708 tanto,
1883 2666 2076 2714 salubrius
2118 2686 2260 2715 eorum

1270 2722 1491 2765 animarum
1506 2723 1648 2773 saluti,
1668 2722 1862 2778 quantum
1885 2725 1922 2767 in
1939 2728 2118 2776 Domino
2132 2730 2264 2785 postu:-

1271 2794 1354 2821 mus
1375 2808 1386 2830 ,
1402 2781 1614 2826 consulere
1630 2781 1830 2823 studemus
1845 2810 1856 2823 .
1882 2786 2108 2840 Cupientes
2126 2791 2262 2844 igitur,

1269 2849 1313 2881 ut
1331 2840 1503 2894 Capella
1527 2841 1597 2882 sub
1611 2839 1750 2882 nostrae
1780 2842 1957 2883 Dominae
1984 2845 2035 2886 de
2062 2849 2260 2902 Montagu

1271 2898 1393 2940 titulo
1405 2927 1418 2949 ,
1434 2913 1505 2941 nec
1528 2912 1608 2939 non
1625 2896 1768 2940 Altare
1784 2898 1822 2940 in
1838 2913 1884 2940 ea
1900 2899 1970 2941 sub
1986 2901 2165 2958 ejusdem
2183 2918 2261 2947 no-

1269 2957 1351 2999 strae
1382 2957 1563 2999 Dominae
1594 2956 1854 2999 invocatione
1878 2958 1917 2998 in
1937 2959 2116 3002 Ecclefia
2141 2965 2261 3006 Con-

1272 3014 1414 3057 ventt‘is
1430 3017 1671 3059 dilestorum
1699 3014 1827 3054 Nobis
1839 3016 1878 3055 in
1894 3017 2058 3068 Christo
2070 3021 2260 3075 Religio.

1272 3072 1404 3117 sorum
1419 3072 1856 3130 Capucinorumxmae
1874 3074 2146 3128 Tarasconis,a
2168 3091 2261 3134 par-

1273 3144 1314 3175 te
1353 3133 1569 3182 Provinciae
1600 3161 1616 3182 ,
1651 3131 1943 3174 Avenioneniis
1977 3135 2177 3178 Dioecefis
2211 3139 2261 3179 fi-

1273 3191 1339 3239 ιέἰ,
1370 3190 1475 3236 &ad
1504 3204 1619 3245 quam
1641 3188 1904 3243 Cappellam,
1929 3192 1966 3234 &
1983 3192 2130 3237 Altare
2146 3225 2163 3246 ,
2187 3195 2259 3237 sub

1274 3250 1466 3307 praedietae
1492 3248 1646 3290 Nostrae
1675 3249 1860 3290 Dominae
1882 3251 2162 3309 deMontagu
2196 3254 2259 3295 in-

1275 3310 1486 3351 vocatione
1504 3306 1672 3362 populus
1697 3305 1810 3348 dietae
1837 3307 1953 3353 Viuae
1976 3309 2256 3366 singularem,

1274 3368 1375 3423 gerit
1401 3366 1581 3409 affectum
1608 3391 1622 3412 a
1648 3366 1688 3410 δι
1709 3365 1975 3412 devotionem
2010 3397 2023 3419 ,
2060 3370 2254 3423 congruis

1272 3426 1579 3480 frequententur
1596 3423 1838 3474 honoribus,
1851 3425 1891 3466 δι
1906 3427 1956 3467 ab
1969 3425 2108 3469 iisdem
2126 3427 2258 3468 Chri·

1271 3484 1502 3527 stifidelibus
1521 3481 1668 3537 jugiter
1685 3480 1872 3524 colantur
1886 3512 1899 3534 ,
1929 3484 2009 3539 quo
2036 3484 2165 3538 magis
2181 3484 2256 3527 ibi-

1270 3544 1362 3586 dem
1379 3543 1488 3583 dono
1511 3539 1680 3582 coelestis
1694 3543 1830 3593 gratiae
1859 3541 2141 3596 conspexerint
2162 3541 2256 3587 se...

1270 3600 1346 3644 esse
1363 3599 1532 3643 refertos
1547 3625 1560 3646 ,
1576 3601 1660 3639 Nos
1675 3598 2026 3653 {implicationibus
2052 3600 2155 3641 diets·
2185 3613 2254 3654 po-

1269 3656 1574 3716 puliinclinati‚
1597 3655 1649 3697 de
1673 3656 1968 3711 Omnipotentis
1997 3658 2073 3699 Dei
2103 3656 2253 3700 miseri.

1269 3716 1403 3760 cordia
1417 3744 1430 3765 ,
1447 3730 1492 3757 ac
1507 3716 1720 3758 Beatosum
1739 3715 1847 3756 Petri
1872 3715 1908 3755 &
1927 3714 2039 3756 Pauli
2070 3716 2249 3770 Aposto-

1271 3776 1399 3819 lorum
1427 3773 1506 3825 eius
1536 3774 1773 3814 auctoritate
1793 3771 1925 3813 confifi
1949 3797 1963 3820 2
1993 3774 2179 3816 omnibus
2205 3777 2246 3817 δι

1270 3833 1428 3888 fingulis
1443 3830 1775 3875 Christifidelibus
1797 3830 1999 3888 utriusque
2014 3831 2128 3876 sextis
2142 3861 2154 3883 ‚
2172 3834 2241 3889 qui

2028 3891 2178 3934 dietam
