2638 4088
360 188 546 297 366
1076 184 1622 267 Provincia

291 348 392 385 tum
407 366 425 390 ,
454 344 506 379 ut
528 326 752 398 Hispania
767 341 861 379 tota
886 331 1006 376 Eum
1035 324 1153 374 inter
1174 325 1538 375 concionatores
1560 326 1636 375 vix
1659 341 1750 374 non
1768 323 2024 392 Principem
2053 328 2350 386 collaudaret,

293 406 344 456 ὅ(
373 403 573 458 Carolus
603 405 674 450 11.
692 440 708 463 ,
733 400 783 449 δι
814 397 1051 465 Philippus
1081 399 1144 446 V.
1172 399 1323 465 Reges
1350 397 1585 447 Catholici
1616 393 1750 446 suum
1779 393 2103 445 constituerent
2134 399 2352 448 Ecclesia·

293 475 390 526 sten
412 491 468 524 ex
502 491 695 522 munere.
720 469 842 518 Zelo
873 467 1114 538 Evangelii
1140 484 1246 516 cum
1274 464 1324 518 δε
1355 469 1460 518 vitae
1488 469 1696 536 exempla
1727 466 1877 517 uniret
1905 501 1921 524 ,
1954 483 2044 515 non
2083 464 2233 517 soltim
2265 474 2356 519 Ca-

289 548 417 598 rolus
445 542 657 593 altefatus
687 537 826 606 ipsius
859 535 1027 588 officiis
1059 536 1109 590 &
1139 535 1373 607 praesentia‘i
1418 538 1478 589 ad
1526 539 1736 588 ultimam
1767 536 1941 587 Iustam
1983 535 2233 588 confortari
2254 572 2270 596 ,
2305 537 2356 590 δε

291 615 510 688 spiritum
539 614 643 663 vitae
675 611 887 659 emittere
923 610 1072 661 voluit
1094 646 1110 668 ‚
1140 607 1216 659 sed
1244 608 1294 661 ὅ(
1319 611 1515 679 Philippi
1557 612 1726 677 pariter
1757 602 1931 658 altelati
1963 609 2112 675 prima
2161 613 2352 671 Conjux

295 686 534 741 Ludovica
565 683 719 731 Maria
754 680 948 731 Gabriel
982 682 1009 731 a
1040 679 1268 733 Sabaudia
1313 699 1420 732 eum
1470 681 1526 730 de
1551 680 1757 731 sermone
1788 680 1911 728 illius
1945 678 2079 729 sensit
2108 678 2355 748 spiritualis

295 754 616 809 consolationis
645 750 867 821 gustum,
902 767 954 803 ut
983 751 1108 803 senio
1139 749 1402 802 confetSium
1433 789 1449 812 ,
1472 751 1521 803 ὅ(
1552 752 1756 821 podagra
1787 749 2138 801 decumbentem
2171 752 2217 800 in
2243 748 2353 800 sella

291 827 535 900 gestatoria
559 822 615 873 ad
643 824 822 873 Aulam
851 827 1048 894 Regiam
1082 819 1240 892 saepius
1261 825 1434 892 portari
1454 820 1632 888 jusserit
1664 859 1680 881 ,
1714 822 1764 876 <Sc
1790 824 1884 884 ejus
1918 823 2130 873 animum
2153 822 2269 872 inter
2303 822 2353 870 il-

289 903 379 950 lius
404 897 624 962 temporis
649 896 876 962 procellas
898 896 1002 946 hinc
1035 893 1140 945 inde
1162 894 1464 946 fluc‘tuantem
1483 931 1500 953 ,
1533 896 1718 961 eloquio
1750 894 1874 946 illius
1900 895 2091 943 recreari
2120 892 2350 943 voluerit.

290 970 369 1022 Ab
401 966 616 1017 omnibus
649 967 899 1016 honoratus
928 1002 945 1026 ,
981 965 1062 1018 fibi
1105 963 1191 1016 soli
1228 967 1367 1018 viluit
1392 1003 1408 1026 ,
1455 965 1504 1018 δε
1538 967 1733 1017 honores
1767 1004 1784 1027 ,
1815 981 1930 1031 quos
1963 967 2116 1034 regius
2146 962 2280 1015 favor
2311 964 2355 1012 ei

290 1052 531 1110 promptos
563 1037 755 1096 habuit,
784 1038 981 1088 viriliter
1010 1037 1240 1106 despexit.
1273 1035 1463 1107 Scripsit
1496 1037 1707 1097 erudite,
1738 1037 1858 1090 dixit
1890 1034 2157 1106 evangelice
2189 1070 2204 1095 ,
2239 1035 2356 1084 vixit

295 1111 470 1179 semper
496 1107 545 1160 ὅ(
575 1106 683 1158 vere
710 1106 923 1177 religiose
941 1144 954 1158 .

433 1184 512 1230 Fr.
544 1180 751 1228 Michaiil
779 1180 835 1229 de
865 1180 999 1230 Lima
1042 1180 1089 1230 in
1124 1179 1346 1230 America
1395 1193 1528 1230 natus
1557 1216 1572 1238 ,
1612 1199 1668 1230 ex
1700 1177 1843 1230 nobili
1873 1175 2151 1228 Cantabrica
2189 1178 2240 1226 de
2265 1179 2356 1228 la.»

293 1252 459 1302 Concha
500 1248 708 1320 prosapia
744 1287 760 1310 ,
799 1268 850 1300 ea
884 1269 1066 1320 quoque
1108 1251 1297 1300 virtutis
1343 1249 1602 1318 eloquentis
1633 1286 1651 1310 ,
1692 1248 1741 1301 ὅ(
1783 1251 1954 1318 ingenii
1986 1248 2237 1313 acrimonia
2274 1250 2355 1297 mi-

292 1325 421 1382 cuit,
452 1336 503 1373 ut
537 1324 780 1372 Provincia
808 1323 849 1371 ei
883 1325 1013 1391 plura
1042 1319 1198 1372 officia
1226 1323 1508 1380 contulerit,
1546 1322 1747 1372 Carolus
1780 1323 1854 1370 ΙΙ.
1886 1319 2019 1370 suum
2050 1321 2364 1369 Concionato-

292 1411 393 1456 *rem
421 1412 476 1442 ex
502 1412 667 1441 munere
693 1391 973 1462 designarit,
1018 1393 1068 1446 &
1106 1391 1474 1464 Augustiffimus
1511 1396 1775 1460 Imperator
1807 1390 2070 1459 Leopoldus
2088 1404 2226 1448 ,tunc
2257 1394 2356 1441 Cu·

293 1463 470 1514 stodem
497 1464 556 1514 ad
579 1466 788 1516 Comitia
815 1467 1064 1516 Generalia
1094 1469 1258 1516 Romae
1289 1463 1517 1515 celebrata
1534 1499 1551 1522 ,
1568 1465 1800 1514 Viennam
1819 1463 2083 1519 vocaverit,
2102 1460 2212 1520 ubi,
2244 1460 2362 1529 post-

295 1553 434 1603 quam
457 1534 649 1604 vigesies
680 1550 841 1603 quater
870 1538 916 1586 in
944 1535 1177 1605 praesentia
1205 1533 1526 1607 Augustiffimi
1562 1551 1726 1586 vocem
1756 1532 1882 1602 quasi
1914 1532 2076 1583 tubam
2108 1530 2361 1590 exaltasset,

296 1607 537 1674 peculiaris
560 1607 747 1655 honoris
766 1606 942 1657 astibus
971 1606 1062 1658 fuit
1080 1606 1284 1658 dimissus
1301 1644 1312 1656 .
1335 1608 1472 1657 Plura
1490 1604 1667 1674 scripsit
1686 1642 1702 1664 ,
1725 1624 1868 1673 pauca
1882 1619 2036 1654 tamen
2054 1639 2070 1659 ,
2089 1601 2138 1654 ἃ
2165 1621 2256 1652 non
2276 1601 2358 1652 nisi

295 1677 489 1725 minoris
515 1677 740 1726 momenti
767 1679 811 1727 in
842 1679 1125 1729 Bibliotheca
1154 1677 1361 1747 saepefata
1391 1676 1609 1727 recensita
1636 1713 1654 1737 ,
1678 1678 1817 1745 praelo
1849 1675 2009 1732 dedit,
2034 1671 2360 1732 sublimiora-⁴,

292 1760 444 1796 morte
478 1747 523 1794 in
554 1760 682 1796 aetate
709 1750 1043 1818 quinquaginta
1070 1767 1297 1798 annorum
1332 1762 1674 1814 praeoccupatus
1707 1783 1723 1805 ,
1762 1749 1806 1795 in
1832 1760 1968 1815 partu
1998 1742 2267 1812 imperfe&o
2291 1763 2364 1795 re-

292 1817 428 1884 liquit
434 1852 470 1937 ὲ
490 1834 586 1884 quae
619 1815 668 1867 ὅ(
687 1821 917 1868 Ὀταῐοτὶα
943 1818 1067 1868 sacra
1084 1854 1101 1877 ,
1132 1818 1182 1869 ὅ(
1214 1819 1522 1868 Eruditorum
1557 1816 1832 1885 Respublica
1866 1814 1949 1864 fibi
1975 1813 2196 1864 subdufia
2229 1817 2367 1865 meri-

297 1890 349 1939 to
375 1887 431 1938 de
474 1901 551 1938 ent
567 1923 580 1937 .

438 1963 516 2010 Fr.
537 1959 664 2008 Felix
681 1958 737 2008 de
756 1962 825 2011 los
839 1960 1049 2009 Molinos
1080 1975 1134 2007 ex
1164 1959 1328 2011 illustri
1354 1957 1406 2007 de
1435 1957 1615 2007 Alamin
1644 1956 1779 2026 stirpe
1807 1953 2070 2026 composuit
2091 1972 2245 2005 mores
2264 1953 2368 2005 suos

293 2030 353 2081 ad
383 2035 432 2082 S.
459 2027 751 2081 Profeffionis
783 2030 1029 2090 amussim,
1056 2029 1106 2081 δι’
1131 2033 1257 2098 quod
1290 2034 1336 2080 in
1367 2026 1410 2078 se
1437 2030 1728 2099 complevit,
1759 2026 1881 2078 felici
1913 2029 2096 2077 calamo
2121 2028 2168 2076 in
2199 2024 2290 2077 suis
2319 2028 2370 2075 li·

296 2102 390 2152 bris
423 2101 716 2161 Moralibus,
750 2101 1007 2161 Asceticis,
1044 2102 1359 2154 Catechisticis
1389 2099 1483 2149 ὅτε.
1529 2100 1587 2147 ad
1618 2102 1818 2147 aliorum
1857 2098 2164 2148 commodum
2194 2095 2370 2164 expres}-

294 2170 380 2222 fit.
409 2177 533 2222 Eum
557 2175 602 2221 in
622 2173 691 2222 his
721 2175 901 2223 ultimis
921 2170 1313 2221 Eminentiffimus
1344 2167 1612 2214 Ludovicus
1640 2165 1900 2215 Cardinalis
1937 2169 2130 2235 Belluga
2162 2166 2370 2216 &Mon-

296 2241 410 2290 cada
425 2258 610 2296 ,rerum
638 2235 1056 2286 Ecclefiasticarum
1080 2235 1229 2298 justus
1255 2233 1465 2292 Censor,
1494 2232 1704 2301 spiritum
1729 2239 1930 2302 reperit,
1947 2250 1998 2286 ut
2023 2235 2273 2304 Episcopus
2290 2236 2367 2286 ad·

299 2311 386 2359 huc
421 2304 795 2374 Carthaginensis
823 2307 1014 2354 illorum
1045 2319 1217 2370 typum
1243 2304 1293 2354 <Sc
1320 2317 1532 2371 potenter
1558 2302 1815 2353 sollicitt'irit
1843 2339 1860 2362 ,
1884 2307 2017 2367 hujus
2044 2305 2257 2372 expensas
2279 2304 2364 2356 affe

298 2379 381 2429 suo
408 2378 659 2439 adjuverit,
684 2374 734 2425 &-
767 2372 1016 2422 transfusos
1040 2375 1089 2420 in
1122 2374 1323 2439 plurima
1357 2374 1634 2440 exemplaria
1668 2372 1726 2422 de
1754 2373 1950 2424 ambone
1971 2377 2146 2443 populo
2164 2377 2368 2446 praelegi,

299 2448 515 2500 Parochis
549 2445 825 2507 injunxerit.
850 2442 1090 2493 Potiffima
1112 2443 1349 2494 afflonum
1384 2444 1542 2493 Felicis
1569 2446 1767 2511 Dioptra
1801 2442 1892 2496 fuit
1922 2443 2041 2496 salus
2072 2446 2335 2498 animarum
2352 2483 2369 2508 ,

298 2537 436 2586 quam
465 2518 512 2565 in
545 2517 760 2583 proximo
783 2532 862 2583 per
892 2514 1131 2565 Miffiones
1157 2514 1206 2567 ὅ(
1240 2517 1482 2566 conciones
1504 2517 1705 2585 impiger
1735 2516 1971 2583 quaefivit.
2014 2521 2368 2587 Nonagenarius

299 2591 421 2642 stetit
455 2590 500 2637 in
539 2584 628 2635 suae
663 2582 956 2637 Profeffionis
984 2585 1259 2636 testamento
1290 2622 1307 2646 ,
1340 2586 1389 2639 <Sc
1415 2605 1554 2656 opera
1595 2585 1818 2655 religiosae
1846 2586 2137 2657 perfetstionis
2165 2589 2364 2640 insomni

298 2678 481 2730 quoque
512 2658 678 2725 pietate
712 2655 1028 2725 persolvit3in
1045 2674 1196 2709 morte
1224 2658 1467 2719 FELIX,
1491 2662 1565 2729 qui
1587 2677 1666 2707 non
1691 2658 1841 2708 habuit
1870 2664 2002 2708 animi
2017 2660 2089 2727 fiai
2118 2661 2359 2727 tristitiam,

299 2736 354 2782 <9⁶
384 2750 461 2781 non
489 2729 653 2778 excidtt
686 2748 740 2778 ex
759 2729 840 2797 fica
856 2730 934 2796 spe
952 2765 964 2778 .

441 2801 584 2852 Filios
610 2835 626 2859 ,
656 2817 774 2867 quos
802 2800 917 2850 laste
953 2801 1140 2852 virtutis
1171 2802 1316 2851 nutrit
1341 2837 1358 2861 ,
1388 2819 1440 2850 ac
1474 2798 1598 2851 sacra
1628 2800 1812 2851 Pallade
1843 2799 2064 2851 informat
2095 2837 2111 2860 ‚
2142 2802 2262 2852 inter
2291 2797 2368 2851 sea

301 2892 393 2926 non
422 2871 576 2923 servat
607 2906 623 2930 ,
652 2870 730 2920 sed
755 2871 806 2923 ἀ
839 2872 898 2920 ad
925 2888 1107 2922 caeteras
1137 2910 1153 2934 ,
1181 2871 1231 2924 ὅ(
1262 2876 1536 2944 longinquas
1565 2873 1813 2940 aliquando
1840 2875 1987 2923 mittit
2015 2874 2223 2942 regiones
2256 2909 2272 2931 ,
2305 2871 2364 2922 dc

301 2946 444 2997 salute
473 2945 731 2993 animarum
764 2941 961 2993 sollicita
983 2947 1171 3003 Mater,
1194 2944 1463 2994 Provincia:
1491 2942 1624 2995 Mifit
1654 2944 1711 2994 ad
1747 2944 1925 2996 Insulas
1955 2945 2267 2995 Promontorii
2300 2944 2368 2993 vi·

303 3017 413 3067 ridis
433 3052 449 3074 ,
477 3013 555 3066 seu
583 3014 729 3083 vulgo
761 3013 876 3063 Cabo
903 3015 1042 3064 verde
1073 3020 1147 3066 Fr.
1175 3013 1468 3065 Franciscum
1500 3018 1551 3066 de
1575 3017 1620 3064 la
1640 3014 1804 3076 Mota,
1834 3019 2004 3067 Virum
2033 3032 2171 3085 opere
2204 3013 2253 3066 ἃ
2279 3013 2387 3065 ser-¹

302 3105 442 3139 mone
469 3099 707 3153 potentem
724 3085 805 3144 ,ὃς
836 3084 895 3135 ad
938 3087 1237 3135 Americanas
1264 3087 1420 3157 plagas
1451 3093 1528 3139 Fr.
1550 3087 1882 3140 Bernardinum
1908 3085 2228 3138 Matritensem
2246 3122 2260 3143 ,
2288 3085 2368 3152 qui

305 3160 485 3214 redux,
516 3158 767 3207 Provinciae
797 3154 1009 3207 Minister
1035 3193 1052 3216 ,
1095 3157 1216 3226 Regi
1246 3158 1272 3205 a
1299 3159 1616 3210 Concionibus
1642 3156 1816 3219 fadlus,
1851 3159 2114 3228 Principum
2145 3157 2195 3209 <St
2225 3157 2370 3225 plebis

311 3245 521 3279 amorem
551 3225 630 3276 fibi
663 3228 838 3278 devicit
866 3265 882 3288 ,
920 3247 1027 3278 cum
1066 3229 1171 3279 illos
1199 3227 1249 3279 ὅ(
1275 3229 1389 3278 hanc
1409 3264 1424 3286 ,
1455 3229 1537 3280 usu
1565 3229 1613 3282 ὅ(
1647 3233 1866 3282 exercitio
1894 3246 2148 3280 annuarum
2179 3226 2366 3277 suarum

308 3299 583 3351 Miffionum
628 3297 924 3351 aedificaverit
951 3336 968 3360 ‚
1009 3299 1058 3352 ὅ(
1100 3299 1424 3350 δαηὲὶυατίιιηι
1456 3304 1649 3351 Domini
1691 3301 1964 3352 discretione
1991 3298 2226 3351 Catholici
2250 3298 2369 3369 dog-

309 3371 446 3421 matis
477 3370 661 3419 Matriti
697 3368 953 3423 firmaverit
980 3407 994 3422 .
1035 3371 1118 3423 Ad
1142 3369 1332 3422 Affricae
1375 3375 1591 3440 Regnum
1634 3372 1822 3423 ardente
1848 3387 2032 3438 quoque
2069 3367 2230 3438 spiritu
2258 3371 2368 3421 Zeli

311 3441 542 3492 ferebatur
573 3445 648 3490 Fr.
662 3439 834 3509 Joseph
863 3445 915 3493 de
942 3442 1126 3494 Naxera
1159 3479 1174 3500 ,
1202 3442 1251 3495 &
1280 3442 1673 3511 quemadmodum
1706 3444 1755 3494 in
1790 3444 1878 3493 hoc
1908 3443 2024 3491 inter
2053 3439 2291 3499 miserias,
2316 3441 2367 3493 ὅτ

312 3512 575 3562 discrimina
606 3530 686 3579 per
711 3515 862 3581 plures
895 3533 1036 3567 annos
1062 3516 1292 3566 laboravit
1323 3550 1341 3575 ,
1378 3517 1439 3566 ita
1472 3514 1523 3568 &
1555 3512 1804 3566 Ecclesiam
1835 3514 1954 3573 Dei,
1985 3513 2234 3582 multiplici
2260 3511 2367 3563 fidei

315 3582 585 3652 profeffione
612 3585 822 3635 dilatavit
840 3622 853 3634 .

457 3654 650 3706 Sudavit
678 3657 798 3706 ultra
825 3656 1054 3726 sexaginta
1075 3675 1217 3709 annos
1244 3659 1290 3708 in
1316 3659 1605 3710 Americanis
1634 3653 1928 3708 Miffionibus
1959 3659 2035 3706 Fr.
2057 3655 2362 3706 Marcellinus

319 3727 344 3775 ἓι
375 3729 544 3777 Sancto
569 3728 819 3778 Vincentio
836 3725 914 3786 ,ὃς
943 3746 1034 3781 non
1055 3730 1135 3781 nisi
1158 3747 1245 3780 una
1279 3730 1377 3780 vice
1404 3731 1627 3783 duntaxat
1651 3731 1698 3779 in
1724 3731 1810 3781 hoc
1837 3728 2056 3797 temporis
2092 3726 2239 3796 spatio
2257 3762 2272 3785 ,
2301 3727 2360 3777 ad

317 3799 516 3866 patrium
545 3796 776 3867 Hispaniae
807 3798 959 3852 solum
988 3803 1126 3855 rediit
1152 3837 1169 3861 ,
1197 3816 1296 3853 tum
1337 3806 1555 3874 graviora
1586 3799 1863 3854 Miffionum
1891 3799 2077 3869 negotia
2110 3799 2174 3849 ibi
2194 3797 2357 3848 trasta-

2042 3917 2047 3922 ,
2137 3884 2294 3926 turus,
