2592 4094
482 238 661 319 224
1151 195 1734 277 Provincia

560 355 914 410 Auscitanorum
946 338 1325 408 Archiepiscopo,
1346 335 1581 386 Leonardo
1597 335 1652 384 de
1679 337 1854 402 Trapes
1870 331 1952 390 ,sat
1983 350 2070 382 non
2097 350 2193 385 erat
2219 334 2298 386 sub
2327 338 2441 385 Pon-

419 428 561 480 tificia
588 425 708 477 veste
738 421 961 475 Habitum
987 412 1178 462 Ordinis
1207 407 1346 459 nostri
1373 404 1589 475 portasse:
1619 406 1755 455 etiam
1771 400 2040 473 profeffione
2059 403 2174 452 inter
2190 422 2348 456 manus
2363 409 2441 456 Pa·

419 503 502 551 tris
528 492 746 549 Leonardi
773 490 827 536 de
860 487 1072 551 Limoges
1094 477 1254 530 emissss
1271 514 1288 538 ‚
1306 480 1448 529 vitam
1475 477 1760 544 Capucinam
1790 473 1944 523 scitari
1963 472 2141 520 voluit.
2157 474 2282 523 Hinc
2305 475 2351 526 ἃ
2369 474 2440 526 sae.

453 573 518 618 ius
544 570 840 615 conventum
871 551 1084 611 acceffit‚
1118 567 1199 618 per
1214 551 1409 617 integras
1443 546 1709 615 septimanas
1740 547 1784 594 in
1807 543 1984 599 cubili,
2013 543 2130 589 inter
2153 541 2406 592 Sacristiam
2424 579 2442 603 ,

419 639 468 690 <Sc
500 641 550 685 Β.
568 629 772 697 Virginis
785 625 1022 693 Capellam
1040 658 1056 681 ,
1073 640 1129 670 ex
1160 633 1284 688 parte
1306 628 1414 670 Arae
1442 619 1620 680 majoris
1642 615 1898 664 construite
1912 647 1929 671 ,
1963 608 2193 661 solitudini
2218 612 2443 672 incubuit,

419 706 548 757 soleis
581 736 597 758 ,
624 696 763 747 corda
796 698 979 745 indutus
1011 692 1060 745 ὅ(
1089 691 1268 744 Habitu
1291 725 1308 749 ‚
1350 691 1395 740 in
1424 705 1515 759 quo
1548 685 1596 741 ὅ(
1628 687 1674 735 in
1704 687 1894 754 Capella
1934 679 2217 733 subterranea
2233 681 2441 733 Ecclefiae

416 770 788 841 Metropolitanae
814 766 1014 840 sepultus
1037 760 1254 833 quiescit.

830 935 1039 988 Numerat
1066 931 1306 983 Conventus
1342 926 1540 981 Fratrum

829 1053 1091 1126 Refidentias

416 1224 509 1240 -ι-
515 1226 702 1243 —n—
710 1224 1104 1243 ———--—--
1110 1214 2029 1239 μῇ---ψ---ι-η

418 1329 683 1381 Tranfitum
717 1332 885 1384 Fratris
913 1331 1061 1379 N.N.
1097 1323 1156 1374 ad
1190 1327 1398 1379 RR.PP.

487 1400 791 1452 Observantes
809 1401 898 1450 fine
926 1398 1076 1449 debita
1106 1397 1286 1445 licentia
1305 1401 1398 1449 nul-

487 1473 587 1522 lum
603 1472 803 1523 declarat
818 1507 834 1531 ,
851 1489 901 1522 ac
918 1467 1186 1521 invalidum.

415 1612 1045 1669 INNOCENTIUS
1083 1611 1291 1660 PAPA
1328 1614 1396 1660 X.

600 1739 669 1780 Ad
679 1737 872 1795 futuram
887 1739 946 1791 nei
962 1739 1184 1780 memoriam
1197 1765 1209 1778 .

513 1846 646 1906 Xponi
663 1851 794 1896 Nobis
809 1864 939 1908 nuper
956 1850 1053 1892 fecit
1067 1848 1234 1892 dilectus
1249 1849 1391 1903 Filius,

409 1853 507 1966 E
526 1912 771 1954 Procurator
787 1908 999 1953 Generalis
1014 1908 1179 1952 Ordinis
1193 1909 1396 1952 Minorum

409 1969 545 2011 bancti
570 1970 772 2013 Francisci
804 1970 1107 2025 Capucinorum
1144 1979 1394 2022 nuncupato·

408 2041 518 2077 rum,
532 2029 640 2082 quod
655 2028 751 2072 alias
765 2028 927 2084 quidam
944 2029 1008 2068 Fr.
1026 2029 1078 2066 N·
1102 2027 1323 2067 Provinciae
1337 2029 1396 2076 A·

407 2085 596 2136 quitaniae
609 2086 650 2123 in
666 2087 814 2137 Regno
828 2080 1204 2131 Franciae‚suscepto
1218 2093 1289 2131 per
1299 2095 1390 2122 eum

406 2140 562 2181 Habitu
579 2153 648 2192 per
663 2141 827 2181 Fratres
841 2137 1030 2181 Clericos
1045 2135 1306 2177 dictiOrdinis
1321 2151 1388 2191 ge-

408 2197 503 2239 stari
523 2197 642 2239 solito
661 2226 676 2246 ,
705 2198 746 2238 δι
771 2195 905 2240 emiffa
924 2192 1160 2250 profeffione
1189 2194 1386 2248 Regulari

403 2268 479 2310 per
508 2255 668 2297 eosdem
695 2256 829 2297 emitti
846 2253 1058 2300 consueta,
1085 2250 1389 2305 susceptisque,

404 2315 531 2354 etiam
558 2315 597 2354 in
627 2313 773 2355 eodem
793 2312 946 2354 Ordine
963 2310 1080 2352 sacris
1095 2336 1109 2358 a
1126 2309 1245 2350 etiam
1273 2311 1386 2353 Pres-

405 2370 631 2424 hymomus,
652 2371 875 2412 Ordinibus
894 2398 906 2419 ‚
923 2369 1071 2409 multos
1089 2367 1172 2421 post
1198 2380 1321 2411 annos
1336 2370 1386 2411 ab

405 2429 486 2482 ipsa
500 2426 748 2483 professionis
764 2426 989 2482 hujusmodi
1007 2425 1388 2475 emiffione,clancu-

405 2487 521 2538 lum,
548 2488 583 2527 &
602 2481 752 2528 furtive
772 2486 795 2527 ὲ
813 2488 944 2527 Domo
962 2483 1151 2538 Regulari
1167 2483 1248 2526 loci
1275 2485 1384 2531 de„

405 2549 576 2598 Nogaro
589 2543 682 2585 dieti
710 2543 880 2586 Ordinis
907 2542 1030 2595 exiit,
1056 2543 1095 2584 δι
1122 2541 1171 2583 ad
1191 2545 1384 2586 Conven-

406 2613 491 2644 tum
512 2603 662 2643 Montis
689 2603 858 2645 Marsani
887 2602 1125 2644 dilec'torum
1152 2600 1383 2645 Filiorum.)

403 2663 593 2703 fratrum
620 2663 790 2703 Ordinis
819 2661 1024 2703 Minorum
1047 2658 1223 2714 ejusdem
1251 2662 1382 2705 saneti

405 2719 607 2762 francisci
632 2721 683 2761 de
711 2719 974 2761 observantia
991 2729 1311 2773 nuncupatorum
1341 2722 1378 2762 se

403 2779 643 2827 contulit231
662 2779 806 2833 quibus
823 2787 1011 2832 receptus
1029 2807 1041 2828 ‚
1059 2779 1100 2819 ὅτ.
1126 2776 1376 2831 postmodum

403 2837 454 2879 ad
471 2839 732 2878 Conventum
763 2836 1001 2879 eorumdem
1023 2838 1206 2878 Fratrum
1223 2838 1374 2879 Obser-

404 2895 585 2937 vantium
611 2896 855 2950 Aquenfium
891 2892 1051 2946 miffus,
1079 2896 1272 2937 Habitum
1304 2910 1375 2949 per

401 2953 506 3007 ipsos
523 2957 684 2996 Fratres
704 2953 973 2996 Observantes
1001 2953 1143 3009 gestari
1176 2952 1374 2996 solitum.)

400 3013 498 3055 inibi
523 3011 691 3066 suscepit
705 3039 718 3060 ,
735 3015 772 3054 &
786 3012 835 3054 ab
845 3011 1271 3054 excommunicationis
1287 3011 1350 3054 sen
1362 3038 1373 3047 -

406 3070 534 3110 tentia
546 3072 598 3112 ob
612 3071 884 3112 clancularem
910 3069 1042 3124 fugam
1059 3069 1279 3124 hujusmodi
1303 3086 1373 3126 per

402 3142 493 3169 eum
525 3128 697 3179 incursa,
714 3132 736 3172 a
761 3129 989 3172 Venerabili
1015 3129 1144 3170 Fratri
1178 3127 1374 3182 Episcopo

403 3184 573 3239 Aquenfi
601 3185 822 3238 absolutus,
848 3191 885 3229 &
915 3188 963 3228 ab
991 3199 1041 3228 eo
1062 3187 1132 3229 sub
1155 3187 1215 3229 sua
1244 3199 1378 3241 prote·

400 3245 530 3286 c'tione
543 3254 728 3298 receptus
745 3246 817 3288 fuit
835 3276 846 3285 .
861 3247 986 3304 Qod
1013 3259 1103 3286 cum
1124 3244 1290 3287 dilefius
1310 3246 1372 3288 Fi-

401 3302 477 3344 lius
491 3331 504 3352 ‚
521 3302 778 3344 Guardianus
795 3305 906 3346 dietae
924 3302 1073 3347 Donu‘is
1092 3305 1302 3358 Regularis
1320 3303 1370 3345 de

400 3356 568 3416 Nogaro
584 3360 823 3413 rescivisset,
840 3363 876 3403 in
897 3364 1022 3405 forma
1043 3364 1301 3412 authentica,
1333 3365 1369 3403 &

402 3418 586 3474 legitime
622 3432 740 3472 penes
774 3420 876 3475 ipsos
905 3425 1062 3464 Fratres
1102 3423 1369 3464 observantes

399 3479 569 3528 institit,
599 3487 643 3519 ut
663 3476 725 3519 illi
753 3479 935 3522 eumdem
968 3483 1152 3523 Fratrem
1180 3483 1230 3521 N.
1253 3480 1368 3520 dicstis

399 3536 604 3579 Fratribus
622 3538 834 3590 Capucinis
851 3537 1252 3592 restitue1·ent:apud
1274 3539 1369 3581 vero

397 3594 585 3639 cumdem
606 3592 869 3649 Episcopum,
885 3609 928 3640 ut
957 3599 1036 3651 ipse
1047 3597 1096 3641 ab
1112 3596 1285 3651 ejusdem
1304 3599 1364 3638 Fr.

397 3656 648 3707 protectione
663 3653 891 3706 desisteret3
922 3657 1094 3710 praediai
1122 3666 1253 3696 tamen
1276 3658 1366 3696 Fra-

397 3711 842 3762 trcsObservantes‚nec
857 3715 1043 3756 eumdem
1061 3714 1374 3756 Fr-N.restitue-

397 3783 460 3824 re,
483 3783 554 3811 uec
574 3770 699 3813 dictus
717 3771 935 3827 Episcopus
950 3774 999 3816 ab
1019 3775 1132 3830 ipsius
1150 3773 1371 3828 proteffiio-

1934 937 2024 971 XL.

1940 1060 2030 1091 lv.

1459 1343 1512 1373 ne
1541 1325 1728 1369 definere
1761 1323 1977 1367 voluerunt
2002 1349 2018 1373 ,
2046 1319 2156 1364 unde
2181 1320 2300 1363 etiam
2332 1333 2440 1363 nunc

1456 1388 1566 1431 idem
1585 1387 1750 1428 N.inter
1763 1377 1868 1440 ipsos
1890 1383 2048 1424 Fratres
2060 1378 2347 1430 Observantes,
2361 1392 2442 1422 non

1459 1446 1538 1489 fine
1560 1443 1829 1500 Regularium
1854 1442 1893 1483 &
1919 1439 2178 1484 Saecularium
2198 1439 2436 1494 stupore-³,

1455 1505 1494 1547 &
1509 1503 1755 1548 offendiculo
1779 1499 1915 1555 degit.

1571 1564 1678 1605 Cum
1693 1570 1828 1603 autem
1843 1587 1856 1610 ,
1872 1556 1971 1601 ficut
1983 1556 2127 1601 eadem
2140 1554 2337 1612 expositio
2350 1553 2441 1598 sub-

1453 1622 1648 1680 jungebat
1661 1648 1677 1672 ,
1692 1619 1879 1662 transitus
1893 1615 2074 1674 ejusdem
2090 1619 2145 1658 N.
2171 1616 2220 1656 ab
2235 1612 2324 1669 ipfis
2340 1616 2438 1655 Fra-

1456 1681 1587 1724 tribus
1602 1677 1820 1734 Capucinis
1845 1675 1896 1718 ad
1930 1675 2092 1718 eosdem
2119 1677 2279 1718 Fratres
2292 1671 2440 1717 Obser-

1456 1749 1598 1782 vantes
1617 1765 1632 1788 2
1657 1738 1718 1780 uti
1747 1735 1906 1777 secutus
1933 1734 2077 1791 absque
2100 1732 2248 1776 debitis
2265 1730 2439 1773 licentiis

1452 1797 1716 1849 Superiorum
1738 1793 2066 1846 Capucinorurm.
2096 1792 2324 1832 &aliorum
2352 1802 2439 1830 ma-

1449 1851 1583 1908 jorum
1601 1878 1616 1901 ,
1633 1852 1681 1893 ad
1700 1863 1798 1906 quos
1814 1847 1957 1900 spectat
1971 1878 1985 1900 ,
2009 1848 2159 1890 nedum
2172 1849 2194 1891 a
2207 1847 2340 1888 Sacris
2355 1850 2438 1889 Ca·

1457 1912 1627 1954 nonibus
1637 1937 1652 1959 ‚
1664 1910 1700 1949 &
1718 1906 2088 1951 Constitutionibus
2105 1905 2358 1962 Apostolicis‚
2374 1905 2440 1948 sed

1455 1971 1579 2012 etiam
1611 1981 1683 2023 per
1696 1965 1883 2023 quasdam
1899 1966 1937 2007 in
1954 1966 2066 2008 simili
2086 1964 2212 2008 forma
2226 1965 2369 2006 Brevis
2390 1963 2440 2006 li-

1453 2039 1591 2075 teras,
1617 2025 1686 2066 seu
1714 2023 2057 2066 constitutionem
2081 2023 2102 2064 a
2118 2023 2186 2064 sel.
2203 2037 2286 2064 rec.
2305 2023 2440 2066 Urba·

1452 2096 1506 2123 no
1532 2085 1644 2133 Papa
1658 2082 1812 2120 Octavo
1827 2079 2115 2121 Praedeceffore
2127 2079 2260 2120 nostro
2273 2093 2438 2122 emana-

1451 2148 1538 2181 tas:
1568 2136 1741 2192 lnjunHi
1770 2133 1891 2178 Nobis
1905 2136 1984 2184 ὢν.
2017 2137 2161 2192 quibus
2190 2135 2300 2178 inter
2325 2137 2434 2182 alia„

1450 2195 1734 2245 interdicitur,
1761 2206 1812 2236 ne
1826 2205 1973 2236 extunc
1997 2194 2048 2236 de
2061 2203 2205 2237 caetero
2231 2197 2434 2252 perpetuis

1450 2254 1594 2298 futuris
1621 2253 1874 2308 temporibus
1888 2280 1902 2302 ‚
1930 2252 2033 2294 ullus
2058 2252 2153 2295 dieti
2169 2254 2338 2298 Ordinis
2352 2258 2434 2297 Ca-

1451 2315 1689 2367 pucinorum
1706 2309 1935 2364 Religiosus
1949 2336 1964 2359 ,
1978 2311 2027 2353 ad
2041 2311 2234 2354 laxiorem
2249 2339 2263 2364 ,
2283 2312 2432 2368 absque

1445 2370 1606 2427 speciali
1621 2374 1698 2413 Sua
1725 2370 1764 2411 δι
1781 2369 1895 2412 Sedis
1909 2369 2167 2424 Apostolicae,
2181 2369 2233 2412 ad
2249 2372 2433 2414 Carthu-

1445 2430 1624 2472 fienfium
1647 2428 1772 2480 vero,
1791 2426 1855 2470 seu
1868 2427 1989 2470 alium
2006 2442 2292 2484 quemcunque
2305 2430 2432 2471 Ordi-

1443 2502 1563 2539 nem,
1588 2486 1654 2530 vel
1670 2487 2048 2542 Cougregationem
2064 2512 2078 2535 ,
2105 2485 2170 2529 nisi
2189 2488 2240 2528 de
2256 2487 2426 2532 Ministri

1444 2546 1655 2593 Generalis
1674 2559 1749 2601 pro
1765 2556 1944 2601 tempore
1971 2545 2177 2589 existentis
2193 2545 2287 2586 dieti
2305 2546 2430 2588 Ordi-

1445 2608 1501 2648 nis
1517 2605 1681 2648 licentia
1698 2604 1738 2646 in
1757 2601 1913 2659 scriptis
1927 2604 2314 2660 obtinenda‚quovis
2328 2618 2428 2659 prae-

1444 2675 1558 2708 textu
1574 2694 1588 2715 ,
1603 2662 1664 2706 seu
1678 2663 1791 2705 caula
1821 2661 1888 2705 sub
1910 2663 2102 2719 apostafiae
2123 2665 2162 2704 δι
2178 2661 2348 2705 insamiae
2360 2678 2427 2706 no.

1441 2735 1477 2767 ta
1492 2755 1506 2775 ,
1538 2737 1581 2765 ac
1603 2722 2030 2765 excommunicationis
2046 2751 2059 2774 ‚
2088 2723 2127 2764 δι
2142 2722 2252 2763 vocis
2266 2723 2427 2775 astivae,

1438 2785 1478 2825 δι
1493 2780 1639 2837 passivae
1657 2780 1892 2835 privationis
1909 2781 2039 2834 poenis
2060 2779 2228 2823 tranfire
2240 2793 2427 2836 quoquo·-

1438 2840 1560 2884 modo
1573 2840 1717 2883 audeat
1736 2868 1750 2890 ,
1764 2837 1830 2882 seu
1845 2838 2051 2894 praesumat
2067 2869 2082 2891 ‚
2116 2839 2340 2893 prohibitus
2361 2839 2423 2882 stt.

1437 2900 1566 2943 Nobis
1591 2910 1806 2954 propterea
1822 2927 1836 2948 ,
1867 2911 1912 2938 ac
1929 2896 2026 2941 alias
2043 2927 2056 2948 ,
2086 2898 2176 2954 quia
2191 2897 2353 2954 quidam
2367 2901 2421 2941 N.

1435 2956 1666 3001 Conversus
1684 2959 1930 3012 Capucinus‚
1941 2956 2117 3011 ejusdem
2132 2955 2350 2999 Provinciae
2364 2958 2423 2997 A·

1433 3017 1823 3072 quitaniae,exemplo
1838 3015 1930 3056 dicu
1949 3018 2097 3058 Fratris
2111 3014 2318 3064 dunus,ad
2334 3013 2424 3055 eos:-

1434 3076 1528 3117 dem
1549 3078 1706 3117 Fratres
1721 3074 1994 3116 observantes
2008 3074 2133 3130 paulo
2147 3073 2230 3129 post
2251 3073 2417 3115 transire

1437 3135 1550 3175 ausus
1566 3134 1620 3175 est
1633 3160 1647 3182 0
1661 3134 1711 3174 ab
1727 3133 1861 3185 eisque
1875 3143 2060 3187 receptus
2077 3162 2090 3184 ,
2104 3133 2143 3172 8(
2158 3131 2178 3172 ὰ
2201 3131 2422 3173 Venerabi-

1437 3193 1465 3233 li
1493 3193 1615 3234 eriam
1637 3195 1780 3234 Pratre
1796 3189 1994 3244 Episcopo
2019 3194 2071 3234 N.
2099 3191 2147 3232 ab
2182 3201 2418 3232 excommu-

1436 3250 1633 3292 nicatione
1656 3248 1860 3291 absolutus
1876 3277 1890 3299 ‚
1905 3248 2052 3303 subque
2076 3249 2137 3289 sila
2162 3249 2416 3301 protectione

1432 3318 1619 3360 receptus
1646 3309 1720 3349 fuit
1733 3333 1746 3354 ‚
1761 3306 2027 3359 supplicatum
2041 3306 2111 3356 est,
2126 3315 2169 3345 ut
2183 3305 2235 3347 de
2259 3320 2414 3361 oppor-

1432 3377 1531 3408 tuno
1559 3367 1598 3405 in
1618 3363 1812 3420 praemiffis
1825 3365 2010 3407 remedio
2028 3363 2244 3420 providere
2272 3365 2323 3407 de
2340 3365 2414 3407 be—

1430 3424 1626 3479 nignitate
1654 3421 1873 3477 Apostolica
1898 3422 2159 3477 dignaremur
2178 3449 2188 3460 ·

1547 3486 1633 3524 Nos
1645 3482 1784 3537 igitur,
1797 3482 1970 3524 eundern
1986 3484 2299 3524 Procuratorem
2326 3485 2414 3524 Ge-

1430 3539 1604 3584 neralem
1620 3539 1849 3595 specialibus
1866 3538 2066 3583 favoribus
2082 3570 2094 3592 ,
2109 3543 2149 3582 ὅτ.
2166 3542 2304 3595 gratiis
2321 3554 2415 3597 pro·

1429 3599 1535 3655 sequi
1552 3598 1732 3642 volentes
1748 3629 1760 3651 ‚
1775 3601 1811 3640 &
1828 3599 1847 3639 a
1863 3598 2065 3652 quibusvis
2091 3600 2413 3643 excommunica-

1428 3658 1548 3700 tionis
1564 3659 1640 3698 &c.
1656 3660 1795 3700 harum
1814 3658 1913 3700 serie
1928 3656 2237 3710 absolventes,&
2262 3657 2412 3701 absolu-

1434 3729 1518 3758 tum
1534 3715 1622 3757 sore
1652 3718 1859 3759 censentes
1875 3746 1888 3765 ‚
1905 3715 2128 3772 hujusmodi
2151 3715 2410 3772 supplicatio-

1431 3775 1542 3820 nibus
1557 3774 1738 3821 inclinati
1752 3805 1769 3828 ,
1798 3776 1851 3819 de
1868 3777 2173 3833 venerabilium
2192 3777 2411 3819 Fratrum-³

2277 3845 2354 3872 ΠΟ·
