2592 4094
987 244 1121 332 To
1143 243 1529 360 losanaf..

2026 279 2197 358 ,213

248 384 297 427 ιδ
316 383 511 432 ᾰίῑίωβηεε
532 385 760 432 ὂεησᾰὶῐΐαητ,
784 385 907 426 clerus
923 385 1202 436 proceffionaliter
1216 386 1332 422 &digia
1344 386 1482 435 Ecclesia
1493 395 1635 435 portans
1652 385 1772 423 diflam
1785 385 1927 423 Crucem
1942 408 1954 428 ‚
1975 388 2090 422 exivit
2103 411 2115 429 ,
2140 402 2269 435 quem)

249 433 454 482 canfratres
470 434 676 472 Poenitentaer
686 435 727 471 de
741 436 781 473 S.
794 436 906 472 cruce
918 459 934 480 ,
957 434 1030 473 1²1².
1054 434 1305 471 Conventuales
1320 457 1333 476 ‚
1358 435 1400 476 (ΞΥ
1418 435 1645 472 Carmelitani
1666 434 1757 471 dielae
1772 435 1943 472 Civitatis
1951 434 2183 480 praecedebant
2195 460 2206 477 ,
2221 437 2266 471 D.

242 480 294 534 D.
309 479 471 531 Consules
479 492 592 519 autem
604 507 618 527 ,
643 481 765 532 {Judex
775 482 883 530 major
894 505 908 525 ,
931 482 1059 530 aliique
1075 481 1212 530 lustitia
1225 481 1383 530 Ministri
1395 507 1408 525 ‚
1435 483 1560 527 Cives,
1585 482 1807 532 ‘Populusque
1827 482 1998 520 Civitatis
2009 480 2240 528 sequebantur
2254 506 2267 525 ,

242 528 289 572 ὁ·
299 541 374 568 cum
387 530 517 578 hymnis
529 530 572 572 ὁ·
588 530 733 568 canticis
746 529 792 566 ad
799 529 924 567 dt’fium
939 529 1119 577 Hospitale
1126 527 1355 579 proceffirunt
1367 555 1378 570 ,
1404 531 1455 566 ibi
1476 531 1522 565 ad
1533 531 1687 568 honorem
1701 531 1794 573 Dei,
1808 530 1876 567 Dei
1898 541 1964 566 arae
1977 554 1990 573 ,
2015 540 2055 563 ac
2072 528 2111 564 S.
2125 527 2265 563 Franci-

237 577 291 627 sca·
303 601 317 622 ‚
342 578 386 620 ὁ·
398 580 437 613 in
448 577 556 616 Proce
576 578 698 628 ronisfi
717 588 809 623 num,
842 577 1006 614 maistam
1023 577 1166 614 Crucem
1178 587 1259 613 ante
1267 585 1401 624 portam
1413 578 1506 615 difflae
1520 580 1646 615 Domus
1668 580 1709 621 (ς’
1720 539 1910 626 Hospitalis
1925 578 2175 626 plantaverunt
2188 598 2200 618 ,
2226 588 2264 610 ac

249 626 291 661 In
303 626 390 662 banc
402 625 453 662 R.
464 625 520 662 ‘P-
571 637 676 664 ernar
699 627 794 663 inum
828 637 847 662 e
863 624 896 661 lu
909 624 1003 676 Poste
1014 624 1266 662 Provincialem
1275 625 1349 662 PP.
1361 626 1613 673 Capucinorum
1635 629 1674 663 in
1686 627 1876 665 Provincia
1891 626 2079 663 Occitam'ae
2092 647 2103 665 ‚
2127 636 2166 659 ac
2184 630 2265 670 prae-

244 672 370 710 dil-’ium
384 674 430 712 P.
443 674 653 722 Stephanum
679 674 957 713 concionatorem
981 686 1055 711 cum
1067 673 1248 710 Fratribus
1275 672 1467 710 illuminato
1490 677 1532 716 ὼ·
1546 677 1644 711 Soc1'o
1655 701 1665 715 ,
1693 675 1788 710 Italis
1802 699 1814 717 ,
1833 675 2010 711 Dominico
2024 697 2035 715 ‚
2049 673 2092 714 ὠ·
2114 671 2262 709 ,andrea

243 719 371 766 Gallis,
385 721 534 759 Ordinis
545 721 712 761 S-Francu‘
726 723 759 758 ci
771 721 1022 768 Capacinorum
1033 722 1248 758 induxerunt
1258 745 1268 755 .
1285 721 1470 774 Qfaffl,
1486 723 1529 759 P.
1541 723 1772 759 Provincialis
1788 723 1895 771 Misia
1923 725 1962 759 in
1988 721 2074 758 dieta
2089 718 2260 768 Capella)

242 769 286 807 S.
296 767 407 807 Rocln‘
417 768 587 808 celebrata
603 722 827 820 ‚sanginem
842 769 958 807 conclu
968 780 995 807 tt
1007 770 1078 813 &c-

337 819 378 855 1η
392 817 639 866 quorumfidsm
649 830 708 868 ego
722 818 848 856 Petrus
859 817 945 855 Com
966 830 1000 855 cs
1013 817 1189 857 Notam‘us
1204 816 1355 864 Regius,
1379 818 1422 859 ὠ·
1436 819 1480 854 D.
1495 818 1539 854 D.
1551 817 1751 864 Consulibus
1767 818 2048 865 Castronaudaris·
2061 817 2081 853 ιὶ
2094 815 2258 855 Sec-retis,

239 865 285 907 ὸ·
297 866 459 903 άὶῖὶοηιηι
470 867 520 903 D.
530 867 580 904 D.
590 865 775 916 Consulum
785 865 944 903 mandato
956 890 968 908 ,
993 867 1036 908 ὠ·
1047 867 1092 902 ad
1099 865 1343 913 requisitionem
1355 867 1403 903 D.
1413 866 1459 902 D.
1477 866 1622 903 Parrum
1635 866 1879 912 spiritualium
1893 869 1964 909 ὠτ-
1982 867 2088 904 aetum
2100 865 2188 903 hunc
2201 873 2258 900 ex-

235 914 354 962 pedivi
370 915 410 950 in
415 914 596 964 prasentia
606 914 749 954 Domini
760 912 958 961 Raymundi
979 914 1020 951 dc
1033 915 1176 953 Monarc
1187 912 1384 961 Confiliarit‘
1397 913 1501 960 Regii
1512 913 1584 954 &a
1599 913 1642 954 ὠ·
1656 914 1890 962 mesubscripfi
1901 940 1910 951 .

236 1247 1040 1271 n———-—*-—
1051 1250 1276 1266 ..ιι-ι*
1282 1246 1965 1264 —n——u—-u-——u-——n—

1423 1058 1624 1110 Combes
1655 1061 1876 1111 Notarius
1912 1063 2114 1129 Regius.

237 1372 462 1442 Episcopo
498 1375 758 1438 Bajonenfi,
795 1375 843 1428 ὅ(
873 1376 1001 1426 alteri
1027 1392 1081 1425 ex
1114 1379 1222 1426 Pro-
1281 1367 2254 1430 busquealiis&c·,Sacra-CongregatiOCardina-

301 1443 572 1494 vincialibus
604 1451 816 1497 Fratrum
841 1444 1095 1496 nostrorum
1112 1449 1218 1496 Pro-

301 1513 458 1564 vinciae
494 1515 771 1565 Turonenfis
798 1552 814 1574 ,
843 1517 916 1566 vel
947 1513 1184 1566 Tolosanae
1199 1551 1216 1574 ,

301 1597 381 1632 aut
410 1584 462 1632 iis
496 1585 724 1653 impeditis
742 1622 758 1644 ‚
773 1584 1042 1637 Guardiano
1059 1583 1212 1634 subro-

304 1652 475 1720 gando,
492 1657 761 1723 Capitulum
792 1659 901 1705 RR.
918 1657 1212 1706 PP.Recolle-

298 1722 479 1773 storum
493 1725 747 1795 Burdigalae
762 1725 1041 1776 celebratum
1053 1727 1207 1774 annul-

298 1794 391 1839 lare
417 1826 435 1848 ,
461 1790 520 1871 ⁸&
548 1811 694 1844 novos
724 1796 986 1861 Superiores
1016 1794 1212 1862 eligere„

302 1873 553 1910 committit
568 1896 582 1910 .

235 1999 652 2054 URBANUS
732 2003 945 2049 PAPA
1019 2003 1206 2052 VIII.

412 2120 671 2181 Adfhturam
693 2123 754 2163 m·
770 2123 992 2164 memoriam
1011 2149 1023 2163 .

346 2238 450 2293 ΠΜ,
466 2241 565 2282 ficut
591 2235 727 2280 dilee'ti
745 2237 833 2280 Filii
853 2237 1035 2281 nonnulli
1049 2239 1208 2280 Fratres

367 2298 589 2342 Provinciae
619 2297 912 2352 Conceptionis
942 2296 1209 2337 Immaculata:

219 2358 404 2413 Virginis
439 2358 628 2398 Fratrum
665 2353 1005 2396 Recolleeiorum.
1041 2354 1207 2395 Ordinis

230 2416 365 2460 Sancti
381 2413 579 2457 Francisci
606 2413 645 2453 in
673 2411 808 2455 Gallia
837 2413 965 2455 Nobis
997 2425 1123 2468 nuper
1137 2425 1207 2454 ex-

227 2473 324 2532 poni
342 2470 525 2516 fecerunt
538 2500 553 2523 ,
583 2471 620 2512 in
635 2469 908 2514 controversia
925 2481 1064 2514 exorta
1089 2470 1204 2525 super

227 2529 419 2591 praetensa
446 2530 634 2573 nullitate
654 2530 838 2584 Capituli
856 2528 1118 2572 provincialis
1141 2528 1206 2569 di·

229 2594 300 2634 ἀπ
314 2589 534 2634 Provinciae
550 2615 565 2639 ‚
594 2600 641 2630 ex
655 2602 704 2631 eo
716 2588 808 2644 quia
823 2585 944 2631 fuerit
960 2600 1085 2640 nuper
1098 2585 1206 2627 cele-

227 2650 387 2693 bratum
415 2647 483 2690 die
507 2644 650 2690 ultimi
670 2647 847 2702 januarii
893 2644 1090 2700 praesentis
1114 2642 1205 2686 anni

235 2709 358 2764 1632.
372 2706 414 2749 in
433 2709 564 2748 Domo
585 2703 783 2758 Regulari
808 2706 937 2746 Beatae
962 2702 1098 2745 Maria:
1113 2702 1202 2745 dea

227 2766 368 2808 Gratia
383 2772 639 2816 nuncupata,
658 2761 928 2816 Burdigalenfi
942 2788 956 2810 ,
974 2774 1051 2801 non
1080 2774 1200 2801 voca·-

225 2826 276 2864 tis
292 2823 363 2873 ,·&
377 2820 458 2862 fine
474 2822 704 2861 interventu
723 2820 903 2861 Fratrum
921 2819 1200 2860 Discretorum

225 2878 446 2935 cujuslibet
468 2874 706 2920 Conventt'is
732 2875 844 2919 dietae
859 2875 1103 2923 Provinciae,
1137 2890 1201 2918 re-

229 2936 378 2993 busque
396 2935 483 2978 aliis
497 2935 536 2977 in
551 2937 646 2977 aetis
672 2935 949 2977 controverfiae
974 2933 1199 2990 hujusmodi

228 2995 348 3039 latins
379 2993 559 3036 deductis
573 3021 587 3045 ,
604 2993 870 3035 venerabiles,
899 2995 1059 3035 Fratres
1081 2993 1202 3034 nostri

229 3056 384 3098 Sanctae
398 3055 585 3095 Romana
598 3050 785 3095 Ecclefiae
799 3050 1038 3095 Cardinales
1051 3079 1065 3102 ,
1081 3064 1202 3106 nego-

234 3112 301 3154 tiis
327 3110 591 3166 Regularium
622 3109 814 3166 praepositi
825 3139 840 3161 ‚
868 3110 1044 3164 partibus
1071 3110 1203 3151 citatis

231 3172 272 3212 &
289 3169 456 3220 auditis,
477 3168 742 3218 censuerunt,
765 3174 808 3209 ut
835 3167 938 3212 infra
965 3168 1203 3210 continetur

234 3232 276 3272 in
292 3231 472 3271 Decreto
490 3226 654 3284 desuper
682 3237 868 3269 emanare
891 3226 1044 3268 tenoris
1071 3226 1201 3268 subse-

257 3288 406 3338 uentis,
431 3284 651 3329 videlicet:
675 3286 714 3327 in
736 3283 1005 3327 controversia
1029 3294 1200 3328 exorta-1

247 3357 344 3398 uper
358 3345 548 3399 praetensa
564 3343 753 3387 nullitate
768 3343 951 3398 Capituli
970 3344 1199 3385 Provincia·-

232 3401 282 3443 lis
301 3402 522 3444 Provinciae
543 3412 776 3456 nuncupatae
802 3402 1094 3456 Conceptionis
1120 3401 1200 3442 lm-

231 3459 439 3501 maculatae
455 3459 631 3514 Virginis
647 3462 832 3502 Fratrum
853 3459 1202 3510 Recollee'torum,

234 3515 402 3559 Ordinis
417 3520 456 3559 S.
471 3515 664 3559 Francisci
687 3517 728 3558 in
747 3518 880 3560 Gallia
903 3546 918 3570 ‚
945 3532 993 3559 ex
1014 3533 1090 3568 eo,
1110 3517 1202 3572 quia

232 3573 354 3617 fuerit
368 3587 494 3628 nuper
506 3573 753 3617 celebratum
777 3574 844 3618 die
869 3573 1200 3631 ultima'iJanuarii

238 3630 451 3690 praesentis-
475 3632 566 3674 anni
596 3632 718 3686 1632.
744 3633 782 3674 in
817 3637 1036 3677 Conventa
1073 3636 1201 3675 Beatae

229 3692 370 3736 Mariae
380 3690 432 3733 de
446 3688 588 3733 Gratia
603 3690 867 3745 Burdigalenli
886 3718 900 3740 ‚
914 3706 990 3735 non
1018 3691 1171 3733 vocatis
1185 3719 1200 3741 ,

230 3752 272 3793 δι
285 3750 365 3792 fine
393 3748 622 3792 interventu
639 3751 826 3791 Fratrum
841 3749 1117 3794 Discretorum
1131 3762 1200 3789 cu-

227 3807 391 3866 iuslibet
403 3804 641 3864 Conventus
670 3806 860 3863 prgdic'tae
875 3808 1095 3852 Provinciae
1106 3832 1120 3855 2
1134 3820 1199 3849 re-

1279 1433 1378 1476 lium
1392 1459 1406 1481 ,
1421 1431 1594 1487 negotiis
1612 1430 1870 1486 Regularium
1890 1428 2093 1484 praepofita
2109 1454 2123 1475 ,
2141 1426 2252 1474 Emi-¹

1276 1490 1501 1533 nentiffimo
1517 1490 1731 1532 Bentivolo
1749 1487 1950 1531 referente
1964 1515 1977 1538 ,
2003 1486 2177 1541 partibus
2191 1484 2250 1525 ci·

1277 1550 1372 1591 tatis
1384 1575 1397 1596 ,
1413 1550 1451 1590 Sc
1467 1549 1612 1591 auditis
1628 1547 1805 1598 censuit,
1832 1546 1858 1588 fi
1881 1543 2145 1589 Sanstiffimus
2165 1546 2251 1584 Do-

1273 1610 1402 1650 minus
1422 1607 1569 1649 Noster
1582 1614 1732 1649 annuat
1744 1635 1759 1657 ,
1777 1604 2069 1648 declarandum
2085 1601 2159 1644 effe
2171 1605 2253 1644 Ca-

1274 1666 1449 1724 pitulum
1464 1665 1717 1707 Provinciale
1732 1663 1956 1719 praedictum
1985 1662 2147 1702 irritum
2165 1686 2179 1708 ,
2208 1660 2248 1698 δε

1268 1725 1431 1781 penitus
1447 1723 1604 1765 nullum
1623 1725 1700 1767 una
1725 1735 1818 1766 cum
1842 1719 2104 1763 electionibus.
2126 1716 2247 1757 Mini-

1270 1783 1338 1824 stri
1355 1780 1616 1822 Provincialis
1632 1806 1646 1828 ‚
1663 1779 1851 1822 Custodis
1862 1808 1879 1828 ,
1903 1781 1942 1820 δε
1959 1776 2245 1823 Definitorum,

1271 1852 1316 1880 ae
1333 1835 1681 1886 Guardianorum,
1699 1837 1946 1891 aliorumque
1964 1834 2248 1887 superiorum,

1273 1897 1313 1937 δι
1327 1891 1570 1935 officialium
1585 1922 1599 1945 ,
1613 1895 1649 1934 δι
1668 1907 1756 1935 cum
1783 1895 1934 1935 caeteris
1949 1892 2097 1934 actibus
2133 1890 2171 1931 in
2198 1888 2249 1929 eo

1271 1953 1410 2001 factis,
1427 1952 1574 1994 &inde
1590 1953 1760 2004 secutis3
1779 1967 1849 1993 nec
1868 1965 1948 1993 non
1964 1948 2242 1996 inhibendum,

1272 2012 1374 2053 nein
1390 2007 1566 2051 futurum
1587 2011 1776 2062 Capitula
1791 2008 2013 2064 hujusmodi
2028 2007 2140 2057 fiant,
2163 2019 2243 2047 non

1270 2066 1423 2109 vocatis
1444 2066 1627 2106 Discretis
1643 2066 1872 2119 supradiftis
1887 2095 1901 2115 ,
1925 2070 1964 2107 δι
1987 2065 2062 2106 fine
2079 2065 2242 2106 illorum

1268 2119 1471 2177 praesentia
1485 2148 1496 2169 ,
1507 2122 1545 2160 δε
1562 2121 1680 2166 votis,
1696 2131 1814 2176 atque
1829 2123 1947 2162 aliter
1962 2120 2059 2162 fae‘ta
2071 2135 2120 2162 ex
2140 2133 2241 2160 nunc

1269 2178 1508 2221 declaranda
1523 2178 1598 2220 esse
1614 2179 1754 2227 irrita,
1769 2182 1808 2221 &
1833 2179 1957 2229 nulla,
1980 2192 2049 2219 nec
2072 2177 2239 2228 valere3

1269 2236 1472 2281 Caeterfun
1502 2238 1549 2279 ad
1568 2237 1766 2280 tollendas
1788 2243 2074 2281 Conventuum
2096 2249 2243 2290 expen-

1270 2294 1353 2345 sas,
1374 2296 1680 2337 &incommoda
1712 2298 1921 2347 Fratrum,
1946 2297 1984 2336 δι
2007 2309 2055 2336 ex
2069 2296 2154 2338 aliis
2176 2302 2245 2336 rad

1270 2352 1526 2395 tionabilibus
1541 2353 1661 2393 caulis
1679 2356 1838 2395 Sacram
1862 2355 2241 2407 Congregationem

1269 2410 1522 2452 moventibus
1536 2436 1549 2458 ,
1565 2410 1706 2449 eadem
1720 2414 1840 2452 Sacra
1853 2413 2130 2463 Congregatio
2142 2425 2240 2460 cen-2

1268 2467 1342 2510 suit
1359 2481 1408 2509 ex
1420 2466 1554 2508 officio
1566 2495 1580 2516 ,
1597 2469 1637 2507 &
1650 2481 1727 2509 non
1742 2468 1790 2508 ad
1805 2466 1974 2507 alterius
1989 2480 2038 2508 ex
2059 2469 2237 2521 partibus

1265 2525 1564 2581 requisitionem
1581 2524 1917 2566 committendum
1943 2524 2017 2566 effe
2031 2550 2046 2572 2
2060 2525 2084 2565 fi
2103 2525 2237 2567 eidem

1266 2582 1507 2628 sanetiffimo
1525 2583 1696 2623 Domino
1714 2583 1860 2624 Nostro
1878 2581 2075 2635 placuerit
2088 2612 2102 2634 ,
2138 2585 2236 2639 Epi..

1266 2645 1387 2697 stopo
1402 2640 1623 2698 Bajonenfi,
1639 2639 1881 2682 Provinciali
1895 2641 2084 2683 fratrum
2096 2644 2236 2694 Capu-

1266 2702 1445 2743 cinorum
1461 2701 1684 2742 Provinciae
1699 2698 1851 2742 Tolosae
1866 2725 1882 2749 ,
1906 2698 1969 2741 vel
1988 2698 2235 2741 provinciali

1264 2758 1499 2801 eorumdem
1517 2758 1819 2811 Capucinorum
1848 2757 2067 2800 Provinciae
2099 2758 2234 2799 Turo-

1263 2818 1351 2867 niae,
1365 2826 1432 2857 aut
1446 2817 1490 2857 iis
1504 2814 1747 2865 absentibus,
1761 2811 2044 2858 Commissariis
2061 2815 2231 2858 Provin-

1263 2878 1329 2917 ciae
1341 2903 1356 2926 ,
1370 2888 1445 2929 pro
1465 2873 1754 2917 commoditate
1772 2875 1811 2914 δε
1825 2872 1988 2915 arbitrio
2014 2871 2231 2928 ejusdem-2

1265 2932 1467 2988 Episcopi,
1482 2933 1549 2988 qui
1567 2930 1814 2988 conjunstim
1829 2931 2063 2986 procedant,
2077 2931 2117 2971 δι
2131 2934 2230 2972 San-

1263 2993 1413 3033 &itatis
1436 2996 1522 3034 Suae
1537 2990 1772 3032 auctoritate
1794 2989 1845 3031 de
1869 2989 2137 3044 novoeligant
2153 2989 2228 3030 Mi-

1265 3049 1428 3092 nistrum
1443 3048 1732 3090 Provincialem
1748 3074 1760 3097 ,
1780 3046 1993 3091 Custodem
2011 3076 2025 3098 ,
2053 3060 2098 3088 ac
2115 3045 2227 3088 Defi-

1264 3109 1415 3150 nitores
1448 3122 1494 3150 ex
1522 3106 1724 3148 Fratribus
1763 3103 1970 3148 antedieiae
2005 3105 2225 3148 Provinciae

1262 3166 1554 3220 Conceptionis
1571 3162 1839 3205 immaculatae
1854 3163 2046 3218 Virginis,
2059 3177 2157 3219 quos
2173 3163 2223 3203 ad

1264 3238 1425 3267 munera
1440 3221 1656 3277 hujusmodi
1672 3221 1855 3263 obeunda
1884 3221 2049 3265 idoneos
2070 3222 2228 3277 judica-

1263 3283 1421 3332 verint;
1448 3279 1666 3322 dummodo
1692 3293 1768 3321 non
1781 3278 1854 3321 lint
1878 3279 2029 3329 iidem,
2057 3280 2223 3335 quifue-

1262 3350 1353 3383 runt
1369 3339 1482 3381 eleeli
1502 3339 1536 3379 in
1561 3336 1703 3380 eodem
1723 3337 1978 3391 Capitulo‚ut
1997 3338 2223 3393 supramul-

1262 3399 1355 3442 liter
1371 3397 1599 3447 celebrato;
1613 3396 1668 3436 ita
1683 3405 1814 3438 tamen
1831 3422 1845 3446 ,
1875 3406 1918 3438 ut
1943 3398 2073 3452 quoad
2089 3400 2220 3437 Guar-

1263 3457 1400 3500 dianos
1413 3481 1426 3504 a
1439 3457 1477 3496 δε
1494 3453 1589 3495 alios
1612 3454 1866 3507 Superiores,
1891 3457 1931 3496 &
1945 3454 2145 3497 officiales
2161 3453 2225 3493 in-

1264 3513 1458 3561 feriores,
1482 3513 1578 3555 licet
1602 3512 1768 3554 nulliter
1791 3513 1829 3554 in
1858 3514 2004 3554 eodem
2031 3511 2222 3564 Capitulo

1261 3575 1438 3623 eleftos,
1465 3569 1603 3626 poffint
1629 3569 1752 3612 iidem
1786 3570 2027 3625 Episcopus,
2053 3569 2092 3609 &
2116 3569 2220 3611 alter

1260 3646 1307 3675 ex
1332 3628 1672 3676 Provincialibus,
1697 3630 1774 3670 sive
1790 3625 2066 3671 Comniiffariis
2084 3629 2222 3683 Capu-

1261 3692 1444 3732 cinorum
1468 3686 1674 3741 praedietis,
1691 3688 1843 3741 aliquos
1879 3684 2117 3727 confirmare
2136 3714 2150 3735 ,
2181 3690 2219 3729 ὃς

1261 3747 1358 3790 alios
1374 3746 1426 3788 de
1445 3758 1549 3786 novo
1561 3744 1711 3800 eligere
1726 3758 1800 3799 pro
1820 3757 1958 3786 eorum
1974 3743 2166 3794 arbitrio,
2182 3750 2220 3788 &

1262 3804 1500 3862 prudentia,
1523 3804 1698 3859 &prout
1722 3801 1842 3855 magis
1868 3802 1890 3844 ὲ
1915 3815 1959 3844 re
1981 3801 2055 3844 effe
2075 3817 2222 3856 cogno-

2027 3873 2167 3908 verum
