2756 4074
371 258 651 343 cin-ona
682 256 917 342 nac7a
951 253 1054 365 est
1089 253 1227 341 ‘Te
1244 277 1391 373 pro
1446 253 1691 342 Patre
1730 260 1891 339 tuo
1920 260 2277 340 CARom
2321 262 2424 340 II.

371 374 635 464 Sicilia
675 376 881 491 Rege
912 373 1277 471 obfidem,
1329 376 1419 463 ὃ
1461 403 1746 461 canam
1795 377 2425 492 virtutempube-

340 492 602 610 sconti
650 499 861 580 atati
896 495 993 579 eci
1024 492 1483 610 perfethone
1533 505 1837 584 unitam
1858 493 2250 614 speaavic
2278 562 2299 591 ,
2335 521 2425 579 ut

365 645 515 701 non
563 620 811 703 virtus
839 682 859 713 ‚
887 607 1038 729 ssed
1063 638 1358 700 natura
1391 616 1829 702 videretur.
1889 619 1974 699 ln
2021 610 2176 732 ipso
2212 681 2233 715 ‚
2276 642 2424 728 quo

364 734 870 832 detinebaris,
897 732 1178 832 carim,
1214 758 1478 830 votum
1514 733 1783 847 vovisti
1822 738 2147 821 Domino
2183 732 2428 843 super

363 851 683 938 excelsa
730 875 976 936 terrae
1029 854 1406 938 calcandi
1445 924 1467 954 ‚
1522 857 1800 973 Regna
1843 854 2154 953 Sicilia,
2202 853 2429 939 Hun-

348 975 596 1089 gariae
630 971 719 1059 δέ
728 999 789 1055 c.
859 1001 954 1056 ex
996 996 1240 1059 morte
1294 975 1593 1061 Fratris
1642 1043 1664 1078 ‚
1722 970 1908 1091 jure
1949 972 2431 1059 hereditario

361 1114 555 1195 tua,
610 1090 926 1207 aliaque
974 1096 1094 1180 tui
1129 1100 1344 1180 ortiis
1380 1094 1658 1195 lucra,
1694 1124 1856 1212 qua
1904 1124 2062 1206 pro
2093 1092 2429 1176 Christo

364 1211 983 1294 detrimentum
1032 1217 1485 1296 arbitratus
1537 1243 1616 1298 es
1650 1284 1668 1313 ,
1727 1214 2188 1299 Minoriticae
2230 1231 2432 1328 pau-

346 1332 696 1443 pertatis
767 1328 1213 1447 Proseffione
1265 1335 1802 1421 commutandi
1853 1366 1872 1415 .·
1930 1331 2112 1418 dum
2178 1330 2268 1418 δέ
2322 1328 2431 1414 ibi

358 1452 437 1530 in
506 1446 621 1532 Te
685 1447 779 1534 de
829 1450 1118 1564 fallaci
1175 1481 1368 1568 equo
1439 1452 1814 1542 violenter
1873 1448 2157 1570 dejecto
2210 1446 2432 1567 salu-

360 1591 513 1652 tem
577 1594 727 1651 non
770 1562 1026 1684 laesam
1067 1572 1406 1689 populus
1455 1572 1653 1661 vidit
1699 1643 1722 1679 ‚
1762 1596 2218 1693 portentum
2275 1567 2431 1654 cla—

355 1689 639 1786 mavit,
678 1684 1024 1803 gloriam
1064 1716 1211 1779 tuae
1250 1695 1720 1782 Sanblttatis
1739 1692 2100 1812 predixit
2127 1763 2148 1793 ,
2201 1689 2252 1777 a
2318 1686 2433 1773 Te

353 1801 672 1919 ipsomet
707 1813 787 1889 in
820 1806 1300 1918 Hispaniam
1338 1814 1650 1908 reduce,
1676 1816 1768 1901 &⁴
1809 1818 2179 1906 Sororem,
2219 1815 2431 1894 Ara-

342 1926 588 2035 gont'ae
639 1924 1021 2030 Reginam
1045 1986 1066 2013 ,
1106 1923 1488 2030 invisente
1516 1987 1538 2016 ‚
1579 1954 1775 2003 novo
1819 1932 2138 2005 virtutis
2163 1925 2430 2035 splen-

353 2035 530 2123 dore
567 2032 1140 2148 confirmatam.
1172 2034 1511 2121 Exultat
1543 2035 1632 2124 δέ
1664 2034 1949 2124 laudat
1992 2037 2183 2124 Filia
2220 2042 2428 2142 Sion,

354 2155 657 2242 Civitas
700 2156 796 2245 V
784 2151 1143 2240 alentina
1191 2222 1212 2251 ,
1247 2152 1431 2241 dum
1475 2185 1809 2272 magnus
1851 2162 1935 2242 in
1981 2156 2221 2246 medio
2257 2157 2431 2276 ejus

353 2270 670 2392 quiescis
711 2274 1054 2362 Sanclus
1096 2304 1114 2354 ε
1162 2272 1472 2362 exultat
1512 2344 1532 2379 ‚
1578 2276 1761 2363 dum
1777 2275 2201 2394 sacrarum
2250 2303 2429 2365 tua-

353 2424 530 2481 rum
578 2399 1046 2482 exuviarum
1089 2390 1538 2508 thesaurum
1595 2399 1701 2482 ab
1753 2395 2178 2513 Alphonso,
2223 2398 2429 2515 Rege

349 2544 646 2632 quoque
684 2513 1047 2615 Siciliae‚e
1090 2511 1429 2628 Maffiliae
1464 2538 1923 2634 expugnata
1963 2518 2423 2604 Sanoiuario

353 2634 772 2722 abductum
808 2633 1119 2751 poffidet
1162 2666 1184 2724 3
1228 2634 1515 2722 laudat
1556 2703 1577 2734 ‚
1642 2636 1827 2721 dum
1894 2634 2423 2722 exundantem

324 2750 758 2870 semperex
785 2785 867 2839 eo
897 2756 1355 2869 gratiarum
1387 2750 1756 2868 effluxum
1793 2761 2172 2842 miratur:
2206 2754 2419 2840 exul-

308 2956 310 2959 .
350 2897 534 2958 tant
575 2872 663 2960 δέ’
695 2872 1031 2959 laudant
1071 2870 1326 2957 Gallia
1383 2873 1471 2961 85²
1520 2872 1909 2990 Hispania
1938 2871 2258 2987 sociatd
2293 2871 2416 2958 de-

350 2996 694 3088 votione,
743 2989 926 3075 dum
975 3019 1382 3073 coronam
1420 3021 1762 3073 auream
1796 2987 2034 3107 supra
2066 2991 2412 3076 Mitram

350 3134 577 3197 tuam
607 3110 1060 3220 expressam
1098 3175 1120 3210 ,
1155 3108 1478 3220 fignum
1522 3108 2011 3212 sanstitatiS‚
2051 3110 2409 3223 gloriam

353 3230 692 3311 honoris
732 3228 821 3311 &
861 3256 1070 3337 opus
1119 3225 1624 3309 fortitudinis
1658 3225 1839 3342 effe,
1883 3226 2106 3326 Tibi,
2142 3226 2231 3315 δέ)
2250 3227 2411 3343 fibi

337 3345 943 3464 gratulabunda
972 3343 1475 3431 recordantur
1491 3415 1508 3426 .

499 3468 852 3580 Accepta
896 3463 1077 3550 Tibi
1098 3461 1186 3578 st
1211 3462 1490 3549 reddat
1533 3461 1683 3548 hac
1731 3491 1875 3551 tua
1916 3493 2091 3550 cum
2145 3464 2402 3552 Gallia

319 3581 437 3669 ’δέ
479 3580 860 3699 Hispania
898 3583 1207 3681 relatio,
1243 3583 1822 3681 Wonumenta,
1854 3588 2219 3699 gratiora
2262 3584 2403 3671 da·-

346 3701 458 3788 bit
490 3702 804 3818 reflexio
829 3774 851 3806 ‚
878 3704 1086 3822 quod
1105 3702 1274 3820 stnt
1310 3706 1817 3786 Minoritica.
1843 3704 2189 3789 Minores
2221 3703 2399 3815 testi-

2129 3819 2345 3936 masti
