2592 4094
347 328 502 374 Domo
530 325 730 377 Tononii
747 359 763 385 ,
788 324 832 372 in
845 319 1030 387 asylum
1059 317 1408 369 Conversorum
1436 319 1618 379 ereffita,
1641 315 1867 368 consessus
1892 317 1940 369 ὅ(
1973 321 2070 369 voti
2108 319 2292 372 decifivi
2329 323 2398 370 in:

347 395 530 443 dultum
557 393 845 444 concedendo
876 406 956 455 per
984 391 1230 439 articulum
1265 410 1278 439 :
1305 391 1384 439 Ad
1412 396 1546 440 omnia
1573 391 1748 439 concilia
1765 425 1781 447 ,
1805 393 1970 457 negotia
1994 424 2010 446 ,
2035 391 2089 437 ἐπ’
2127 391 2241 438 ailus
2270 395 2391 459 rstius

348 464 505 516 Sanflae
534 462 690 513 Domus
708 463 765 511 ad
782 465 913 510 minus
943 460 1021 510 duo
1052 459 1200 514 Patres
1225 462 1424 528 Capucini
1453 462 1691 531 irfigaiores
1708 462 1872 532 semper
1898 461 2081 510 vocandi
2101 459 2203 525 fimt
2234 495 2250 517 ,
2277 465 2392 512 alias

346 536 460 585 ditia
493 535 678 584 Concilia
695 567 709 588 ,
737 532 789 578 (θ’
817 535 980 598 negotia
1007 530 1154 599 absque
1174 531 1372 584 diilorum
1393 532 1566 582 Patrum
1591 532 1808 600 prasentia
1839 568 1854 589 ,
1883 533 1938 579 &¹
1960 529 2146 599 confinfit
2171 530 2288 578 nulla
2302 566 2319 589 ‚
2333 534 2389 580 ὼ·

348 608 547 657 invalida
569 604 859 659 declarantur,
883 603 930 652 bi
957 618 1093 652 autem
1107 606 1153 653 in
1179 606 1236 654 iis
1259 619 1410 654 votum
1433 603 1786 654 deliberativum
1818 602 1995 652 habeant
2031 636 2047 653 .
2070 620 2157 649 cum
2183 598 2247 648 ibi
2272 619 2393 652 non...

351 692 503 744 agatur
521 710 537 732 ,
567 672 651 743 ’¹¹'st
668 673 717 720 de
744 671 955 733 fidelium
981 673 1243 747 conve-(stone
1258 711 1270 724 .
1291 672 1515 742 Expresse
1533 676 1671 724 etiam
1697 671 1905 723 officium
1933 670 2162 721 Miffionis
2176 687 2259 728 ,ac
2282 689 2392 740 prae-

352 746 589 795 dicationis
619 741 856 796 fratribus
872 742 1112 803 addixere,
1129 746 1414 814 paragrapho
1446 764 1521 807 13.
1548 747 1609 795 ita
1644 739 1866 796 sonante:
1899 743 2010 795 RR.
2043 742 2148 793 ΡῬ.
2178 741 2385 806 capucini

346 815 566 878 Miffl'onis
599 812 837 880 Apostolicae
862 813 914 862 ab
950 815 1027 867 bac
1044 815 1168 882 sacra
1197 816 1341 869 ‘Domo
1361 816 1581 882 dependent
1614 852 1630 874 ,
1658 831 1820 866 attento
1856 820 1909 864 &⁴
1937 813 2185 883 corfiderato
2205 847 2236 871 .‚
2274 811 2389 881 quod

349 883 498 937 Sanbia
526 883 651 933 Sedes
676 882 774 955 ipfis
794 883 968 953 qfflcium
994 884 1212 953 Miffi'onis
1238 906 1327 936 cum
1354 889 1525 938 eximiis
1551 922 1567 944 ,
1600 888 1655 935 ύ·
1676 885 1930 955 specialibus
1959 885 2212 951 privilegiis
2242 887 2289 933 in
2315 882 2382 932 be·

348 955 532 1020 aeficium
554 955 760 1021 peculiare
782 958 1008 1007 animarum
1037 992 1054 1015 ,
1090 963 1143 1010 r&
1171 959 1297 1023 hujus
1328 955 1485 1007 Sant‘lae
1523 954 1688 1008 Domus
1722 958 1901 1006 decorem
1930 955 2211 1023 affignaverit
2246 991 2262 1014 ,
2289 956 2388 1017 hinc

348 1028 403 1073 (T
427 1025 606 1093 offi'cium
631 1043 845 1092 curamque
866 1027 1094 1093 palmarem
1125 1026 1372 1095 Miffi'onum
1406 1063 1423 1086 ,
1448 1035 1502 1078 ἐξ
1523 1029 1830 1094 predicationis
1869 1026 1997 1076 Verbi
2022 1027 2108 1074 Dei
2140 1060 2154 1083 ,
2196 1039 2282 1074 tum
2321 1029 2384 1074 in·

347 1110 418 1143 tra
443 1096 457 1152 ,
481 1111 568 1146 tum
597 1112 722 1146 extra
747 1096 987 1152 Civitatem
1016 1096 1195 1154 Tononit‘
1222 1135 1238 1159 ,
1268 1098 1557 1165 ‘Praeftt‘luras
1596 1105 1649 1151 ὃ
1678 1100 1768 1150 loca
1795 1102 1820 1149 ὰ
1848 1096 2050 1164 Mifflone
2084 1096 2396 1164 dependentiaa'

349 1165 585 1220 habebunt.

301 1265 302 1268 =
488 1236 792 1289 Declara'lrunt
819 1239 986 1304 pariter
1006 1240 1050 1291 in
1067 1238 1154 1289 fine
1181 1241 1360 1290 articuli
1394 1261 1471 1302 17.
1489 1244 1670 1295 Fratres
1688 1236 1863 1288 nostros
1894 1237 2050 1305 magni
2079 1236 2210 1298 hujus
2228 1236 2382 1303 operis

353 1303 401 1356 ὅ(
428 1305 827 1357 Confraternitatis
859 1309 1065 1358 auctores
1090 1328 1168 1378 per
1195 1311 1362 1361 verba:
1398 1313 1550 1381 Vigore
1580 1311 1705 1374 hujus
1739 1309 1915 1358 Decreti
1943 1308 2198 1357 declaramus
2231 1341 2246 1364 ,
2281 1305 2394 1374 quod

345 1390 422 1443 per
457 1376 766 1429 Contionatores
788 1380 833 1427 in
860 1381 1019 1430 litteris
1048 1381 1135 1430 Suae
1168 1381 1416 1433 SanHitatis
1445 1382 1528 1451 fieb
1565 1399 1645 1444 24.
1677 1377 1865 1431 Martii
1900 1398 2047 1442 ¹599⁴
2092 1379 2292 1427 emanatis
2318 1396 2397 1426 me·

351 1451 503 1500 morati
537 1447 680 1502 Patres
705 1448 904 1514 Capucini
932 1451 1120 1522 deinceps
1144 1453 1406 1521 intelligendi
1420 1453 1519 1524 fint
1537 1489 1553 1512 ,
1586 1451 1730 1502 veluti
1763 1453 1888 1515 hujus
1915 1454 2047 1516 operis
2085 1447 2268 1496 auflores
2286 1481 2302 1505 ,
2339 1449 2395 1497 &⁰

348 1521 506 1583 primi,
538 1523 609 1587 qui
634 1524 679 1568 in
700 1521 826 1569 dtc‘lis
851 1522 950 1570 locis
978 1536 1055 1587 pro
1063 1523 1157 1589 fide
1185 1521 1404 1578 Catholica
1425 1522 1660 1592 progreffitir
1674 1522 1870 1592 fecerunt
1897 1556 1914 1579 ,
1949 1520 2053 1570 unde
2084 1521 2139 1568 (9'
2168 1519 2365 1568 'volumus
2381 1551 2398 1575 ,

352 1602 398 1650 ut
427 1588 600 1656 qfficium
621 1591 929 1658 pradicationis
955 1597 999 1642 in
1018 1609 1104 1643 toto
1130 1596 1206 1645 boc
1233 1609 1382 1661 opere,
1406 1597 1461 1644 ἴθ’
1488 1599 1577 1660 ejus
1608 1594 1889 1659 dependentiis
1911 1592 1970 1641 ad
1992 1609 2057 1638 eos
2082 1589 2272 1655 speHet·

488 1663 764 1727 Supponunt
782 1661 827 1712 ὅ(
845 1663 958 1711 hanc
977 1662 1116 1729 ipsam
1138 1669 1353 1714 Fratrum
1379 1664 1636 1716 nostrorum
1651 1665 1854 1733 gloriam
1887 1660 2024 1712 verba
2045 1695 2061 1719 ,
2087 1658 2255 1726 quibus
2287 1659 2392 1708 Cle-

348 1743 477 1777 mens
509 1732 627 1793 Papa
653 1734 800 1778 VIII.
842 1736 917 1782 Fr.
946 1733 1211 1782 Cherubino
1243 1734 1547 1783 Maurianenfi
1583 1735 1640 1782 ad
1676 1732 1897 1783 Vallefios
1939 1728 1983 1780 se
2016 1727 2220 1779 conferre
2262 1744 2395 1776 man-

352 1793 508 1843 davit:
540 1796 710 1845 Diletle
741 1799 864 1853 Fili,
898 1816 985 1845 cum
1006 1803 1191 1863 primum
1221 1802 1386 1849 Sacram
1410 1801 1590 1851 Tononit‘
1618 1803 1797 1847 Domum
1830 1832 1846 1854 ,
1867 1799 1971 1845 ‘Deo
2009 1797 2107 1842 bene
2127 1801 2366 1858 juvantem,
2386 1830 2402 1853 ,

339 1865 630 1933 fundaveris,
654 1869 762 1913 omni
789 1866 924 1915 Hudio
953 1885 1054 1916 cura
1079 1903 1094 1926 ,
1129 1884 1174 1916 ut
1202 1867 1492 1936 sedunenfibus
1515 1869 1682 1933 populis
1704 1902 1719 1924 ,
1752 1865 1900 1935 quibus
1935 1863 2057 1914 Fidei
2094 1865 2294 1912 interitus
2324 1869 2403 1914 im·

351 1938 505 1995 minet,
542 1936 677 2003 quoad
691 1937 799 2003 fieri
821 1939 1010 2001 poterit,
1045 1952 1156 2003 opem
1165 1938 1318 2005 feras,
1345 1941 1396 1990 id
1417 1941 1524 1986 enim
1549 1944 1603 1989 a&
1632 1939 1729 1986 huic
1766 1934 2015 2006 Apoa‘lolicae
2047 1931 2144 1985 Sedi
2184 1939 2404 2003 opportune

351 2006 611 2075 neceffirt‘um
625 2040 642 2060 ,
664 2006 852 2068 nobrsque
880 2010 1064 2051 maxime
1087 2011 1132 2051 in
1160 2012 1313 2068 optatis
1339 2010 1391 2070 est
1410 2040 1422 2051 .
2127 2022 2130 2025 ·
2271 2048 2274 2051 .
2389 2052 2397 2055 ,

492 2075 617 2121 Deus
646 2069 736 2139 ipse
755 2069 937 2121 sudores
957 2075 1168 2121 Fratrum
1193 2071 1455 2122 nostrorum
1488 2071 1712 2139 respexit,
1747 2070 1794 2122 ὅ(
1819 2070 2163 2139 compensavit,
2183 2087 2287 2123 tum
2319 2077 2402 2134 iis,

353 2161 451 2210 quae
475 2140 763 2210 plantarunt,
793 2140 840 2193 δι
872 2141 1113 2211 rigarunt,
1152 2144 1488 2198 incrementum
1518 2141 1668 2192 dando
1704 2177 1719 2199 ,
1748 2157 1848 2192 tum
1886 2145 2170 2211 operarios,
2200 2144 2248 2196 ἃ
2273 2149 2395 2195 inter

353 2215 434 2265 hos
452 2246 467 2269 ,
482 2210 706 2281 praecipue
734 2209 974 2281 praefatum
1001 2217 1076 2266 Fr.
1095 2214 1413 2265 Cherubinum
1431 2249 1448 2274 ,
1463 2214 1596 2286 fignis
1610 2211 1659 2263 ὅ(
1687 2214 1906 2287 prodigiis
1921 2213 2207 2284 posterorum
2226 2234 2398 2267 memo-

354 2284 429 2335 riae
451 2282 726 2333 venerandos
757 2281 1026 2336 efficiendo.
1503 2287 1507 2290 “
2301 2348 2305 2352 Ὺ

491 2356 679 2407 Horum
707 2354 854 2421 longae
874 2351 920 2403 (Sc
938 2356 1134 2421 antiquae
1164 2353 1287 2404 seriei
1306 2372 1360 2407 ex
1379 2373 1507 2426 aequo
1535 2355 1736 2426 adjungo
1766 2354 1902 2405 nostri
1941 2355 2024 2405 aevi
2062 2357 2234 2406 Virum
2252 2391 2267 2413 ,
2299 2358 2403 2407 Fra-

355 2436 472 2475 trem
498 2423 730 2490 Angelum
751 2422 806 2470 de
832 2425 994 2472 Toires
1029 2424 1053 2475 ὲ
1088 2429 1134 2473 S.
1156 2430 1366 2479 Romano
1386 2462 1399 2484 ,
1419 2431 1462 2476 in
1488 2446 1578 2494 quo
1594 2426 1822 2496 profunda
1852 2428 2086 2476 humilitas
2104 2462 2119 2486 ,
2156 2425 2398 2494 perfefta„

356 2493 465 2542 vitae
493 2489 731 2563 Religiosae
749 2496 864 2543 ratio
881 2529 896 2554 ‚
919 2493 967 2544 ὅ(
997 2493 1166 2547 affidua
1188 2513 1294 2545 cum
1321 2501 1422 2547 Deo
1448 2499 1554 2547 unio
1582 2503 1727 2548 totius
1762 2500 1864 2548 vitae
1891 2497 2215 2564 compendiant
2250 2500 2394 2565 perio-

357 2562 465 2611 dum
487 2599 499 2611 .
535 2564 818 2614 Humilitate
849 2567 893 2616 in
915 2566 1123 2618 omnium
1147 2566 1380 2619 astionum
1399 2567 1578 2619 suarum
1606 2569 1727 2620 bafin
1757 2603 1772 2626 ,
1800 2567 1848 2618 8(
1880 2571 2057 2616 Ducem
2090 2565 2226 2617 ascita
2259 2603 2274 2625 ,
2307 2571 2400 2617 Na-

357 2634 520 2683 talium
540 2631 723 2683 suorum
742 2631 1027 2706 splendorem
1054 2636 1119 2689 ita
1137 2639 1344 2687 occuluit
1361 2674 1376 2696 ,
1411 2655 1461 2688 ut
1483 2639 1538 2687 de
1555 2657 1607 2689 eo
1630 2657 1711 2688 nec
1739 2641 2001 2705 loqueretur
2020 2673 2034 2696 ‚
2054 2655 2133 2686 nec
2166 2639 2292 2704 loqui
2311 2655 2396 2686 vo·

361 2706 501 2755 lentes
519 2703 725 2761 audiret;
759 2722 841 2752 nec
857 2706 965 2755 alias
998 2709 1146 2759 ullum
1165 2743 1180 2766 ‚
1207 2708 1330 2775 quod
1363 2712 1594 2776 propriam
1623 2709 1806 2760 laudem
1838 2706 2012 2774 saperet
2030 2743 2045 2766 ,
2075 2707 2269 2758 verbum
2295 2725 2399 2776 pro·

365 2772 481 2825 ferre
496 2773 750 2832 audiretur,
768 2774 1045 2843 honoresque
1067 2779 1090 2827 εὶ
1125 2783 1249 2848 Rege
1268 2780 1485 2830 Sardiniae
1504 2817 1520 2841 ,
1537 2777 1584 2830 ὅ(
1602 2783 1732 2830 Duce
1755 2777 1990 2830 sabaudiae
2029 2794 2121 2826 non
2155 2775 2291 2825 semel
2320 2778 2398 2828 ob.

364 2845 482 2895 latos
514 2842 764 2896 constanter
786 2847 1010 2908 rejiceret.
1031 2847 1230 2899 Perfersta
1253 2851 1358 2901 vitae
1374 2849 1612 2921 Religiosae
1630 2851 1801 2902 ratione
1823 2846 1864 2898 se
1886 2844 2123 2897 Francisco
2143 2846 2288 2897 fidum
2311 2852 2410 2898 Re«.

361 2916 478 2983 gulae
507 2913 593 2964 suae
629 2916 910 2967 Seffiatorem
938 2954 954 2976 ,
1006 2921 1236 2971 Fratribus
1277 2923 1435 2971 vivam
1472 2923 1691 2990 regularis
1730 2917 2017 2988 perfed'cionis
2062 2914 2260 2970 formam
2291 2937 2400 2987 prae-

362 2986 463 3034 buit
482 3019 496 3040 ’
531 2984 843 3038 &Provinciae
861 2990 1014 3042 munia
1050 2991 1105 3039 ad
1133 2990 1395 3041 inconcuffae
1425 2994 1643 3059 aequitatis
1669 3008 1877 3042 normam
1919 2987 2250 3038 administravit
2283 3024 2299 3047 ,
2334 2989 2404 3058 di-

364 3070 481 3123 gnus
503 3089 517 3110 2
543 3071 593 3104 ut
610 3056 655 3107 ὅ(
673 3058 729 3107 ad
744 3061 820 3109 illa
851 3063 990 3111 totius
1010 3062 1200 3112 Ordinis
1225 3059 1521 3113 assumeretur
1536 3099 1548 3113 .
1581 3060 1773 3112 ΑΗῖἀιιᾶ
1798 3079 1904 3110 cum
1929 3063 2031 3109 Deo
2052 3060 2215 3108 unione
2231 3056 2400 3126 ,usque

365 3123 422 3173 ad
443 3123 640 3184 extases,
671 3129 717 3178 <St
745 3133 906 3184 mentis
936 3132 1153 3185 excessum
1183 3130 1387 3203 perfe6³1ae
1407 3169 1422 3190 ,
1451 3134 1646 3183 nominis
1673 3131 1880 3182 officium
1903 3131 2179 3195 complevit,
2208 3133 2402 3197 jugenL,

366 3194 626 3246 sanctitatis
655 3195 846 3263 speciem
866 3205 908 3249 in
926 3205 1062 3253 vultu
1082 3202 1290 3270 expreffit
1305 3240 1320 3262 ,
1348 3203 1395 3254 8(
1411 3202 1500 3271 ipse
1520 3202 1692 3270 semper
1709 3220 1814 3250 cum
1834 3205 1963 3256 De0,
1982 3197 2029 3249 ἃ
2046 3203 2171 3247 Deus
2205 3212 2308 3248 curn
2345 3217 2398 3248 eo

365 3263 527 3315 mansit
542 3301 553 3314 .
595 3268 818 3320 Reddidit
836 3271 928 3319 haec
952 3275 1176 3327 virtutum
1197 3276 1301 3326 trias
1322 3276 1554 3343 Angelum
1570 3271 1741 3323 mundo
1757 3307 1772 3330 ,
1798 3269 1844 3321 ὃ(
1865 3270 2005 3318 Coelo
2022 3282 2233 3338 gratum:
2255 3272 2395 3319 Μυη-

364 3336 424 3385 do
449 3335 635 3402 quidem
650 3372 664 3394 ,
679 3356 784 3390 cum
815 3353 940 3390 totus
959 3344 1059 3411 post
1083 3363 1185 3394 eum
1205 3345 1396 3397 abiverit
1414 3381 1429 3401 ‚
1447 3362 1529 3395 ceu
1549 3344 1750 3409 Angelum
1773 3337 1950 3388 missum
1968 3347 2152 3405 propter
2170 3356 2245 3387 ⁶208
2265 3375 2279 3396 2
2316 3342 2395 3406 qui

365 3406 673 3458 haereditatem
693 3413 876 3477 capiunt
893 3411 1045 3467 salutis
1061 3452 1075 3473 ,
1100 3414 1367 3467 &altefatus
1387 3420 1482 3464 Rex
1511 3432 1589 3481 per
1604 3415 1714 3462 duos
1731 3413 1927 3480 integros
1960 3407 2130 3458 menses
2165 3413 2401 3459 Moncale·

363 3479 417 3528 rii
435 3477 559 3543 illius
577 3477 803 3530 consortio
820 3518 834 3539 ,
862 3482 908 3533 ἃ
925 3485 1118 3538 confiliis
1147 3487 1203 3538 ad
1223 3485 1500 3538 conscientiae
1527 3483 1612 3533 suae
1631 3481 1932 3533 direfflonem
1952 3482 2016 3529 uti
2041 3481 2243 3529 voluerit
2261 3517 2271 3528 .
2299 3487 2396 3530 An-

369 3549 526 3616 gelum
559 3547 637 3601 fibi
653 3565 836 3619 gratum
857 3588 872 3611 ,
890 3559 1079 3607 Coelum
1106 3554 1316 3625 patefecit
1332 3593 1346 3615 ,
1366 3557 1475 3610 dum
1494 3558 1536 3604 in
1556 3557 1645 3606 vita
1677 3549 1927 3602 coelestium
1964 3548 2290 3599 charismatum
2317 3553 2398 3600 do-

367 3622 434 3666 nis
460 3635 566 3668 eum
585 3625 866 3682 cumulavit,
886 3629 930 3675 in
949 3644 1095 3678 morte
1111 3627 1304 3680 coelestis
1324 3630 1426 3677 vitae
1447 3624 1669 3696 praegustu
1687 3624 1904 3674 recreavit
1921 3656 1936 3682 ,
1951 3619 1998 3671 ὅ(
2016 3636 2115 3670 tum
2135 3622 2276 3670 vitam
2300 3635 2398 3671 tum

365 3702 562 3738 mortem
587 3696 758 3744 virtute
787 3700 1037 3765 gratiarum
1071 3715 1302 3767 potentem
1322 3698 1519 3747 reddidit
1536 3734 1548 3745 .
1578 3700 1686 3746 Sino
1718 3697 1760 3743 in
1780 3711 1888 3762 pace
1916 3694 2182 3761 Angelum,
2218 3689 2275 3740 ad
2295 3694 2399 3742 Pro·

373 3757 573 3811 vinciam
590 3767 681 3825 ejus
703 3769 953 3841 regredior,
973 3769 1021 3822 <Sc
1049 3772 1177 3835 huJ'us
1196 3771 1398 3841 elogium
1416 3767 1599 3836 absolvo
1615 3766 1828 3818 audaster
1857 3761 2112 3821 edisserens,
2129 3759 2397 3872 13⁶9ssssth

2246 3847 2268 3874 'l
2304 3845 2339 3873 el
