<?xml version="1.0" encoding="UTF-8"?>
<!DOCTYPE html PUBLIC "-//W3C//DTD XHTML 1.0 Transitional//EN"
    "http://www.w3.org/TR/xhtml1/DTD/xhtml1-transitional.dtd">
<html xmlns="http://www.w3.org/1999/xhtml" xml:lang="en" lang="en">
 <head>
  <title>
</title>
<meta http-equiv="Content-Type" content="text/html;charset=utf-8" />
  <meta name='ocr-system' content='tesseract 3.04.00' />
  <meta name='ocr-capabilities' content='ocr_page ocr_carea ocr_par ocr_line ocrx_word'/>
</head>
<body>
  <div class='ocr_page' id='page_1' title='image "./bullariumordinis05cath_0114.png"; bbox 0 0 2612 4100; ppageno 0'>
   <div class='ocr_carea' id='block_1_1' title="bbox 415 183 1734 459">
    <p class='ocr_par' dir='ltr' id='par_1_1' title="bbox 415 183 1734 459">
     <span class='ocr_line' id='line_1_1' title="bbox 415 183 1695 306; baseline -0.005 -28"><span class='ocrx_word' id='word_1_1' title='bbox 415 196 536 306; x_wconf 85' lang='lat'>84</span> <span class='ocrx_word' id='word_1_2' title='bbox 1049 260 1054 266; x_wconf 89' lang='lat'><strong>.</strong></span> <span class='ocrx_word' id='word_1_3' title='bbox 1099 183 1695 272; x_wconf 57' lang='lat' dir='ltr'>Provincia</span> 
     </span>
     <span class='ocr_line' id='line_1_2' title="bbox 1125 336 1734 459; baseline -0.002 -1"><span class='ocrx_word' id='word_1_4' title='bbox 1125 393 1195 458; x_wconf 90' lang='lat' dir='ltr'>N</span> <span class='ocrx_word' id='word_1_5' title='bbox 1286 393 1351 457; x_wconf 87' lang='grc' dir='ltr'>ο</span> <span class='ocrx_word' id='word_1_6' title='bbox 1442 393 1503 459; x_wconf 86' lang='grc' dir='ltr'><strong>Τ</strong></span> <span class='ocrx_word' id='word_1_7' title='bbox 1572 336 1667 457; x_wconf 60' lang='grc' dir='ltr'>Ἀ</span> <span class='ocrx_word' id='word_1_8' title='bbox 1714 353 1734 361; x_wconf 65' lang='grc'><strong>”</strong></span> 
     </span>
    </p>
   </div>
   <div class='ocr_carea' id='block_1_2' title="bbox 352 565 2433 3855">
    <p class='ocr_par' dir='ltr' id='par_1_2' title="bbox 467 565 2409 620">
     <span class='ocr_line' id='line_1_3' title="bbox 467 565 2409 620; baseline -0.003 -6"><span class='ocrx_word' id='word_1_9' title='bbox 467 579 608 615; x_wconf 76' lang='lat' dir='ltr'>Uanrurn</span> <span class='ocrx_word' id='word_1_10' title='bbox 619 570 812 620; x_wconf 75' lang='lat' dir='ltr'>Apostoliea</span> <span class='ocrx_word' id='word_1_11' title='bbox 821 568 927 608; x_wconf 80' lang='lat' dir='ltr'>Sedes</span> <span class='ocrx_word' id='word_1_12' title='bbox 939 567 1116 612; x_wconf 80' lang='lat' dir='ltr'>exultavit,</span> <span class='ocrx_word' id='word_1_13' title='bbox 1125 569 1208 607; x_wconf 85' lang='lat' dir='ltr'>dum</span> <span class='ocrx_word' id='word_1_14' title='bbox 1220 570 1281 608; x_wconf 87' lang='lat' dir='ltr'>sub</span> <span class='ocrx_word' id='word_1_15' title='bbox 1294 568 1493 606; x_wconf 81' lang='lat' dir='ltr'>Alexandro</span> <span class='ocrx_word' id='word_1_16' title='bbox 1506 567 1757 610; x_wconf 84' lang='lat' dir='ltr'>III-,Clemente</span> <span class='ocrx_word' id='word_1_17' title='bbox 1767 568 1823 610; x_wconf 87' lang='lat' dir='ltr'>V.‚</span> <span class='ocrx_word' id='word_1_18' title='bbox 1834 565 2012 605; x_wconf 84' lang='lat' dir='ltr'>Clemente</span> <span class='ocrx_word' id='word_1_19' title='bbox 2026 567 2150 611; x_wconf 52' lang='lat' dir='ltr'>vna&amp;</span> <span class='ocrx_word' id='word_1_20' title='bbox 2162 568 2252 605; x_wconf 83' lang='lat' dir='ltr'>vm.</span> <span class='ocrx_word' id='word_1_21' title='bbox 2266 565 2409 618; x_wconf 73' lang='lat' dir='ltr'>Grego-</span> 
     </span>
    </p>

    <p class='ocr_par' dir='ltr' id='par_1_3' title="bbox 352 615 2424 1738">
     <span class='ocr_line' id='line_1_4' title="bbox 476 615 2411 667; baseline -0.003 -4"><span class='ocrx_word' id='word_1_22' title='bbox 476 628 530 663; x_wconf 90' lang='lat' dir='ltr'>rio</span> <span class='ocrx_word' id='word_1_23' title='bbox 545 625 616 661; x_wconf 88' lang='lat' dir='ltr'>XV.</span> <span class='ocrx_word' id='word_1_24' title='bbox 627 626 693 662; x_wconf 87' lang='lat' dir='ltr'>&amp;c.</span> <span class='ocrx_word' id='word_1_25' title='bbox 707 615 930 666; x_wconf 77' lang='lat' dir='ltr'>Cophtorum</span> <span class='ocrx_word' id='word_1_26' title='bbox 939 617 1144 667; x_wconf 75' lang='lat' dir='ltr'>Patriarchas</span> <span class='ocrx_word' id='word_1_27' title='bbox 1156 630 1235 657; x_wconf 88' lang='lat' dir='ltr'>cum</span> <span class='ocrx_word' id='word_1_28' title='bbox 1245 618 1309 656; x_wconf 84' lang='lat' dir='ltr'>suo</span> <span class='ocrx_word' id='word_1_29' title='bbox 1321 629 1429 665; x_wconf 87' lang='lat' dir='ltr'>grege</span> <span class='ocrx_word' id='word_1_30' title='bbox 1444 616 1594 654; x_wconf 83' lang='lat' dir='ltr'>Ecclesiae</span> <span class='ocrx_word' id='word_1_31' title='bbox 1605 616 1790 655; x_wconf 73' lang='lat' dir='ltr'>Catholicae</span> <span class='ocrx_word' id='word_1_32' title='bbox 1801 618 1834 653; x_wconf 93' lang='lat' dir='ltr'>se</span> <span class='ocrx_word' id='word_1_33' title='bbox 1848 617 1880 654; x_wconf 89' lang='lat' dir='ltr'>se</span> <span class='ocrx_word' id='word_1_34' title='bbox 1891 616 2043 659; x_wconf 81' lang='lat' dir='ltr'>univiffe,</span> <span class='ocrx_word' id='word_1_35' title='bbox 2053 617 2071 654; x_wconf 71' lang='lat' dir='ltr'>a</span> <span class='ocrx_word' id='word_1_36' title='bbox 2084 617 2223 654; x_wconf 84' lang='lat' dir='ltr'>Vicariis</span> <span class='ocrx_word' id='word_1_37' title='bbox 2237 619 2411 665; x_wconf 65' lang='lat' dir='ltr'>Apostoli,</span> 
     </span>
     <span class='ocr_line' id='line_1_5' title="bbox 353 665 2417 716; baseline -0.002 -6"><span class='ocrx_word' id='word_1_38' title='bbox 353 676 424 716; x_wconf 76' lang='lat' dir='ltr'>cis,</span> <span class='ocrx_word' id='word_1_39' title='bbox 450 678 590 712; x_wconf 87' lang='lat' dir='ltr'>Romam</span> <span class='ocrx_word' id='word_1_40' title='bbox 602 684 678 708; x_wconf 89' lang='lat' dir='ltr'>cum</span> <span class='ocrx_word' id='word_1_41' title='bbox 689 667 769 706; x_wconf 87' lang='lat' dir='ltr'>fidei</span> <span class='ocrx_word' id='word_1_42' title='bbox 783 666 989 709; x_wconf 76' lang='lat' dir='ltr'>profeffione</span> <span class='ocrx_word' id='word_1_43' title='bbox 1007 667 1107 704; x_wconf 83' lang='lat' dir='ltr'>miffis</span> <span class='ocrx_word' id='word_1_44' title='bbox 1129 667 1268 704; x_wconf 89' lang='lat' dir='ltr'>inaudiit</span> <span class='ocrx_word' id='word_1_45' title='bbox 1282 693 1293 709; x_wconf 96' lang='lat'>,</span> <span class='ocrx_word' id='word_1_46' title='bbox 1318 668 1446 704; x_wconf 76' lang='lat' dir='ltr'>tantum</span> <span class='ocrx_word' id='word_1_47' title='bbox 1460 666 1518 702; x_wconf 87' lang='lat' dir='ltr'>sub</span> <span class='ocrx_word' id='word_1_48' title='bbox 1535 667 1672 703; x_wconf 87' lang='lat' dir='ltr'>Urbano</span> <span class='ocrx_word' id='word_1_49' title='bbox 1688 666 1780 703; x_wconf 87' lang='lat' dir='ltr'><strong>VIII.</strong></span> <span class='ocrx_word' id='word_1_50' title='bbox 1793 665 1939 703; x_wconf 91' lang='lat' dir='ltr'>indoluit</span> <span class='ocrx_word' id='word_1_51' title='bbox 1957 691 1969 708; x_wconf 92' lang='lat'>,</span> <span class='ocrx_word' id='word_1_52' title='bbox 1994 667 2076 702; x_wconf 91' lang='lat' dir='ltr'>dum</span> <span class='ocrx_word' id='word_1_53' title='bbox 2089 666 2330 714; x_wconf 82' lang='lat' dir='ltr'>Abyffinorum</span> <span class='ocrx_word' id='word_1_54' title='bbox 2349 669 2417 707; x_wconf 83' lang='lat' dir='ltr'>Im-</span> 
     </span>
     <span class='ocr_line' id='line_1_6' title="bbox 353 713 2417 770; baseline -0.004 -10"><span class='ocrx_word' id='word_1_55' title='bbox 353 733 547 770; x_wconf 88' lang='lat' dir='ltr'>peratorem</span> <span class='ocrx_word' id='word_1_56' title='bbox 563 745 575 761; x_wconf 88' lang='lat'>,</span> <span class='ocrx_word' id='word_1_57' title='bbox 598 719 710 764; x_wconf 82' lang='lat' dir='ltr'>Seged</span> <span class='ocrx_word' id='word_1_58' title='bbox 723 715 890 753; x_wconf 75' lang='lat' dir='ltr'>Basiliden</span> <span class='ocrx_word' id='word_1_59' title='bbox 905 739 918 758; x_wconf 91' lang='lat'>,</span> <span class='ocrx_word' id='word_1_60' title='bbox 930 716 972 752; x_wconf 87' lang='lat' dir='ltr'>ab</span> <span class='ocrx_word' id='word_1_61' title='bbox 982 716 1111 754; x_wconf 88' lang='lat' dir='ltr'>unione</span> <span class='ocrx_word' id='word_1_62' title='bbox 1135 728 1228 753; x_wconf 84' lang='lat' dir='ltr'>verae</span> <span class='ocrx_word' id='word_1_63' title='bbox 1252 716 1332 752; x_wconf 84' lang='lat' dir='ltr'>fidei</span> <span class='ocrx_word' id='word_1_64' title='bbox 1356 714 1510 751; x_wconf 78' lang='lat' dir='ltr'>seceffiffe</span> <span class='ocrx_word' id='word_1_65' title='bbox 1527 739 1538 756; x_wconf 94' lang='lat'>,</span> <span class='ocrx_word' id='word_1_66' title='bbox 1564 715 1609 751; x_wconf 88' lang='lat' dir='ltr'>R·</span> <span class='ocrx_word' id='word_1_67' title='bbox 1621 714 1660 751; x_wconf 81' lang='lat' dir='ltr'>P.</span> <span class='ocrx_word' id='word_1_68' title='bbox 1673 713 1883 761; x_wconf 86' lang='lat' dir='ltr'>Alphonsum</span> <span class='ocrx_word' id='word_1_69' title='bbox 1896 715 2038 752; x_wconf 83' lang='lat' dir='ltr'>Mandes</span> <span class='ocrx_word' id='word_1_70' title='bbox 2053 739 2064 756; x_wconf 90' lang='lat'>,</span> <span class='ocrx_word' id='word_1_71' title='bbox 2085 714 2313 752; x_wconf 75' lang='lat' dir='ltr'>Patriarcham</span> <span class='ocrx_word' id='word_1_72' title='bbox 2326 716 2417 754; x_wconf 79' lang='lat' dir='ltr'>Lati·-</span> 
     </span>
     <span class='ocr_line' id='line_1_7' title="bbox 353 763 2416 812; baseline -0.003 -4"><span class='ocrx_word' id='word_1_73' title='bbox 353 783 436 809; x_wconf 84' lang='lat' dir='ltr'>num</span> <span class='ocrx_word' id='word_1_74' title='bbox 459 780 534 805; x_wconf 90' lang='lat' dir='ltr'>cum</span> <span class='ocrx_word' id='word_1_75' title='bbox 548 764 725 803; x_wconf 88' lang='lat' dir='ltr'>Societatis</span> <span class='ocrx_word' id='word_1_76' title='bbox 735 765 812 803; x_wconf 84' lang='lat' dir='ltr'>Jesu</span> <span class='ocrx_word' id='word_1_77' title='bbox 825 763 1040 803; x_wconf 84' lang='lat' dir='ltr'>Missionariis</span> <span class='ocrx_word' id='word_1_78' title='bbox 1059 766 1080 801; x_wconf 75' lang='grc' dir='ltr'>ὲ</span> <span class='ocrx_word' id='word_1_79' title='bbox 1101 765 1227 808; x_wconf 83' lang='lat' dir='ltr'>Regno</span> <span class='ocrx_word' id='word_1_80' title='bbox 1242 765 1371 812; x_wconf 88' lang='lat' dir='ltr'>pulsum</span> <span class='ocrx_word' id='word_1_81' title='bbox 1383 788 1395 805; x_wconf 91' lang='lat'>,</span> <span class='ocrx_word' id='word_1_82' title='bbox 1415 765 1451 802; x_wconf 72' lang='grc' dir='ltr'>δε</span> <span class='ocrx_word' id='word_1_83' title='bbox 1465 763 1664 809; x_wconf 87' lang='lat' dir='ltr'>Episcopum</span> <span class='ocrx_word' id='word_1_84' title='bbox 1678 788 1691 805; x_wconf 88' lang='lat'>,</span> <span class='ocrx_word' id='word_1_85' title='bbox 1714 765 1773 811; x_wconf 91' lang='lat' dir='ltr'>qui</span> <span class='ocrx_word' id='word_1_86' title='bbox 1786 764 1962 801; x_wconf 79' lang='lat' dir='ltr'>Ecclefiam</span> <span class='ocrx_word' id='word_1_87' title='bbox 1978 765 2173 812; x_wconf 83' lang='lat' dir='ltr'>Abyssinam</span> <span class='ocrx_word' id='word_1_88' title='bbox 2202 763 2416 802; x_wconf 62' lang='lat' dir='ltr'>secundumn-2</span> 
     </span>
     <span class='ocr_line' id='line_1_8' title="bbox 354 811 2416 861; baseline -0.001 -9"><span class='ocrx_word' id='word_1_89' title='bbox 354 816 598 856; x_wconf 77' lang='lat' dir='ltr'>Schismaticum</span> <span class='ocrx_word' id='word_1_90' title='bbox 610 815 809 853; x_wconf 78' lang='lat' dir='ltr'>Graecoruin</span> <span class='ocrx_word' id='word_1_91' title='bbox 821 814 915 850; x_wconf 85' lang='lat' dir='ltr'>usum</span> <span class='ocrx_word' id='word_1_92' title='bbox 929 814 1136 861; x_wconf 78' lang='lat' dir='ltr'>gubernaret</span> <span class='ocrx_word' id='word_1_93' title='bbox 1150 838 1162 856; x_wconf 92' lang='lat'>,</span> <span class='ocrx_word' id='word_1_94' title='bbox 1187 823 1345 851; x_wconf 87' lang='lat' dir='ltr'>vocatum</span> <span class='ocrx_word' id='word_1_95' title='bbox 1361 813 1426 849; x_wconf 83' lang='lat' dir='ltr'>effe</span> <span class='ocrx_word' id='word_1_96' title='bbox 1440 836 1452 854; x_wconf 88' lang='lat'>,</span> <span class='ocrx_word' id='word_1_97' title='bbox 1468 824 1531 859; x_wconf 86' lang='lat' dir='ltr'>per</span> <span class='ocrx_word' id='word_1_98' title='bbox 1544 811 1668 850; x_wconf 86' lang='lat' dir='ltr'>litteras</span> <span class='ocrx_word' id='word_1_99' title='bbox 1683 812 1825 860; x_wconf 79' lang='lat' dir='ltr'>AEgypti</span> <span class='ocrx_word' id='word_1_100' title='bbox 1836 813 1964 860; x_wconf 82' lang='lat' dir='ltr'>accepit</span> <span class='ocrx_word' id='word_1_101' title='bbox 1981 836 1992 848; x_wconf 88' lang='lat'><strong>.</strong></span> <span class='ocrx_word' id='word_1_102' title='bbox 2018 812 2118 850; x_wconf 80' lang='lat' dir='ltr'>Malo</span> <span class='ocrx_word' id='word_1_103' title='bbox 2126 814 2162 850; x_wconf 87' lang='lat' dir='ltr'>in</span> <span class='ocrx_word' id='word_1_104' title='bbox 2175 812 2238 849; x_wconf 84' lang='lat' dir='ltr'>suo</span> <span class='ocrx_word' id='word_1_105' title='bbox 2250 815 2346 860; x_wconf 84' lang='lat' dir='ltr'>partu</span> <span class='ocrx_word' id='word_1_106' title='bbox 2362 824 2416 857; x_wconf 81' lang='lat' dir='ltr'>re-</span> 
     </span>
     <span class='ocr_line' id='line_1_9' title="bbox 354 861 2417 919; baseline -0.001 -19"><span class='ocrx_word' id='word_1_107' title='bbox 354 866 503 903; x_wconf 85' lang='lat' dir='ltr'>medium</span> <span class='ocrx_word' id='word_1_108' title='bbox 516 865 536 901; x_wconf 71' lang='lat' dir='ltr'>a</span> <span class='ocrx_word' id='word_1_109' title='bbox 547 864 646 903; x_wconf 87' lang='lat' dir='ltr'>Sacra</span> <span class='ocrx_word' id='word_1_110' title='bbox 657 861 943 909; x_wconf 79' lang='lat' dir='ltr'>congregatione</span> <span class='ocrx_word' id='word_1_111' title='bbox 966 863 1010 900; x_wconf 86' lang='lat' dir='ltr'>de</span> <span class='ocrx_word' id='word_1_112' title='bbox 1027 863 1249 911; x_wconf 84' lang='lat' dir='ltr'>Propaganda</span> <span class='ocrx_word' id='word_1_113' title='bbox 1264 863 1348 899; x_wconf 83' lang='lat' dir='ltr'>Fide</span> <span class='ocrx_word' id='word_1_114' title='bbox 1375 862 1483 919; x_wconf 71' lang='lat' dir='ltr'>parari</span> <span class='ocrx_word' id='word_1_115' title='bbox 1493 885 1504 903; x_wconf 92' lang='lat'>,</span> <span class='ocrx_word' id='word_1_116' title='bbox 1519 861 1752 918; x_wconf 35' lang='lat' dir='ltr'>‘San—ctiffimus</span> <span class='ocrx_word' id='word_1_117' title='bbox 1765 861 1929 919; x_wconf 66' lang='lat' dir='ltr'>Pontifex</span> <span class='ocrx_word' id='word_1_118' title='bbox 1951 863 2181 919; x_wconf 71' lang='lat' dir='ltr'>incunclanter</span> <span class='ocrx_word' id='word_1_119' title='bbox 2204 863 2296 918; x_wconf 65' lang='lat' dir='ltr'>iuffit</span> <span class='ocrx_word' id='word_1_120' title='bbox 2311 875 2324 905; x_wconf 84' lang='lat'>;</span> <span class='ocrx_word' id='word_1_121' title='bbox 2346 861 2417 897; x_wconf 82' lang='lat' dir='ltr'>haec</span> 
     </span>
     <span class='ocr_line' id='line_1_10' title="bbox 353 910 2422 1010; baseline 0 -13"><span class='ocrx_word' id='word_1_122' title='bbox 353 910 1084 1010; x_wconf 49' lang='lat' dir='ltr'>{5335}32ss20555t³1²s35³¹155¹2l25¹t225</span> <span class='ocrx_word' id='word_1_123' title='bbox 1093 911 1449 1001; x_wconf 53' lang='lat' dir='ltr'>fizssia‘ffi’dssihztffi</span> <span class='ocrx_word' id='word_1_124' title='bbox 1461 911 2422 1004; x_wconf 53' lang='lat' dir='ltr'>{2³32‘225252.¹1³:{23223²staffffiifi’zzazssffiffitsss</span> 
     </span>
     <span class='ocr_line' id='line_1_11' title="bbox 354 1006 2417 1058; baseline -0.001 -12"><span class='ocrx_word' id='word_1_125' title='bbox 354 1018 405 1046; x_wconf 89' lang='lat' dir='ltr'>ret</span> <span class='ocrx_word' id='word_1_126' title='bbox 420 1034 431 1050; x_wconf 92' lang='lat'>,</span> <span class='ocrx_word' id='word_1_127' title='bbox 458 1009 498 1045; x_wconf 88' lang='lat' dir='ltr'>ab</span> <span class='ocrx_word' id='word_1_128' title='bbox 512 1021 558 1047; x_wconf 92' lang='lat' dir='ltr'>eo</span> <span class='ocrx_word' id='word_1_129' title='bbox 572 1009 745 1058; x_wconf 86' lang='lat' dir='ltr'>requissvit</span> <span class='ocrx_word' id='word_1_130' title='bbox 757 1032 768 1044; x_wconf 87' lang='lat'>.</span> <span class='ocrx_word' id='word_1_131' title='bbox 792 1006 907 1045; x_wconf 89' lang='lat' dir='ltr'>Hicin</span> <span class='ocrx_word' id='word_1_132' title='bbox 919 1009 1055 1047; x_wconf 77' lang='lat' dir='ltr'>Ordine</span> <span class='ocrx_word' id='word_1_133' title='bbox 1069 1008 1132 1046; x_wconf 90' lang='lat' dir='ltr'>suo</span> <span class='ocrx_word' id='word_1_134' title='bbox 1144 1035 1155 1051; x_wconf 89' lang='lat'>,</span> <span class='ocrx_word' id='word_1_135' title='bbox 1184 1011 1222 1046; x_wconf 90' lang='lat'>&amp;</span> <span class='ocrx_word' id='word_1_136' title='bbox 1235 1009 1376 1058; x_wconf 80' lang='lat' dir='ltr'>Moyses</span> <span class='ocrx_word' id='word_1_137' title='bbox 1388 1033 1401 1050; x_wconf 90' lang='lat'>,</span> <span class='ocrx_word' id='word_1_138' title='bbox 1424 1008 1594 1049; x_wconf 86' lang='lat' dir='ltr'>&amp;Josue,</span> <span class='ocrx_word' id='word_1_139' title='bbox 1620 1007 1690 1047; x_wconf 77' lang='lat' dir='ltr'>five</span> <span class='ocrx_word' id='word_1_140' title='bbox 1708 1009 1841 1047; x_wconf 78' lang='lat' dir='ltr'>Fratres</span> <span class='ocrx_word' id='word_1_141' title='bbox 1852 1033 1864 1050; x_wconf 94' lang='lat'>,</span> <span class='ocrx_word' id='word_1_142' title='bbox 1888 1009 1949 1055; x_wconf 90' lang='lat' dir='ltr'>qui</span> <span class='ocrx_word' id='word_1_143' title='bbox 1969 1017 2038 1044; x_wconf 88' lang='lat' dir='ltr'>tum</span> <span class='ocrx_word' id='word_1_144' title='bbox 2051 1009 2172 1045; x_wconf 80' lang='lat' dir='ltr'>levatis</span> <span class='ocrx_word' id='word_1_145' title='bbox 2187 1006 2229 1045; x_wconf 91' lang='lat' dir='ltr'>ad</span> <span class='ocrx_word' id='word_1_146' title='bbox 2247 1006 2417 1044; x_wconf 69' lang='lat' dir='ltr'>Coelum.»</span> 
     </span>
     <span class='ocr_line' id='line_1_12' title="bbox 354 1055 2420 1104; baseline -0.002 -10"><span class='ocrx_word' id='word_1_147' title='bbox 354 1058 506 1094; x_wconf 74' lang='lat' dir='ltr'>manibus</span> <span class='ocrx_word' id='word_1_148' title='bbox 520 1059 619 1104; x_wconf 88' lang='lat' dir='ltr'>supra</span> <span class='ocrx_word' id='word_1_149' title='bbox 630 1057 745 1096; x_wconf 75' lang='lat' dir='ltr'>Castra</span> <span class='ocrx_word' id='word_1_150' title='bbox 760 1055 858 1093; x_wconf 87' lang='lat' dir='ltr'>Israel</span> <span class='ocrx_word' id='word_1_151' title='bbox 872 1057 1151 1096; x_wconf 74' lang='lat' dir='ltr'>Benedifflonem</span> <span class='ocrx_word' id='word_1_152' title='bbox 1166 1058 1258 1095; x_wconf 88' lang='lat' dir='ltr'>ciere</span> <span class='ocrx_word' id='word_1_153' title='bbox 1274 1083 1285 1100; x_wconf 94' lang='lat'>,</span> <span class='ocrx_word' id='word_1_154' title='bbox 1307 1066 1379 1093; x_wconf 88' lang='lat' dir='ltr'>tum</span> <span class='ocrx_word' id='word_1_155' title='bbox 1392 1065 1509 1094; x_wconf 91' lang='lat' dir='ltr'>contra</span> <span class='ocrx_word' id='word_1_156' title='bbox 1524 1056 1726 1094; x_wconf 77' lang='lat' dir='ltr'>Amalecites</span> <span class='ocrx_word' id='word_1_157' title='bbox 1745 1068 1895 1104; x_wconf 86' lang='lat' dir='ltr'>pugnare</span> <span class='ocrx_word' id='word_1_158' title='bbox 1917 1056 2077 1094; x_wconf 89' lang='lat' dir='ltr'>callerent</span> <span class='ocrx_word' id='word_1_159' title='bbox 2091 1083 2103 1098; x_wconf 90' lang='lat'>,</span> <span class='ocrx_word' id='word_1_160' title='bbox 2133 1055 2279 1103; x_wconf 87' lang='lat' dir='ltr'>reperiri</span> <span class='ocrx_word' id='word_1_161' title='bbox 2306 1055 2420 1091; x_wconf 79' lang='lat' dir='ltr'>osten·</span> 
     </span>
     <span class='ocr_line' id='line_1_13' title="bbox 353 1104 2419 1154; baseline -0.001 -12"><span class='ocrx_word' id='word_1_162' title='bbox 353 1107 450 1142; x_wconf 84' lang='lat' dir='ltr'>surus</span> <span class='ocrx_word' id='word_1_163' title='bbox 463 1129 476 1148; x_wconf 91' lang='lat'>,</span> <span class='ocrx_word' id='word_1_164' title='bbox 500 1107 566 1143; x_wconf 82' lang='lat' dir='ltr'>FF·</span> <span class='ocrx_word' id='word_1_165' title='bbox 577 1105 847 1154; x_wconf 69' lang='lat' dir='ltr'>Agathangelum</span> <span class='ocrx_word' id='word_1_166' title='bbox 860 1105 1142 1144; x_wconf 81' lang='lat' dir='ltr'>vindocinensem</span> <span class='ocrx_word' id='word_1_167' title='bbox 1153 1132 1164 1149; x_wconf 87' lang='lat'>,</span> <span class='ocrx_word' id='word_1_168' title='bbox 1191 1108 1227 1143; x_wconf 87' lang='lat'>&amp;</span> <span class='ocrx_word' id='word_1_169' title='bbox 1237 1107 1425 1144; x_wconf 83' lang='lat' dir='ltr'>Caffianum</span> <span class='ocrx_word' id='word_1_170' title='bbox 1439 1106 1686 1142; x_wconf 89' lang='lat' dir='ltr'>Nannetensem</span> <span class='ocrx_word' id='word_1_171' title='bbox 1704 1106 1733 1143; x_wconf 91' lang='lat' dir='ltr'>in</span> <span class='ocrx_word' id='word_1_172' title='bbox 1746 1117 1834 1151; x_wconf 74' lang='lat' dir='ltr'>opus</span> <span class='ocrx_word' id='word_1_173' title='bbox 1845 1105 1914 1143; x_wconf 92' lang='lat' dir='ltr'>Dei</span> <span class='ocrx_word' id='word_1_174' title='bbox 1929 1106 2112 1152; x_wconf 82' lang='lat' dir='ltr'>segregare</span> <span class='ocrx_word' id='word_1_175' title='bbox 2128 1116 2217 1142; x_wconf 89' lang='lat' dir='ltr'>anno</span> <span class='ocrx_word' id='word_1_176' title='bbox 2232 1105 2339 1142; x_wconf 74' lang='lat'>¹628.</span> <span class='ocrx_word' id='word_1_177' title='bbox 2352 1104 2419 1146; x_wconf 50' lang='lat' dir='ltr'>de·‚</span> 
     </span>
     <span class='ocr_line' id='line_1_14' title="bbox 355 1151 2422 1203; baseline -0.002 -11"><span class='ocrx_word' id='word_1_178' title='bbox 355 1155 463 1192; x_wconf 88' lang='lat' dir='ltr'>crevit</span> <span class='ocrx_word' id='word_1_179' title='bbox 473 1181 487 1192; x_wconf 90' lang='lat'><strong>.</strong></span> <span class='ocrx_word' id='word_1_180' title='bbox 514 1156 606 1193; x_wconf 87' lang='lat' dir='ltr'>Cum</span> <span class='ocrx_word' id='word_1_181' title='bbox 619 1155 708 1192; x_wconf 88' lang='lat' dir='ltr'>enim</span> <span class='ocrx_word' id='word_1_182' title='bbox 721 1155 754 1191; x_wconf 87' lang='lat' dir='ltr'>hi</span> <span class='ocrx_word' id='word_1_183' title='bbox 768 1165 814 1190; x_wconf 90' lang='lat' dir='ltr'>eo</span> <span class='ocrx_word' id='word_1_184' title='bbox 828 1162 983 1201; x_wconf 88' lang='lat' dir='ltr'>tempore</span> <span class='ocrx_word' id='word_1_185' title='bbox 998 1155 1089 1193; x_wconf 88' lang='lat' dir='ltr'>inter</span> <span class='ocrx_word' id='word_1_186' title='bbox 1100 1156 1227 1193; x_wconf 84' lang='lat' dir='ltr'>Turcas</span> <span class='ocrx_word' id='word_1_187' title='bbox 1255 1156 1364 1193; x_wconf 87' lang='lat' dir='ltr'>semen</span> <span class='ocrx_word' id='word_1_188' title='bbox 1381 1154 1553 1203; x_wconf 77' lang='lat' dir='ltr'>Evangelii</span> <span class='ocrx_word' id='word_1_189' title='bbox 1565 1155 1632 1194; x_wconf 86' lang='lat' dir='ltr'>iam</span> <span class='ocrx_word' id='word_1_190' title='bbox 1642 1155 1837 1202; x_wconf 83' lang='lat' dir='ltr'>spargerent</span> <span class='ocrx_word' id='word_1_191' title='bbox 1851 1180 1866 1195; x_wconf 83' lang='lat'>,</span> <span class='ocrx_word' id='word_1_192' title='bbox 1891 1155 1989 1191; x_wconf 74' lang='lat' dir='ltr'>citius</span> <span class='ocrx_word' id='word_1_193' title='bbox 2000 1152 2077 1189; x_wconf 81' lang='lat' dir='ltr'>illos</span> <span class='ocrx_word' id='word_1_194' title='bbox 2091 1177 2102 1195; x_wconf 88' lang='lat'><em>‚</em></span> <span class='ocrx_word' id='word_1_195' title='bbox 2127 1165 2167 1190; x_wconf 79' lang='lat' dir='ltr'>ac</span> <span class='ocrx_word' id='word_1_196' title='bbox 2180 1152 2264 1190; x_wconf 68' lang='lat' dir='ltr'>aiios</span> <span class='ocrx_word' id='word_1_197' title='bbox 2279 1151 2422 1191; x_wconf 79' lang='lat' dir='ltr'>eGallia</span> 
     </span>
     <span class='ocr_line' id='line_1_15' title="bbox 357 1200 2418 1255; baseline -0.002 -15"><span class='ocrx_word' id='word_1_198' title='bbox 357 1203 487 1245; x_wconf 74' lang='lat' dir='ltr'>missos,</span> <span class='ocrx_word' id='word_1_199' title='bbox 513 1203 696 1250; x_wconf 84' lang='lat' dir='ltr'>Imperium</span> <span class='ocrx_word' id='word_1_200' title='bbox 710 1204 955 1252; x_wconf 78' lang='lat' dir='ltr'>Abyffinorum</span> <span class='ocrx_word' id='word_1_201' title='bbox 970 1204 1176 1252; x_wconf 70' lang='lat' dir='ltr'>ingressuros</span> <span class='ocrx_word' id='word_1_202' title='bbox 1191 1205 1267 1240; x_wconf 88' lang='lat' dir='ltr'>fore</span> <span class='ocrx_word' id='word_1_203' title='bbox 1284 1229 1294 1246; x_wconf 86' lang='lat'>,</span> <span class='ocrx_word' id='word_1_204' title='bbox 1321 1203 1411 1239; x_wconf 65' lang='lat' dir='ltr'>rede</span> <span class='ocrx_word' id='word_1_205' title='bbox 1426 1201 1592 1240; x_wconf 77' lang='lat' dir='ltr'>conclusit</span> <span class='ocrx_word' id='word_1_206' title='bbox 1611 1227 1621 1238; x_wconf 90' lang='lat'><strong>.</strong></span> <span class='ocrx_word' id='word_1_207' title='bbox 1643 1203 1723 1240; x_wconf 86' lang='lat' dir='ltr'>Sine</span> <span class='ocrx_word' id='word_1_208' title='bbox 1736 1204 1949 1240; x_wconf 69' lang='lat' dir='ltr'>cu&#39;nCiatione</span> <span class='ocrx_word' id='word_1_209' title='bbox 1963 1202 1996 1238; x_wconf 90' lang='lat' dir='ltr'>hi</span> <span class='ocrx_word' id='word_1_210' title='bbox 2011 1202 2123 1238; x_wconf 88' lang='lat' dir='ltr'>itineri</span> <span class='ocrx_word' id='word_1_211' title='bbox 2136 1200 2395 1255; x_wconf 71' lang='lat' dir='ltr'>accingebantur</span> <span class='ocrx_word' id='word_1_212' title='bbox 2405 1223 2418 1240; x_wconf 82' lang='lat'>,</span> 
     </span>
     <span class='ocr_line' id='line_1_16' title="bbox 352 1247 2419 1299; baseline -0.002 -12"><span class='ocrx_word' id='word_1_213' title='bbox 352 1249 394 1287; x_wconf 79' lang='lat' dir='ltr'>P.</span> <span class='ocrx_word' id='word_1_214' title='bbox 408 1251 650 1299; x_wconf 86' lang='lat' dir='ltr'>Agathangelo</span> <span class='ocrx_word' id='word_1_215' title='bbox 661 1252 704 1288; x_wconf 92' lang='lat' dir='ltr'>de</span> <span class='ocrx_word' id='word_1_216' title='bbox 718 1249 866 1290; x_wconf 81' lang='lat' dir='ltr'>Morlaix</span> <span class='ocrx_word' id='word_1_217' title='bbox 881 1276 893 1294; x_wconf 90' lang='lat'>,</span> <span class='ocrx_word' id='word_1_218' title='bbox 919 1253 954 1288; x_wconf 69' lang='grc' dir='ltr'>ἃ.</span> <span class='ocrx_word' id='word_1_219' title='bbox 975 1253 1015 1290; x_wconf 84' lang='grc' dir='ltr'>Ρ.</span> <span class='ocrx_word' id='word_1_220' title='bbox 1030 1252 1220 1289; x_wconf 66' lang='lat' dir='ltr'>Benedicta&gt;</span> <span class='ocrx_word' id='word_1_221' title='bbox 1236 1250 1448 1289; x_wconf 88' lang='lat' dir='ltr'>Divionense</span> <span class='ocrx_word' id='word_1_222' title='bbox 1462 1252 1568 1289; x_wconf 79' lang='lat' dir='ltr'>Sociis</span> <span class='ocrx_word' id='word_1_223' title='bbox 1581 1275 1593 1293; x_wconf 94' lang='lat'><em>‚</em></span> <span class='ocrx_word' id='word_1_224' title='bbox 1606 1263 1679 1288; x_wconf 90' lang='lat' dir='ltr'>cum</span> <span class='ocrx_word' id='word_1_225' title='bbox 1690 1251 1842 1298; x_wconf 86' lang='lat' dir='ltr'>linguam</span> <span class='ocrx_word' id='word_1_226' title='bbox 1854 1251 2035 1297; x_wconf 81' lang='lat' dir='ltr'>AEthiopiae</span> <span class='ocrx_word' id='word_1_227' title='bbox 2049 1251 2193 1287; x_wconf 84' lang='lat' dir='ltr'>necdum</span> <span class='ocrx_word' id='word_1_228' title='bbox 2206 1247 2419 1290; x_wconf 82' lang='lat' dir='ltr'>callerent,in</span> 
     </span>
     <span class='ocr_line' id='line_1_17' title="bbox 352 1297 2421 1349; baseline -0.002 -14"><span class='ocrx_word' id='word_1_229' title='bbox 352 1297 409 1336; x_wconf 86' lang='lat' dir='ltr'>sua</span> <span class='ocrx_word' id='word_1_230' title='bbox 419 1300 569 1337; x_wconf 85' lang='lat' dir='ltr'>Statione</span> <span class='ocrx_word' id='word_1_231' title='bbox 584 1299 708 1339; x_wconf 66' lang='lat' dir='ltr'>relictis</span> <span class='ocrx_word' id='word_1_232' title='bbox 725 1323 736 1335; x_wconf 88' lang='lat'><strong>.</strong></span> <span class='ocrx_word' id='word_1_233' title='bbox 762 1300 910 1338; x_wconf 87' lang='lat' dir='ltr'>Primum</span> <span class='ocrx_word' id='word_1_234' title='bbox 930 1300 992 1337; x_wconf 87' lang='lat' dir='ltr'>zeli</span> <span class='ocrx_word' id='word_1_235' title='bbox 1005 1301 1173 1339; x_wconf 83' lang='lat' dir='ltr'>theatrum</span> <span class='ocrx_word' id='word_1_236' title='bbox 1186 1302 1218 1338; x_wconf 92' lang='lat' dir='ltr'>in</span> <span class='ocrx_word' id='word_1_237' title='bbox 1232 1301 1332 1349; x_wconf 86' lang='lat' dir='ltr'>Syria</span> <span class='ocrx_word' id='word_1_238' title='bbox 1343 1300 1468 1346; x_wconf 88' lang='lat' dir='ltr'>Aleppi</span> <span class='ocrx_word' id='word_1_239' title='bbox 1485 1325 1497 1342; x_wconf 91' lang='lat'>,</span> <span class='ocrx_word' id='word_1_240' title='bbox 1522 1301 1577 1336; x_wconf 89' lang='lat' dir='ltr'>ubi</span> <span class='ocrx_word' id='word_1_241' title='bbox 1591 1311 1654 1347; x_wconf 85' lang='lat' dir='ltr'>per</span> <span class='ocrx_word' id='word_1_242' title='bbox 1665 1298 1811 1337; x_wconf 85' lang='lat' dir='ltr'>mensem</span> <span class='ocrx_word' id='word_1_243' title='bbox 1826 1298 1978 1337; x_wconf 73' lang='lat' dir='ltr'>cunctari</span> <span class='ocrx_word' id='word_1_244' title='bbox 2002 1309 2066 1336; x_wconf 76' lang='lat' dir='ltr'>eos</span> <span class='ocrx_word' id='word_1_245' title='bbox 2092 1297 2252 1345; x_wconf 84' lang='lat' dir='ltr'>oportuit</span> <span class='ocrx_word' id='word_1_246' title='bbox 2264 1321 2276 1339; x_wconf 92' lang='lat'>,</span> <span class='ocrx_word' id='word_1_247' title='bbox 2301 1306 2421 1339; x_wconf 66' lang='lat' dir='ltr'>erexq</span> 
     </span>
     <span class='ocr_line' id='line_1_18' title="bbox 356 1345 2421 1396; baseline -0.001 -13"><span class='ocrx_word' id='word_1_248' title='bbox 356 1357 462 1390; x_wconf 81' lang='lat' dir='ltr'>runt,</span> <span class='ocrx_word' id='word_1_249' title='bbox 489 1351 525 1386; x_wconf 75' lang='grc' dir='ltr'>δε</span> <span class='ocrx_word' id='word_1_250' title='bbox 545 1349 761 1386; x_wconf 72' lang='lat' dir='ltr'>conversioni</span> <span class='ocrx_word' id='word_1_251' title='bbox 774 1349 892 1395; x_wconf 84' lang='lat' dir='ltr'>populi</span> <span class='ocrx_word' id='word_1_252' title='bbox 905 1349 963 1386; x_wconf 90' lang='lat' dir='ltr'>sub</span> <span class='ocrx_word' id='word_1_253' title='bbox 977 1351 1063 1396; x_wconf 80' lang='lat' dir='ltr'>iugo</span> <span class='ocrx_word' id='word_1_254' title='bbox 1075 1350 1105 1386; x_wconf 86' lang='grc' dir='ltr'><strong>Τ</strong></span> <span class='ocrx_word' id='word_1_255' title='bbox 1108 1362 1194 1388; x_wconf 81' lang='lat' dir='ltr'>urcae</span> <span class='ocrx_word' id='word_1_256' title='bbox 1206 1349 1418 1395; x_wconf 81' lang='lat' dir='ltr'>gemiscentis</span> <span class='ocrx_word' id='word_1_257' title='bbox 1433 1349 1538 1396; x_wconf 89' lang='lat' dir='ltr'>usque</span> <span class='ocrx_word' id='word_1_258' title='bbox 1556 1351 1596 1385; x_wconf 89' lang='lat' dir='ltr'>ad</span> <span class='ocrx_word' id='word_1_259' title='bbox 1614 1348 1799 1395; x_wconf 90' lang='lat' dir='ltr'>periculum</span> <span class='ocrx_word' id='word_1_260' title='bbox 1821 1349 1902 1385; x_wconf 83' lang='lat' dir='ltr'>vitae</span> <span class='ocrx_word' id='word_1_261' title='bbox 1924 1349 1958 1384; x_wconf 86' lang='lat' dir='ltr'>se</span> <span class='ocrx_word' id='word_1_262' title='bbox 1974 1349 2008 1385; x_wconf 90' lang='lat' dir='ltr'>se</span> <span class='ocrx_word' id='word_1_263' title='bbox 2029 1348 2287 1394; x_wconf 85' lang='lat' dir='ltr'>impenderunt,</span> <span class='ocrx_word' id='word_1_264' title='bbox 2312 1345 2421 1382; x_wconf 82' lang='lat' dir='ltr'>intre·</span> 
     </span>
     <span class='ocr_line' id='line_1_19' title="bbox 355 1395 2419 1444; baseline 0 -13"><span class='ocrx_word' id='word_1_265' title='bbox 355 1396 439 1440; x_wconf 79' lang='lat' dir='ltr'>pido</span> <span class='ocrx_word' id='word_1_266' title='bbox 451 1398 560 1443; x_wconf 76' lang='lat' dir='ltr'>gressu</span> <span class='ocrx_word' id='word_1_267' title='bbox 574 1397 712 1443; x_wconf 87' lang='lat' dir='ltr'>templa,</span> <span class='ocrx_word' id='word_1_268' title='bbox 726 1409 802 1444; x_wconf 82' lang='lat' dir='ltr'>quae</span> <span class='ocrx_word' id='word_1_269' title='bbox 812 1396 985 1438; x_wconf 69' lang='lat' dir='ltr'>Moschcas</span> <span class='ocrx_word' id='word_1_270' title='bbox 998 1399 1128 1440; x_wconf 89' lang='lat' dir='ltr'>dicunt,</span> <span class='ocrx_word' id='word_1_271' title='bbox 1140 1397 1327 1436; x_wconf 78' lang='lat' dir='ltr'>Infidelium</span> <span class='ocrx_word' id='word_1_272' title='bbox 1344 1397 1546 1435; x_wconf 83' lang='lat' dir='ltr'>accedentes</span> <span class='ocrx_word' id='word_1_273' title='bbox 1562 1398 1599 1434; x_wconf 66' lang='grc' dir='ltr'>ἃ</span> <span class='ocrx_word' id='word_1_274' title='bbox 1622 1397 1778 1435; x_wconf 77' lang='lat' dir='ltr'>caecitatis</span> <span class='ocrx_word' id='word_1_275' title='bbox 1789 1397 2022 1443; x_wconf 68' lang='lat' dir='ltr'>superstitiosa</span> <span class='ocrx_word' id='word_1_276' title='bbox 2046 1395 2173 1434; x_wconf 77' lang='lat' dir='ltr'>cultum</span> <span class='ocrx_word' id='word_1_277' title='bbox 2198 1396 2395 1442; x_wconf 67' lang='lat' dir='ltr'>dsqmantqt</span> <span class='ocrx_word' id='word_1_278' title='bbox 2408 1416 2419 1427; x_wconf 86' lang='lat'><strong>·</strong></span> 
     </span>
     <span class='ocr_line' id='line_1_20' title="bbox 354 1442 2420 1496; baseline 0 -14"><span class='ocrx_word' id='word_1_279' title='bbox 354 1445 472 1482; x_wconf 58' lang='lat' dir='ltr'>Edoni</span> <span class='ocrx_word' id='word_1_280' title='bbox 490 1447 702 1491; x_wconf 71' lang='lat' dir='ltr'>postmodum</span> <span class='ocrx_word' id='word_1_281' title='bbox 715 1470 729 1488; x_wconf 91' lang='lat'>,</span> <span class='ocrx_word' id='word_1_282' title='bbox 751 1444 836 1484; x_wconf 72' lang='lat' dir='ltr'>male</span> <span class='ocrx_word' id='word_1_283' title='bbox 860 1445 1006 1494; x_wconf 77' lang='lat' dir='ltr'>gloriam</span> <span class='ocrx_word' id='word_1_284' title='bbox 1021 1446 1055 1484; x_wconf 86' lang='lat' dir='ltr'>in</span> <span class='ocrx_word' id='word_1_285' title='bbox 1071 1456 1180 1488; x_wconf 86' lang='lat' dir='ltr'>morte</span> <span class='ocrx_word' id='word_1_286' title='bbox 1204 1447 1330 1496; x_wconf 78' lang='lat' dir='ltr'>quaeri,</span> <span class='ocrx_word' id='word_1_287' title='bbox 1353 1448 1410 1484; x_wconf 90' lang='lat' dir='ltr'>ubi</span> <span class='ocrx_word' id='word_1_288' title='bbox 1426 1445 1567 1484; x_wconf 86' lang='lat' dir='ltr'>uberior</span> <span class='ocrx_word' id='word_1_289' title='bbox 1588 1445 1718 1483; x_wconf 61' lang='lat' dir='ltr'>fructus</span> <span class='ocrx_word' id='word_1_290' title='bbox 1737 1445 1792 1482; x_wconf 88' lang='lat' dir='ltr'>lon</span> <span class='ocrx_word' id='word_1_291' title='bbox 1821 1445 1901 1482; x_wconf 81' lang='lat' dir='ltr'>ioris</span> <span class='ocrx_word' id='word_1_292' title='bbox 1928 1446 2007 1484; x_wconf 78' lang='lat' dir='ltr'>vitae</span> <span class='ocrx_word' id='word_1_293' title='bbox 2029 1455 2143 1483; x_wconf 81' lang='lat' dir='ltr'>curam</span> <span class='ocrx_word' id='word_1_294' title='bbox 2163 1442 2420 1491; x_wconf 54' lang='lat' dir='ltr'>ptaesctlbbffls</span> 
     </span>
     <span class='ocr_line' id='line_1_21' title="bbox 355 1490 2423 1544; baseline -0.002 -13"><span class='ocrx_word' id='word_1_295' title='bbox 355 1492 467 1531; x_wconf 90' lang='lat' dir='ltr'>zelum</span> <span class='ocrx_word' id='word_1_296' title='bbox 479 1503 721 1532; x_wconf 86' lang='lat' dir='ltr'>converterunt</span> <span class='ocrx_word' id='word_1_297' title='bbox 740 1494 773 1531; x_wconf 89' lang='lat' dir='ltr'>in</span> <span class='ocrx_word' id='word_1_298' title='bbox 787 1493 930 1533; x_wconf 84' lang='lat' dir='ltr'>studium</span> <span class='ocrx_word' id='word_1_299' title='bbox 956 1496 1082 1544; x_wconf 82' lang='lat' dir='ltr'>linguae</span> <span class='ocrx_word' id='word_1_300' title='bbox 1097 1497 1217 1535; x_wconf 84' lang='lat' dir='ltr'>Arabae</span> <span class='ocrx_word' id='word_1_301' title='bbox 1231 1521 1243 1537; x_wconf 90' lang='lat'>‚</span> <span class='ocrx_word' id='word_1_302' title='bbox 1266 1498 1301 1534; x_wconf 90' lang='lat'>&amp;</span> <span class='ocrx_word' id='word_1_303' title='bbox 1324 1508 1368 1532; x_wconf 83' lang='lat' dir='ltr'>ex</span> <span class='ocrx_word' id='word_1_304' title='bbox 1389 1497 1451 1532; x_wconf 87' lang='lat' dir='ltr'>hac</span> <span class='ocrx_word' id='word_1_305' title='bbox 1475 1494 1598 1532; x_wconf 88' lang='lat' dir='ltr'>idioma</span> <span class='ocrx_word' id='word_1_306' title='bbox 1611 1493 1789 1541; x_wconf 83' lang='lat' dir='ltr'>AEthiopiae</span> <span class='ocrx_word' id='word_1_307' title='bbox 1830 1493 2016 1531; x_wconf 77' lang='lat' dir='ltr'>cilirarunt.</span> <span class='ocrx_word' id='word_1_308' title='bbox 2043 1494 2185 1531; x_wconf 86' lang='lat' dir='ltr'>Cairum</span> <span class='ocrx_word' id='word_1_309' title='bbox 2207 1492 2240 1528; x_wconf 84' lang='lat' dir='ltr'>in</span> <span class='ocrx_word' id='word_1_310' title='bbox 2265 1490 2423 1539; x_wconf 71' lang='lat' dir='ltr'>AEgypto</span> 
     </span>
     <span class='ocr_line' id='line_1_22' title="bbox 352 1537 2421 1594; baseline -0.002 -16"><span class='ocrx_word' id='word_1_311' title='bbox 352 1540 433 1578; x_wconf 88' lang='lat' dir='ltr'>dum</span> <span class='ocrx_word' id='word_1_312' title='bbox 448 1543 656 1590; x_wconf 88' lang='lat' dir='ltr'>attigerunt,</span> <span class='ocrx_word' id='word_1_313' title='bbox 676 1543 936 1581; x_wconf 73' lang='lat' dir='ltr'>conversionem</span> <span class='ocrx_word' id='word_1_314' title='bbox 952 1545 1129 1592; x_wconf 83' lang='lat' dir='ltr'>AEthiopiae</span> <span class='ocrx_word' id='word_1_315' title='bbox 1141 1546 1180 1582; x_wconf 88' lang='lat' dir='ltr'>ab</span> <span class='ocrx_word' id='word_1_316' title='bbox 1199 1544 1256 1582; x_wconf 90' lang='lat' dir='ltr'>illa</span> <span class='ocrx_word' id='word_1_317' title='bbox 1271 1545 1487 1592; x_wconf 89' lang='lat' dir='ltr'>Cophtorum</span> <span class='ocrx_word' id='word_1_318' title='bbox 1500 1543 1703 1589; x_wconf 75' lang='lat' dir='ltr'>potiffimum</span> <span class='ocrx_word' id='word_1_319' title='bbox 1724 1542 1920 1589; x_wconf 85' lang='lat' dir='ltr'>dependere</span> <span class='ocrx_word' id='word_1_320' title='bbox 1932 1541 2125 1586; x_wconf 63' lang='lat' dir='ltr'>iudicarunt</span> <span class='ocrx_word' id='word_1_321' title='bbox 2139 1565 2152 1584; x_wconf 89' lang='lat'>,</span> <span class='ocrx_word' id='word_1_322' title='bbox 2179 1551 2256 1578; x_wconf 83' lang='lat' dir='ltr'>cum</span> <span class='ocrx_word' id='word_1_323' title='bbox 2274 1537 2421 1594; x_wconf 71' lang='lat' dir='ltr'>Ecciessa</span> 
     </span>
     <span class='ocr_line' id='line_1_23' title="bbox 355 1586 2424 1642; baseline -0.001 -16"><span class='ocrx_word' id='word_1_324' title='bbox 355 1590 519 1636; x_wconf 83' lang='lat' dir='ltr'>Abyssina</span> <span class='ocrx_word' id='word_1_325' title='bbox 533 1591 654 1629; x_wconf 86' lang='lat' dir='ltr'>horum</span> <span class='ocrx_word' id='word_1_326' title='bbox 664 1591 860 1630; x_wconf 85' lang='lat' dir='ltr'>Patriarchae</span> <span class='ocrx_word' id='word_1_327' title='bbox 875 1594 1030 1632; x_wconf 87' lang='lat' dir='ltr'>obediret</span> <span class='ocrx_word' id='word_1_328' title='bbox 1041 1618 1052 1629; x_wconf 85' lang='lat'><strong>.</strong></span> <span class='ocrx_word' id='word_1_329' title='bbox 1077 1594 1237 1641; x_wconf 86' lang='lat' dir='ltr'>Cumque</span> <span class='ocrx_word' id='word_1_330' title='bbox 1250 1595 1290 1631; x_wconf 89' lang='lat' dir='ltr'>ad</span> <span class='ocrx_word' id='word_1_331' title='bbox 1304 1594 1503 1641; x_wconf 84' lang='lat' dir='ltr'>dignitatem</span> <span class='ocrx_word' id='word_1_332' title='bbox 1516 1590 1747 1638; x_wconf 86' lang='lat' dir='ltr'>Episcopalem</span> <span class='ocrx_word' id='word_1_333' title='bbox 1760 1589 1889 1628; x_wconf 85' lang='lat' dir='ltr'>nullum</span> <span class='ocrx_word' id='word_1_334' title='bbox 1902 1616 1914 1634; x_wconf 88' lang='lat'>‚</span> <span class='ocrx_word' id='word_1_335' title='bbox 1939 1593 1999 1629; x_wconf 74' lang='lat' dir='ltr'>nisi</span> <span class='ocrx_word' id='word_1_336' title='bbox 2015 1591 2208 1629; x_wconf 78' lang='lat' dir='ltr'>Monastieae</span> <span class='ocrx_word' id='word_1_337' title='bbox 2235 1589 2315 1625; x_wconf 81' lang='lat' dir='ltr'>vitae</span> <span class='ocrx_word' id='word_1_338' title='bbox 2329 1586 2424 1642; x_wconf 72' lang='lat' dir='ltr'>Pro·</span> 
     </span>
     <span class='ocr_line' id='line_1_24' title="bbox 354 1635 2420 1689; baseline -0.003 -8"><span class='ocrx_word' id='word_1_339' title='bbox 354 1639 508 1675; x_wconf 73' lang='lat' dir='ltr'>fflfforem</span> <span class='ocrx_word' id='word_1_340' title='bbox 520 1664 531 1681; x_wconf 75' lang='lat'><em>2</em></span> <span class='ocrx_word' id='word_1_341' title='bbox 555 1640 682 1678; x_wconf 90' lang='lat' dir='ltr'>elevari</span> <span class='ocrx_word' id='word_1_342' title='bbox 696 1640 892 1679; x_wconf 67' lang='lat' dir='ltr'>audivissent</span> <span class='ocrx_word' id='word_1_343' title='bbox 903 1667 914 1684; x_wconf 92' lang='lat'>,</span> <span class='ocrx_word' id='word_1_344' title='bbox 938 1643 1127 1680; x_wconf 83' lang='lat' dir='ltr'>Monachos</span> <span class='ocrx_word' id='word_1_345' title='bbox 1139 1645 1172 1681; x_wconf 88' lang='lat' dir='ltr'>in</span> <span class='ocrx_word' id='word_1_346' title='bbox 1185 1643 1252 1680; x_wconf 83' lang='lat' dir='ltr'>fide</span> <span class='ocrx_word' id='word_1_347' title='bbox 1266 1641 1395 1679; x_wconf 82' lang='lat' dir='ltr'>tentar&#39;e</span> <span class='ocrx_word' id='word_1_348' title='bbox 1409 1667 1422 1684; x_wconf 91' lang='lat'>‚</span> <span class='ocrx_word' id='word_1_349' title='bbox 1435 1643 1564 1689; x_wconf 88' lang='lat' dir='ltr'>eosque</span> <span class='ocrx_word' id='word_1_350' title='bbox 1577 1642 1616 1678; x_wconf 92' lang='lat' dir='ltr'>ad</span> <span class='ocrx_word' id='word_1_351' title='bbox 1631 1641 1720 1677; x_wconf 86' lang='lat' dir='ltr'>suam</span> <span class='ocrx_word' id='word_1_352' title='bbox 1733 1639 1892 1676; x_wconf 89' lang='lat' dir='ltr'>unionem</span> <span class='ocrx_word' id='word_1_353' title='bbox 1911 1642 2062 1682; x_wconf 80' lang='lat' dir='ltr'>trahere,</span> <span class='ocrx_word' id='word_1_354' title='bbox 2080 1641 2125 1676; x_wconf 70' lang='lat' dir='ltr'>eo</span> <span class='ocrx_word' id='word_1_355' title='bbox 2143 1637 2307 1685; x_wconf 78' lang='lat' dir='ltr'>ampliore</span> <span class='ocrx_word' id='word_1_356' title='bbox 2329 1635 2420 1682; x_wconf 59' lang='lat' dir='ltr'>spe-a</span> 
     </span>
     <span class='ocr_line' id='line_1_25' title="bbox 354 1686 2200 1738; baseline 0.001 -17"><span class='ocrx_word' id='word_1_357' title='bbox 354 1686 584 1725; x_wconf 80' lang='lat' dir='ltr'>decreverunt</span> <span class='ocrx_word' id='word_1_358' title='bbox 594 1713 606 1730; x_wconf 95' lang='lat'>,</span> <span class='ocrx_word' id='word_1_359' title='bbox 629 1692 700 1737; x_wconf 79' lang='lat' dir='ltr'>quo</span> <span class='ocrx_word' id='word_1_360' title='bbox 712 1690 835 1726; x_wconf 73' lang='lat' dir='ltr'>certius</span> <span class='ocrx_word' id='word_1_361' title='bbox 849 1690 972 1729; x_wconf 89' lang='lat' dir='ltr'>horum</span> <span class='ocrx_word' id='word_1_362' title='bbox 985 1703 1123 1730; x_wconf 85' lang='lat' dir='ltr'>errores</span> <span class='ocrx_word' id='word_1_363' title='bbox 1137 1704 1204 1729; x_wconf 89' lang='lat' dir='ltr'>non</span> <span class='ocrx_word' id='word_1_364' title='bbox 1219 1691 1411 1738; x_wconf 71' lang='lat' dir='ltr'>pertinaciae</span> <span class='ocrx_word' id='word_1_365' title='bbox 1423 1715 1434 1731; x_wconf 87' lang='lat'>,</span> <span class='ocrx_word' id='word_1_366' title='bbox 1447 1691 1502 1726; x_wconf 88' lang='lat' dir='ltr'>sed</span> <span class='ocrx_word' id='word_1_367' title='bbox 1518 1690 1715 1736; x_wconf 71' lang='lat' dir='ltr'>ignorantiae</span> <span class='ocrx_word' id='word_1_368' title='bbox 1729 1688 1843 1726; x_wconf 85' lang='lat' dir='ltr'>faetum</span> <span class='ocrx_word' id='word_1_369' title='bbox 1856 1689 1923 1725; x_wconf 78' lang='lat' dir='ltr'>effe</span> <span class='ocrx_word' id='word_1_370' title='bbox 1937 1689 2175 1736; x_wconf 79' lang='lat' dir='ltr'>comperiffent</span> <span class='ocrx_word' id='word_1_371' title='bbox 2188 1710 2200 1723; x_wconf 83' lang='lat'><strong>.</strong></span> 
     </span>
    </p>

    <p class='ocr_par' dir='ltr' id='par_1_4' title="bbox 355 1733 2433 2212">
     <span class='ocr_line' id='line_1_26' title="bbox 455 1733 2428 1788; baseline -0.001 -18"><span class='ocrx_word' id='word_1_372' title='bbox 455 1735 598 1773; x_wconf 80' lang='lat' dir='ltr'>Felicius</span> <span class='ocrx_word' id='word_1_373' title='bbox 612 1746 649 1772; x_wconf 88' lang='lat' dir='ltr'>ut</span> <span class='ocrx_word' id='word_1_374' title='bbox 663 1738 838 1774; x_wconf 81' lang='lat' dir='ltr'>confilium</span> <span class='ocrx_word' id='word_1_375' title='bbox 852 1741 1044 1777; x_wconf 87' lang='lat' dir='ltr'>succederet</span> <span class='ocrx_word' id='word_1_376' title='bbox 1061 1765 1074 1780; x_wconf 94' lang='lat'>‚</span> <span class='ocrx_word' id='word_1_377' title='bbox 1097 1741 1324 1786; x_wconf 86' lang='lat' dir='ltr'>quorumdam</span> <span class='ocrx_word' id='word_1_378' title='bbox 1337 1739 1582 1784; x_wconf 86' lang='lat' dir='ltr'>Episcoporum</span> <span class='ocrx_word' id='word_1_379' title='bbox 1593 1738 1813 1782; x_wconf 87' lang='lat' dir='ltr'>Cophtorum</span> <span class='ocrx_word' id='word_1_380' title='bbox 1827 1762 1839 1778; x_wconf 86' lang='lat'><em>‚</em></span> <span class='ocrx_word' id='word_1_381' title='bbox 1886 1749 1951 1774; x_wconf 91' lang='lat' dir='ltr'>uos</span> <span class='ocrx_word' id='word_1_382' title='bbox 1968 1739 2002 1773; x_wconf 92' lang='lat' dir='ltr'>in</span> <span class='ocrx_word' id='word_1_383' title='bbox 2022 1733 2238 1775; x_wconf 81' lang='lat' dir='ltr'>Monasseriis</span> <span class='ocrx_word' id='word_1_384' title='bbox 2261 1734 2428 1788; x_wconf 65' lang='lat' dir='ltr'>educatos</span> 
     </span>
     <span class='ocr_line' id='line_1_27' title="bbox 355 1750 2427 1832; baseline -0 -14"><span class='ocrx_word' id='word_1_385' title='bbox 355 1789 522 1818; x_wconf 79' lang='lat' dir='ltr'>noverant</span> <span class='ocrx_word' id='word_1_386' title='bbox 534 1806 546 1822; x_wconf 89' lang='lat'>‚</span> <span class='ocrx_word' id='word_1_387' title='bbox 571 1784 748 1819; x_wconf 80' lang='lat' dir='ltr'>amicitiam</span> <span class='ocrx_word' id='word_1_388' title='bbox 759 1786 1005 1829; x_wconf 73' lang='lat' dir='ltr'>quaeiiverunt3</span> <span class='ocrx_word' id='word_1_389' title='bbox 1031 1787 1128 1821; x_wconf 80' lang='lat' dir='ltr'>facile</span> <span class='ocrx_word' id='word_1_390' title='bbox 1141 1799 1282 1832; x_wconf 88' lang='lat' dir='ltr'>quoque</span> <span class='ocrx_word' id='word_1_391' title='bbox 1299 1787 1466 1830; x_wconf 83' lang='lat' dir='ltr'>praeclarae</span> <span class='ocrx_word' id='word_1_392' title='bbox 1479 1808 1492 1825; x_wconf 90' lang='lat'>,</span> <span class='ocrx_word' id='word_1_393' title='bbox 1513 1785 1631 1828; x_wconf 86' lang='lat' dir='ltr'>quaein</span> <span class='ocrx_word' id='word_1_394' title='bbox 1641 1750 2044 1830; x_wconf 43' lang='lat' dir='ltr'>Mimonariiszilgebant</span> <span class='ocrx_word' id='word_1_395' title='bbox 2059 1808 2072 1825; x_wconf 85' lang='lat'>,</span> <span class='ocrx_word' id='word_1_396' title='bbox 2095 1792 2222 1820; x_wconf 77' lang='lat' dir='ltr'>natura:</span> <span class='ocrx_word' id='word_1_397' title='bbox 2246 1778 2284 1817; x_wconf 64' lang='grc' dir='ltr'>ἃ</span> <span class='ocrx_word' id='word_1_398' title='bbox 2308 1787 2427 1823; x_wconf 64' lang='lat' dir='ltr'>grant</span> 
     </span>
     <span class='ocr_line' id='line_1_28' title="bbox 355 1826 2426 1878; baseline -0.001 -13"><span class='ocrx_word' id='word_1_399' title='bbox 355 1829 456 1865; x_wconf 88' lang='lat' dir='ltr'>dotes</span> <span class='ocrx_word' id='word_1_400' title='bbox 478 1853 489 1870; x_wconf 94' lang='lat'>,</span> <span class='ocrx_word' id='word_1_401' title='bbox 516 1828 631 1875; x_wconf 89' lang='lat' dir='ltr'>plures</span> <span class='ocrx_word' id='word_1_402' title='bbox 650 1830 683 1864; x_wconf 90' lang='lat' dir='ltr'>in</span> <span class='ocrx_word' id='word_1_403' title='bbox 695 1839 818 1865; x_wconf 88' lang='lat' dir='ltr'>eorum</span> <span class='ocrx_word' id='word_1_404' title='bbox 833 1829 1030 1877; x_wconf 80' lang='lat' dir='ltr'>obsequium</span> <span class='ocrx_word' id='word_1_405' title='bbox 1044 1831 1275 1877; x_wconf 67' lang='lat' dir='ltr'>captivarunt,</span> <span class='ocrx_word' id='word_1_406' title='bbox 1313 1833 1357 1867; x_wconf 89' lang='lat' dir='ltr'>ita</span> <span class='ocrx_word' id='word_1_407' title='bbox 1375 1840 1413 1866; x_wconf 89' lang='lat' dir='ltr'>ut</span> <span class='ocrx_word' id='word_1_408' title='bbox 1427 1840 1488 1866; x_wconf 79' lang='lat' dir='ltr'>eos</span> <span class='ocrx_word' id='word_1_409' title='bbox 1499 1830 1736 1866; x_wconf 77' lang='lat' dir='ltr'>Vifitationum</span> <span class='ocrx_word' id='word_1_410' title='bbox 1749 1828 1883 1866; x_wconf 82' lang='lat' dir='ltr'>suarum</span> <span class='ocrx_word' id='word_1_411' title='bbox 1895 1829 2039 1868; x_wconf 77' lang='lat' dir='ltr'>comites</span> <span class='ocrx_word' id='word_1_412' title='bbox 2049 1831 2245 1867; x_wconf 82' lang='lat' dir='ltr'>adhiberent</span> <span class='ocrx_word' id='word_1_413' title='bbox 2257 1854 2270 1871; x_wconf 88' lang='lat'>,</span> <span class='ocrx_word' id='word_1_414' title='bbox 2297 1829 2336 1865; x_wconf 84' lang='lat'>&amp;</span> <span class='ocrx_word' id='word_1_415' title='bbox 2348 1826 2426 1878; x_wconf 78' lang='lat' dir='ltr'>hine</span> 
     </span>
     <span class='ocr_line' id='line_1_29' title="bbox 357 1873 2427 1926; baseline -0.001 -12"><span class='ocrx_word' id='word_1_416' title='bbox 357 1877 436 1914; x_wconf 86' lang='lat' dir='ltr'>inde</span> <span class='ocrx_word' id='word_1_417' title='bbox 450 1876 595 1914; x_wconf 85' lang='lat' dir='ltr'>liberum</span> <span class='ocrx_word' id='word_1_418' title='bbox 608 1878 647 1914; x_wconf 82' lang='lat' dir='ltr'>aci</span> <span class='ocrx_word' id='word_1_419' title='bbox 661 1877 869 1914; x_wconf 81' lang='lat' dir='ltr'>Monasseria</span> <span class='ocrx_word' id='word_1_420' title='bbox 878 1879 1005 1915; x_wconf 88' lang='lat' dir='ltr'>aditum</span> <span class='ocrx_word' id='word_1_421' title='bbox 1017 1878 1055 1914; x_wconf 83' lang='lat' dir='ltr'>iis</span> <span class='ocrx_word' id='word_1_422' title='bbox 1069 1879 1242 1925; x_wconf 86' lang='lat' dir='ltr'>aperirent</span> <span class='ocrx_word' id='word_1_423' title='bbox 1253 1904 1264 1916; x_wconf 89' lang='lat'><strong>.</strong></span> <span class='ocrx_word' id='word_1_424' title='bbox 1291 1879 1455 1916; x_wconf 85' lang='lat' dir='ltr'>Mirantes</span> <span class='ocrx_word' id='word_1_425' title='bbox 1467 1877 1627 1915; x_wconf 85' lang='lat' dir='ltr'>Monachi</span> <span class='ocrx_word' id='word_1_426' title='bbox 1640 1901 1652 1919; x_wconf 90' lang='lat'>,</span> <span class='ocrx_word' id='word_1_427' title='bbox 1675 1877 1856 1922; x_wconf 81' lang='lat' dir='ltr'>praesertim</span> <span class='ocrx_word' id='word_1_428' title='bbox 1881 1879 1913 1917; x_wconf 88' lang='lat' dir='ltr'>in</span> <span class='ocrx_word' id='word_1_429' title='bbox 1929 1877 2061 1920; x_wconf 60' lang='lat' dir='ltr'>Nuria,</span> <span class='ocrx_word' id='word_1_430' title='bbox 2076 1878 2314 1926; x_wconf 78' lang='lat' dir='ltr'>inferiorisque</span> <span class='ocrx_word' id='word_1_431' title='bbox 2336 1873 2427 1912; x_wconf 74' lang='lat' dir='ltr'>&#39;nie-</span> 
     </span>
     <span class='ocr_line' id='line_1_30' title="bbox 357 1923 2433 1977; baseline 0.001 -15"><span class='ocrx_word' id='word_1_432' title='bbox 357 1926 463 1962; x_wconf 82' lang='lat' dir='ltr'>baidis</span> <span class='ocrx_word' id='word_1_433' title='bbox 476 1926 693 1963; x_wconf 82' lang='lat' dir='ltr'>Monasteriis</span> <span class='ocrx_word' id='word_1_434' title='bbox 709 1951 720 1968; x_wconf 95' lang='lat'>,</span> <span class='ocrx_word' id='word_1_435' title='bbox 745 1925 897 1972; x_wconf 88' lang='lat' dir='ltr'>spiritum</span> <span class='ocrx_word' id='word_1_436' title='bbox 916 1951 927 1968; x_wconf 93' lang='lat'>,</span> <span class='ocrx_word' id='word_1_437' title='bbox 950 1940 1024 1974; x_wconf 90' lang='lat' dir='ltr'>quo</span> <span class='ocrx_word' id='word_1_438' title='bbox 1038 1927 1126 1964; x_wconf 84' lang='lat' dir='ltr'>inter</span> <span class='ocrx_word' id='word_1_439' title='bbox 1141 1939 1202 1966; x_wconf 87' lang='lat' dir='ltr'>eos</span> <span class='ocrx_word' id='word_1_440' title='bbox 1215 1929 1400 1965; x_wconf 85' lang='lat' dir='ltr'>conversati</span> <span class='ocrx_word' id='word_1_441' title='bbox 1415 1927 1511 1969; x_wconf 90' lang='lat' dir='ltr'>sunt,</span> <span class='ocrx_word' id='word_1_442' title='bbox 1538 1925 1685 1962; x_wconf 87' lang='lat' dir='ltr'>reditum</span> <span class='ocrx_word' id='word_1_443' title='bbox 1697 1924 1835 1962; x_wconf 86' lang='lat' dir='ltr'>illorum</span> <span class='ocrx_word' id='word_1_444' title='bbox 1853 1927 1897 1963; x_wconf 88' lang='lat' dir='ltr'>ad</span> <span class='ocrx_word' id='word_1_445' title='bbox 1911 1927 1944 1963; x_wconf 85' lang='lat' dir='ltr'>se</span> <span class='ocrx_word' id='word_1_446' title='bbox 1961 1927 2096 1974; x_wconf 63' lang='lat' dir='ltr'>per-afli</span> <span class='ocrx_word' id='word_1_447' title='bbox 2109 1926 2304 1965; x_wconf 71' lang='lat' dir='ltr'>visitatione</span> <span class='ocrx_word' id='word_1_448' title='bbox 2325 1923 2433 1977; x_wconf 57' lang='lat'>‘⁹1²⁴</span> 
     </span>
     <span class='ocr_line' id='line_1_31' title="bbox 357 1973 2433 2020; baseline 0 -12"><span class='ocrx_word' id='word_1_449' title='bbox 357 1982 434 2011; x_wconf 81' lang='lat' dir='ltr'>runt</span> <span class='ocrx_word' id='word_1_450' title='bbox 449 1999 462 2016; x_wconf 89' lang='lat'>,</span> <span class='ocrx_word' id='word_1_451' title='bbox 485 1975 589 2020; x_wconf 86' lang='lat' dir='ltr'>seque</span> <span class='ocrx_word' id='word_1_452' title='bbox 601 1976 640 2010; x_wconf 90' lang='lat' dir='ltr'>ad</span> <span class='ocrx_word' id='word_1_453' title='bbox 656 1986 777 2009; x_wconf 84' lang='lat' dir='ltr'>eorum</span> <span class='ocrx_word' id='word_1_454' title='bbox 791 1975 918 2008; x_wconf 88' lang='lat' dir='ltr'>monita</span> <span class='ocrx_word' id='word_1_455' title='bbox 932 1975 1058 2009; x_wconf 90' lang='lat' dir='ltr'>dociles</span> <span class='ocrx_word' id='word_1_456' title='bbox 1081 1975 1158 2008; x_wconf 89' lang='lat' dir='ltr'>fore</span> <span class='ocrx_word' id='word_1_457' title='bbox 1179 1976 1450 2018; x_wconf 86' lang='lat' dir='ltr'>adpromiscrunt</span> <span class='ocrx_word' id='word_1_458' title='bbox 1464 1996 1475 2008; x_wconf 87' lang='lat'><strong>.</strong></span> <span class='ocrx_word' id='word_1_459' title='bbox 1498 1973 1734 2009; x_wconf 76' lang='lat' dir='ltr'>sinceritatem</span> <span class='ocrx_word' id='word_1_460' title='bbox 1755 1974 1855 2008; x_wconf 85' lang='lat' dir='ltr'>verbi</span> <span class='ocrx_word' id='word_1_461' title='bbox 1886 1977 2047 2020; x_wconf 86' lang='lat' dir='ltr'>probavit</span> <span class='ocrx_word' id='word_1_462' title='bbox 2077 1975 2248 2016; x_wconf 57' lang='lat' dir='ltr'>effeduu</span> <span class='ocrx_word' id='word_1_463' title='bbox 2271 1983 2433 2020; x_wconf 40' lang='lat' dir='ltr'>cojano</span> 
     </span>
     <span class='ocr_line' id='line_1_32' title="bbox 356 2017 2429 2112; baseline 0 -8"><span class='ocrx_word' id='word_1_464' title='bbox 356 2019 1521 2112; x_wconf 50' lang='lat' dir='ltr'>5323111ss¹¹⁰&lt;205352532353231532ffsszffissss’iisssszsisss‘ffieffid&#39;z‘ssst</span> <span class='ocrx_word' id='word_1_465' title='bbox 1532 2017 1936 2105; x_wconf 53' lang='grc' dir='ltr'>Ᾰέἷξῑὲἳὶἓοὶἶῖἒξέξὲ</span> <span class='ocrx_word' id='word_1_466' title='bbox 1939 2018 2429 2107; x_wconf 57' lang='lat' dir='ltr'>¹⁰2i·0³¹³&lt;1²53{÷i{‘¹3??·{{:</span> 
     </span>
     <span class='ocr_line' id='line_1_33' title="bbox 357 2078 2420 2165; baseline -0.002 -11"><span class='ocrx_word' id='word_1_467' title='bbox 357 2118 486 2154; x_wconf 89' lang='lat' dir='ltr'>anteire</span> <span class='ocrx_word' id='word_1_468' title='bbox 502 2116 723 2154; x_wconf 75' lang='lat' dir='ltr'>observarunt</span> <span class='ocrx_word' id='word_1_469' title='bbox 737 2139 750 2156; x_wconf 93' lang='lat'>,</span> <span class='ocrx_word' id='word_1_470' title='bbox 775 2114 818 2151; x_wconf 90' lang='lat' dir='ltr'>ita</span> <span class='ocrx_word' id='word_1_471' title='bbox 833 2115 869 2151; x_wconf 76' lang='grc' dir='ltr'>δι</span> <span class='ocrx_word' id='word_1_472' title='bbox 883 2113 1040 2160; x_wconf 85' lang='lat' dir='ltr'>peculiari</span> <span class='ocrx_word' id='word_1_473' title='bbox 1054 2116 1124 2153; x_wconf 90' lang='lat' dir='ltr'>nisu</span> <span class='ocrx_word' id='word_1_474' title='bbox 1137 2114 1225 2152; x_wconf 87' lang='lat' dir='ltr'>illius</span> <span class='ocrx_word' id='word_1_475' title='bbox 1239 2080 1454 2153; x_wconf 59' lang='lat' dir='ltr'>convlerfioni</span> <span class='ocrx_word' id='word_1_476' title='bbox 1466 2091 1676 2152; x_wconf 69' lang='lat' dir='ltr'>studuerunt.</span> <span class='ocrx_word' id='word_1_477' title='bbox 1701 2114 1840 2153; x_wconf 86' lang='lat' dir='ltr'>Influxit</span> <span class='ocrx_word' id='word_1_478' title='bbox 1858 2093 1966 2165; x_wconf 66' lang='lat' dir='ltr'>grari’a</span> <span class='ocrx_word' id='word_1_479' title='bbox 1979 2116 2071 2160; x_wconf 84' lang='lat' dir='ltr'>Dei,</span> <span class='ocrx_word' id='word_1_480' title='bbox 2098 2119 2136 2156; x_wconf 89' lang='lat'>&amp;</span> <span class='ocrx_word' id='word_1_481' title='bbox 2157 2129 2245 2165; x_wconf 82' lang='lat' dir='ltr'>opus</span> <span class='ocrx_word' id='word_1_482' title='bbox 2269 2078 2420 2164; x_wconf 55' lang='lat' dir='ltr'>coffipie.</span> 
     </span>
     <span class='ocr_line' id='line_1_34' title="bbox 356 2163 1762 2212; baseline -0.001 -9"><span class='ocrx_word' id='word_1_483' title='bbox 356 2167 406 2203; x_wconf 87' lang='lat' dir='ltr'>vit</span> <span class='ocrx_word' id='word_1_484' title='bbox 417 2191 428 2207; x_wconf 93' lang='lat'>,</span> <span class='ocrx_word' id='word_1_485' title='bbox 456 2166 602 2212; x_wconf 84' lang='lat' dir='ltr'>fideique</span> <span class='ocrx_word' id='word_1_486' title='bbox 618 2163 861 2211; x_wconf 82' lang='lat' dir='ltr'>profeffionem</span> <span class='ocrx_word' id='word_1_487' title='bbox 878 2165 919 2200; x_wconf 90' lang='lat' dir='ltr'>ab</span> <span class='ocrx_word' id='word_1_488' title='bbox 934 2176 978 2201; x_wconf 91' lang='lat' dir='ltr'>eo</span> <span class='ocrx_word' id='word_1_489' title='bbox 993 2164 1137 2202; x_wconf 82' lang='lat' dir='ltr'>emiss&#39;am</span> <span class='ocrx_word' id='word_1_490' title='bbox 1149 2166 1293 2203; x_wconf 83' lang='lat' dir='ltr'>Romam</span> <span class='ocrx_word' id='word_1_491' title='bbox 1306 2164 1502 2202; x_wconf 86' lang='lat' dir='ltr'>Miffionarii</span> <span class='ocrx_word' id='word_1_492' title='bbox 1518 2164 1676 2202; x_wconf 89' lang='lat' dir='ltr'>miserunt</span> <span class='ocrx_word' id='word_1_493' title='bbox 1691 2165 1762 2202; x_wconf 71' lang='lat' dir='ltr'>&amp;c-</span> 
     </span>
    </p>

    <p class='ocr_par' dir='ltr' id='par_1_5' title="bbox 355 2212 2430 2882">
     <span class='ocr_line' id='line_1_35' title="bbox 451 2212 2422 2264; baseline 0.003 -15"><span class='ocrx_word' id='word_1_494' title='bbox 451 2215 754 2251; x_wconf 85' lang='lat' dir='ltr'>Neo-conversum</span> <span class='ocrx_word' id='word_1_495' title='bbox 770 2221 806 2248; x_wconf 91' lang='lat' dir='ltr'>ut</span> <span class='ocrx_word' id='word_1_496' title='bbox 819 2212 876 2248; x_wconf 82' lang='lat' dir='ltr'>fibi</span> <span class='ocrx_word' id='word_1_497' title='bbox 892 2213 1031 2250; x_wconf 64' lang='lat' dir='ltr'>strichen</span> <span class='ocrx_word' id='word_1_498' title='bbox 1045 2214 1256 2252; x_wconf 89' lang='lat' dir='ltr'>devincirent</span> <span class='ocrx_word' id='word_1_499' title='bbox 1268 2239 1280 2256; x_wconf 94' lang='lat'>,</span> <span class='ocrx_word' id='word_1_500' title='bbox 1309 2213 1402 2249; x_wconf 86' lang='lat' dir='ltr'>illum</span> <span class='ocrx_word' id='word_1_501' title='bbox 1414 2212 1636 2258; x_wconf 82' lang='lat' dir='ltr'>Episcopum,</span> <span class='ocrx_word' id='word_1_502' title='bbox 1662 2217 1764 2259; x_wconf 83' lang='lat' dir='ltr'>qu&#39;em</span> <span class='ocrx_word' id='word_1_503' title='bbox 1784 2213 1976 2261; x_wconf 81' lang='lat' dir='ltr'>Imperator</span> <span class='ocrx_word' id='word_1_504' title='bbox 1998 2212 2177 2263; x_wconf 80' lang='lat' dir='ltr'>AEthiopiae</span> <span class='ocrx_word' id='word_1_505' title='bbox 2201 2218 2220 2254; x_wconf 71' lang='grc' dir='ltr'><strong>ὶ</strong></span> <span class='ocrx_word' id='word_1_506' title='bbox 2231 2215 2422 2264; x_wconf 66' lang='lat' dir='ltr'>Patriamha</span> 
     </span>
     <span class='ocr_line' id='line_1_36' title="bbox 355 2261 2429 2312; baseline -0 -10"><span class='ocrx_word' id='word_1_507' title='bbox 355 2276 422 2312; x_wconf 89' lang='lat' dir='ltr'>pro</span> <span class='ocrx_word' id='word_1_508' title='bbox 435 2263 633 2301; x_wconf 85' lang='lat' dir='ltr'>reducendo</span> <span class='ocrx_word' id='word_1_509' title='bbox 646 2261 772 2308; x_wconf 89' lang='lat' dir='ltr'>antiqui</span> <span class='ocrx_word' id='word_1_510' title='bbox 787 2262 868 2297; x_wconf 71' lang='lat' dir='ltr'>ritus</span> <span class='ocrx_word' id='word_1_511' title='bbox 881 2262 1047 2299; x_wconf 86' lang='lat' dir='ltr'>schismate</span> <span class='ocrx_word' id='word_1_512' title='bbox 1061 2263 1269 2308; x_wconf 84' lang='lat' dir='ltr'>poposcerat,</span> <span class='ocrx_word' id='word_1_513' title='bbox 1286 2262 1452 2305; x_wconf 73' lang='lat' dir='ltr'>designari</span> <span class='ocrx_word' id='word_1_514' title='bbox 1468 2262 1643 2296; x_wconf 67' lang='lat' dir='ltr'>curarunt.</span> <span class='ocrx_word' id='word_1_515' title='bbox 1656 2261 2043 2308; x_wconf 81' lang='lat' dir='ltr'>SpoponditAriminius</span> <span class='ocrx_word' id='word_1_516' title='bbox 2051 2276 2117 2310; x_wconf 89' lang='lat' dir='ltr'>pro</span> <span class='ocrx_word' id='word_1_517' title='bbox 2131 2267 2310 2307; x_wconf 80' lang='lat' dir='ltr'>beneficio,</span> <span class='ocrx_word' id='word_1_518' title='bbox 2326 2273 2429 2304; x_wconf 76' lang='lat' dir='ltr'>oeter-</span> 
     </span>
     <span class='ocr_line' id='line_1_37' title="bbox 357 2308 2427 2362; baseline -0.001 -12"><span class='ocrx_word' id='word_1_519' title='bbox 357 2326 407 2350; x_wconf 82' lang='lat' dir='ltr'>nae</span> <span class='ocrx_word' id='word_1_520' title='bbox 421 2311 593 2349; x_wconf 77' lang='lat' dir='ltr'>memoria:</span> <span class='ocrx_word' id='word_1_521' title='bbox 608 2311 807 2352; x_wconf 86' lang='lat' dir='ltr'>officium,&amp;</span> <span class='ocrx_word' id='word_1_522' title='bbox 823 2310 982 2346; x_wconf 88' lang='lat' dir='ltr'>unionem</span> <span class='ocrx_word' id='word_1_523' title='bbox 996 2310 1209 2355; x_wconf 85' lang='lat' dir='ltr'>Cophtorum</span> <span class='ocrx_word' id='word_1_524' title='bbox 1223 2323 1298 2348; x_wconf 89' lang='lat' dir='ltr'>cum</span> <span class='ocrx_word' id='word_1_525' title='bbox 1310 2308 1450 2346; x_wconf 73' lang='lat' dir='ltr'>Ecclesia</span> <span class='ocrx_word' id='word_1_526' title='bbox 1467 2308 1621 2345; x_wconf 86' lang='lat' dir='ltr'>Romana</span> <span class='ocrx_word' id='word_1_527' title='bbox 1634 2309 1666 2346; x_wconf 86' lang='lat' dir='ltr'>in</span> <span class='ocrx_word' id='word_1_528' title='bbox 1680 2309 1714 2357; x_wconf 84' lang='lat' dir='ltr'>pi</span> <span class='ocrx_word' id='word_1_529' title='bbox 1740 2323 1803 2347; x_wconf 89' lang='lat' dir='ltr'>nus</span> <span class='ocrx_word' id='word_1_530' title='bbox 1817 2312 1978 2354; x_wconf 83' lang='lat' dir='ltr'>devovit.</span> <span class='ocrx_word' id='word_1_531' title='bbox 1990 2310 2108 2350; x_wconf 86' lang='lat' dir='ltr'>Homo</span> <span class='ocrx_word' id='word_1_532' title='bbox 2123 2314 2316 2362; x_wconf 73' lang='lat' dir='ltr'>proposuit,</span> <span class='ocrx_word' id='word_1_533' title='bbox 2326 2313 2427 2350; x_wconf 74' lang='lat' dir='ltr'>Deus</span> 
     </span>
     <span class='ocr_line' id='line_1_38' title="bbox 357 2322 2429 2409; baseline 0 -11"><span class='ocrx_word' id='word_1_534' title='bbox 357 2370 465 2398; x_wconf 74' lang='lat' dir='ltr'>autem</span> <span class='ocrx_word' id='word_1_535' title='bbox 479 2385 489 2401; x_wconf 94' lang='lat'>,</span> <span class='ocrx_word' id='word_1_536' title='bbox 509 2361 606 2400; x_wconf 78' lang='lat' dir='ltr'>cuiua</span> <span class='ocrx_word' id='word_1_537' title='bbox 622 2359 744 2402; x_wconf 79' lang='lat' dir='ltr'>iudicia</span> <span class='ocrx_word' id='word_1_538' title='bbox 759 2357 979 2396; x_wconf 84' lang='lat' dir='ltr'>inscrutabilia</span> <span class='ocrx_word' id='word_1_539' title='bbox 991 2359 1066 2395; x_wconf 87' lang='lat' dir='ltr'>sunt</span> <span class='ocrx_word' id='word_1_540' title='bbox 1081 2383 1093 2401; x_wconf 88' lang='lat'>,</span> <span class='ocrx_word' id='word_1_541' title='bbox 1120 2358 1219 2397; x_wconf 89' lang='lat' dir='ltr'>aliter</span> <span class='ocrx_word' id='word_1_542' title='bbox 1232 2359 1414 2405; x_wconf 86' lang='lat' dir='ltr'>disposuit,</span> <span class='ocrx_word' id='word_1_543' title='bbox 1435 2357 1603 2394; x_wconf 83' lang='lat' dir='ltr'>Ariminio</span> <span class='ocrx_word' id='word_1_544' title='bbox 1616 2368 1660 2394; x_wconf 84' lang='lat' dir='ltr'>ex</span> <span class='ocrx_word' id='word_1_545' title='bbox 1672 2322 1835 2406; x_wconf 52' lang='lat' dir='ltr'>digipuio</span> <span class='ocrx_word' id='word_1_546' title='bbox 1849 2386 1861 2403; x_wconf 95' lang='lat'>‚</span> <span class='ocrx_word' id='word_1_547' title='bbox 1885 2363 1922 2398; x_wconf 88' lang='lat'>&amp;</span> <span class='ocrx_word' id='word_1_548' title='bbox 1942 2362 2052 2409; x_wconf 80' lang='lat' dir='ltr'>amico</span> <span class='ocrx_word' id='word_1_549' title='bbox 2074 2361 2106 2398; x_wconf 91' lang='lat' dir='ltr'>in</span> <span class='ocrx_word' id='word_1_550' title='bbox 2131 2365 2279 2403; x_wconf 80' lang='lat' dir='ltr'>iuratum</span> <span class='ocrx_word' id='word_1_551' title='bbox 2293 2359 2429 2398; x_wconf 62' lang='lat' dir='ltr'>Mimo-</span> 
     </span>
     <span class='ocr_line' id='line_1_39' title="bbox 358 2407 2426 2458; baseline -0 -11"><span class='ocrx_word' id='word_1_552' title='bbox 358 2411 532 2447; x_wconf 84' lang='lat' dir='ltr'>nariorum</span> <span class='ocrx_word' id='word_1_553' title='bbox 546 2409 717 2446; x_wconf 84' lang='lat' dir='ltr'>inimicum</span> <span class='ocrx_word' id='word_1_554' title='bbox 733 2407 945 2453; x_wconf 81' lang='lat' dir='ltr'>postmodum</span> <span class='ocrx_word' id='word_1_555' title='bbox 961 2416 1091 2445; x_wconf 87' lang='lat' dir='ltr'>mutato</span> <span class='ocrx_word' id='word_1_556' title='bbox 1106 2432 1117 2443; x_wconf 90' lang='lat'><strong>.</strong></span> <span class='ocrx_word' id='word_1_557' title='bbox 1143 2409 1324 2445; x_wconf 89' lang='lat' dir='ltr'>Sciendum</span> <span class='ocrx_word' id='word_1_558' title='bbox 1340 2409 1430 2443; x_wconf 89' lang='lat' dir='ltr'>enim</span> <span class='ocrx_word' id='word_1_559' title='bbox 1443 2407 1511 2447; x_wconf 80' lang='lat' dir='ltr'>est,</span> <span class='ocrx_word' id='word_1_560' title='bbox 1536 2407 1629 2453; x_wconf 87' lang='lat' dir='ltr'>quod</span> <span class='ocrx_word' id='word_1_561' title='bbox 1644 2408 1767 2444; x_wconf 86' lang='lat' dir='ltr'>eodem</span> <span class='ocrx_word' id='word_1_562' title='bbox 1781 2418 1958 2456; x_wconf 84' lang='lat' dir='ltr'>tempore,</span> <span class='ocrx_word' id='word_1_563' title='bbox 1988 2420 2062 2458; x_wconf 82' lang='lat' dir='ltr'>quo</span> <span class='ocrx_word' id='word_1_564' title='bbox 2073 2410 2109 2448; x_wconf 84' lang='lat' dir='ltr'>hi</span> <span class='ocrx_word' id='word_1_565' title='bbox 2122 2411 2232 2449; x_wconf 82' lang='lat' dir='ltr'>cairo</span> <span class='ocrx_word' id='word_1_566' title='bbox 2256 2409 2300 2448; x_wconf 74' lang='lat' dir='ltr'>ad</span> <span class='ocrx_word' id='word_1_567' title='bbox 2313 2413 2426 2456; x_wconf 60' lang='lat' dir='ltr'>pam</span> 
     </span>
     <span class='ocr_line' id='line_1_40' title="bbox 356 2455 2429 2541; baseline 0.001 -46"><span class='ocrx_word' id='word_1_568' title='bbox 356 2457 537 2503; x_wconf 82' lang='lat' dir='ltr'>AEthiopiae</span> <span class='ocrx_word' id='word_1_569' title='bbox 561 2457 699 2494; x_wconf 81' lang='lat' dir='ltr'>transire</span> <span class='ocrx_word' id='word_1_570' title='bbox 699 2457 875 2541; x_wconf 38' lang='lat' dir='ltr'>¹‚pararunt</span> <span class='ocrx_word' id='word_1_571' title='bbox 890 2480 902 2497; x_wconf 94' lang='lat'>,</span> <span class='ocrx_word' id='word_1_572' title='bbox 927 2455 1113 2495; x_wconf 82' lang='lat' dir='ltr'>Emiffarius</span> <span class='ocrx_word' id='word_1_573' title='bbox 1126 2456 1276 2499; x_wconf 85' lang='lat' dir='ltr'>Diaboli,</span> <span class='ocrx_word' id='word_1_574' title='bbox 1290 2459 1411 2494; x_wconf 88' lang='lat' dir='ltr'>Petrus</span> <span class='ocrx_word' id='word_1_575' title='bbox 1423 2455 1559 2502; x_wconf 83' lang='lat' dir='ltr'>Hebing</span> <span class='ocrx_word' id='word_1_576' title='bbox 1571 2457 1590 2492; x_wconf 74' lang='lat' dir='ltr'>a</span> <span class='ocrx_word' id='word_1_577' title='bbox 1605 2455 1754 2494; x_wconf 83' lang='lat' dir='ltr'>Lubecca</span> <span class='ocrx_word' id='word_1_578' title='bbox 1767 2482 1779 2500; x_wconf 93' lang='lat'>,</span> <span class='ocrx_word' id='word_1_579' title='bbox 1802 2457 1961 2496; x_wconf 83' lang='lat' dir='ltr'>Saxoniae</span> <span class='ocrx_word' id='word_1_580' title='bbox 1972 2459 2121 2497; x_wconf 85' lang='lat' dir='ltr'>Civitate</span> <span class='ocrx_word' id='word_1_581' title='bbox 2138 2483 2151 2501; x_wconf 87' lang='lat'>,</span> <span class='ocrx_word' id='word_1_582' title='bbox 2175 2460 2401 2506; x_wconf 66' lang='lat' dir='ltr'>comparuerit</span> <span class='ocrx_word' id='word_1_583' title='bbox 2415 2482 2429 2500; x_wconf 68' lang='lat'><em>2</em></span> 
     </span>
     <span class='ocr_line' id='line_1_41' title="bbox 356 2498 2424 2554; baseline 0.001 -13"><span class='ocrx_word' id='word_1_584' title='bbox 356 2507 478 2554; x_wconf 72' lang='lat' dir='ltr'>peritia</span> <span class='ocrx_word' id='word_1_585' title='bbox 495 2506 684 2551; x_wconf 82' lang='lat' dir='ltr'>linguarum</span> <span class='ocrx_word' id='word_1_586' title='bbox 736 2504 897 2546; x_wconf 82' lang='lat' dir='ltr'>ebraicae,</span> <span class='ocrx_word' id='word_1_587' title='bbox 921 2504 1072 2547; x_wconf 81' lang='lat' dir='ltr'>Graecae,</span> <span class='ocrx_word' id='word_1_588' title='bbox 1104 2506 1247 2547; x_wconf 82' lang='lat' dir='ltr'>Arabae,</span> <span class='ocrx_word' id='word_1_589' title='bbox 1268 2505 1512 2552; x_wconf 84' lang='lat' dir='ltr'>&amp;AEthiopicae</span> <span class='ocrx_word' id='word_1_590' title='bbox 1526 2504 1696 2542; x_wconf 79' lang='lat' dir='ltr'>excellens</span> <span class='ocrx_word' id='word_1_591' title='bbox 1709 2531 1719 2543; x_wconf 90' lang='lat'><strong>.</strong></span> <span class='ocrx_word' id='word_1_592' title='bbox 1740 2506 1829 2548; x_wconf 86' lang='lat' dir='ltr'>Hic,</span> <span class='ocrx_word' id='word_1_593' title='bbox 1855 2516 1894 2543; x_wconf 89' lang='lat' dir='ltr'>ut</span> <span class='ocrx_word' id='word_1_594' title='bbox 1913 2508 2018 2546; x_wconf 83' lang='lat' dir='ltr'>vafrae</span> <span class='ocrx_word' id='word_1_595' title='bbox 2042 2509 2164 2544; x_wconf 82' lang='lat' dir='ltr'>mentis</span> <span class='ocrx_word' id='word_1_596' title='bbox 2185 2507 2323 2545; x_wconf 73' lang='lat' dir='ltr'>consilia</span> <span class='ocrx_word' id='word_1_597' title='bbox 2343 2498 2424 2546; x_wconf 69' lang='lat' dir='ltr'>faci-</span> 
     </span>
     <span class='ocr_line' id='line_1_42' title="bbox 358 2552 2423 2600; baseline 0 -9"><span class='ocrx_word' id='word_1_598' title='bbox 358 2556 421 2592; x_wconf 78' lang='lat' dir='ltr'>lius</span> <span class='ocrx_word' id='word_1_599' title='bbox 438 2556 562 2600; x_wconf 86' lang='lat' dir='ltr'>exequi</span> <span class='ocrx_word' id='word_1_600' title='bbox 576 2555 684 2599; x_wconf 77' lang='lat' dir='ltr'>posset</span> <span class='ocrx_word' id='word_1_601' title='bbox 697 2580 708 2596; x_wconf 92' lang='lat'>,</span> <span class='ocrx_word' id='word_1_602' title='bbox 732 2564 803 2590; x_wconf 87' lang='lat' dir='ltr'>non</span> <span class='ocrx_word' id='word_1_603' title='bbox 816 2552 924 2592; x_wconf 75' lang='lat' dir='ltr'>solum</span> <span class='ocrx_word' id='word_1_604' title='bbox 937 2565 1062 2591; x_wconf 89' lang='lat' dir='ltr'>nomen</span> <span class='ocrx_word' id='word_1_605' title='bbox 1081 2555 1176 2590; x_wconf 89' lang='lat' dir='ltr'>suum</span> <span class='ocrx_word' id='word_1_606' title='bbox 1189 2580 1202 2597; x_wconf 93' lang='lat'>‚</span> <span class='ocrx_word' id='word_1_607' title='bbox 1226 2556 1388 2600; x_wconf 79' lang='lat' dir='ltr'>assumpto</span> <span class='ocrx_word' id='word_1_608' title='bbox 1405 2554 1498 2591; x_wconf 87' lang='lat' dir='ltr'>Petri</span> <span class='ocrx_word' id='word_1_609' title='bbox 1514 2553 1642 2590; x_wconf 81' lang='lat' dir='ltr'>Leonis</span> <span class='ocrx_word' id='word_1_610' title='bbox 1656 2553 1759 2591; x_wconf 90' lang='lat' dir='ltr'>titulo</span> <span class='ocrx_word' id='word_1_611' title='bbox 1774 2555 1927 2592; x_wconf 90' lang='lat' dir='ltr'>occuluit</span> <span class='ocrx_word' id='word_1_612' title='bbox 1938 2581 1950 2597; x_wconf 88' lang='lat'>,</span> <span class='ocrx_word' id='word_1_613' title='bbox 1966 2556 2022 2593; x_wconf 90' lang='lat' dir='ltr'>sed</span> <span class='ocrx_word' id='word_1_614' title='bbox 2037 2556 2136 2593; x_wconf 89' lang='lat' dir='ltr'>etiam</span> <span class='ocrx_word' id='word_1_615' title='bbox 2156 2557 2190 2592; x_wconf 89' lang='lat' dir='ltr'>se</span> <span class='ocrx_word' id='word_1_616' title='bbox 2208 2553 2423 2600; x_wconf 79' lang='lat' dir='ltr'>Catholicum</span> 
     </span>
     <span class='ocr_line' id='line_1_43' title="bbox 357 2602 2424 2650; baseline -0.001 -10"><span class='ocrx_word' id='word_1_617' title='bbox 357 2604 478 2643; x_wconf 86' lang='lat' dir='ltr'>finxit,</span> <span class='ocrx_word' id='word_1_618' title='bbox 506 2604 541 2639; x_wconf 86' lang='lat'>&amp;</span> <span class='ocrx_word' id='word_1_619' title='bbox 564 2612 636 2640; x_wconf 89' lang='lat' dir='ltr'>arte</span> <span class='ocrx_word' id='word_1_620' title='bbox 650 2602 806 2639; x_wconf 90' lang='lat' dir='ltr'>Medicea</span> <span class='ocrx_word' id='word_1_621' title='bbox 822 2627 834 2644; x_wconf 87' lang='lat'>,</span> <span class='ocrx_word' id='word_1_622' title='bbox 858 2613 958 2649; x_wconf 87' lang='lat' dir='ltr'>quam</span> <span class='ocrx_word' id='word_1_623' title='bbox 977 2603 1134 2638; x_wconf 79' lang='lat' dir='ltr'>exercuit</span> <span class='ocrx_word' id='word_1_624' title='bbox 1153 2603 1274 2650; x_wconf 87' lang='lat' dir='ltr'>absque</span> <span class='ocrx_word' id='word_1_625' title='bbox 1288 2602 1402 2646; x_wconf 89' lang='lat' dir='ltr'>lucro,</span> <span class='ocrx_word' id='word_1_626' title='bbox 1428 2602 1522 2650; x_wconf 74' lang='lat' dir='ltr'>aeque</span> <span class='ocrx_word' id='word_1_627' title='bbox 1530 2602 1759 2642; x_wconf 75' lang='lat' dir='ltr'>Schismaticos.</span> <span class='ocrx_word' id='word_1_628' title='bbox 1773 2615 1809 2639; x_wconf 92' lang='lat' dir='ltr'>ac</span> <span class='ocrx_word' id='word_1_629' title='bbox 1825 2603 1951 2642; x_wconf 75' lang='lat' dir='ltr'>&#39;rurcas</span> <span class='ocrx_word' id='word_1_630' title='bbox 1967 2629 1979 2646; x_wconf 92' lang='lat'>,</span> <span class='ocrx_word' id='word_1_631' title='bbox 2004 2605 2062 2641; x_wconf 74' lang='lat' dir='ltr'>sibi</span> <span class='ocrx_word' id='word_1_632' title='bbox 2088 2606 2233 2641; x_wconf 88' lang='lat' dir='ltr'>reddidit</span> <span class='ocrx_word' id='word_1_633' title='bbox 2248 2606 2395 2649; x_wconf 72' lang='lat' dir='ltr'>devotos</span> <span class='ocrx_word' id='word_1_634' title='bbox 2413 2628 2424 2638; x_wconf 88' lang='lat'><strong>.</strong></span> 
     </span>
     <span class='ocr_line' id='line_1_44' title="bbox 358 2650 2425 2698; baseline 0 -10"><span class='ocrx_word' id='word_1_635' title='bbox 358 2653 549 2688; x_wconf 66' lang='lat' dir='ltr'>Dofiorem</span> <span class='ocrx_word' id='word_1_636' title='bbox 565 2653 652 2687; x_wconf 88' lang='lat' dir='ltr'>hunc</span> <span class='ocrx_word' id='word_1_637' title='bbox 667 2651 758 2687; x_wconf 81' lang='lat' dir='ltr'>for&#39;as</span> <span class='ocrx_word' id='word_1_638' title='bbox 770 2650 862 2696; x_wconf 89' lang='lat' dir='ltr'>pelle</span> <span class='ocrx_word' id='word_1_639' title='bbox 873 2651 975 2688; x_wconf 89' lang='lat' dir='ltr'>ovina</span> <span class='ocrx_word' id='word_1_640' title='bbox 987 2653 1115 2689; x_wconf 65' lang='lat' dir='ltr'>testum</span> <span class='ocrx_word' id='word_1_641' title='bbox 1126 2676 1137 2692; x_wconf 95' lang='lat'>,</span> <span class='ocrx_word' id='word_1_642' title='bbox 1163 2652 1251 2687; x_wconf 76' lang='lat' dir='ltr'>intus</span> <span class='ocrx_word' id='word_1_643' title='bbox 1262 2654 1396 2698; x_wconf 90' lang='lat' dir='ltr'>Lupum</span> <span class='ocrx_word' id='word_1_644' title='bbox 1409 2653 1473 2688; x_wconf 83' lang='lat' dir='ltr'>effe</span> <span class='ocrx_word' id='word_1_645' title='bbox 1487 2663 1649 2698; x_wconf 84' lang='lat' dir='ltr'>rapacem,</span> <span class='ocrx_word' id='word_1_646' title='bbox 1661 2651 1728 2689; x_wconf 83' lang='lat' dir='ltr'>PP.</span> <span class='ocrx_word' id='word_1_647' title='bbox 1739 2653 1938 2691; x_wconf 82' lang='lat' dir='ltr'>Miffionarii</span> <span class='ocrx_word' id='word_1_648' title='bbox 1960 2652 2056 2691; x_wconf 80' lang='lat' dir='ltr'>illico</span> <span class='ocrx_word' id='word_1_649' title='bbox 2081 2654 2299 2690; x_wconf 80' lang='lat' dir='ltr'>adverterunt</span> <span class='ocrx_word' id='word_1_650' title='bbox 2313 2665 2325 2695; x_wconf 72' lang='grc' dir='ltr'>ς</span> <span class='ocrx_word' id='word_1_651' title='bbox 2347 2653 2425 2691; x_wconf 79' lang='lat' dir='ltr'>binc</span> 
     </span>
     <span class='ocr_line' id='line_1_45' title="bbox 365 2699 2430 2750; baseline 0.001 -15"><span class='ocrx_word' id='word_1_652' title='bbox 365 2702 401 2738; x_wconf 90' lang='lat'>&amp;</span> <span class='ocrx_word' id='word_1_653' title='bbox 414 2699 502 2736; x_wconf 90' lang='lat' dir='ltr'>illius</span> <span class='ocrx_word' id='word_1_654' title='bbox 515 2699 680 2735; x_wconf 70' lang='lat' dir='ltr'>doctrinae</span> <span class='ocrx_word' id='word_1_655' title='bbox 696 2699 903 2744; x_wconf 88' lang='lat' dir='ltr'>Sophismata</span> <span class='ocrx_word' id='word_1_656' title='bbox 915 2725 926 2742; x_wconf 89' lang='lat'>‚</span> <span class='ocrx_word' id='word_1_657' title='bbox 953 2699 1182 2747; x_wconf 87' lang='lat' dir='ltr'>larvatamque</span> <span class='ocrx_word' id='word_1_658' title='bbox 1207 2702 1364 2746; x_wconf 87' lang='lat' dir='ltr'>pietatem</span> <span class='ocrx_word' id='word_1_659' title='bbox 1378 2703 1421 2738; x_wconf 89' lang='lat' dir='ltr'>ita</span> <span class='ocrx_word' id='word_1_660' title='bbox 1436 2701 1677 2748; x_wconf 61' lang='lat' dir='ltr'>impugnarunt</span> <span class='ocrx_word' id='word_1_661' title='bbox 1691 2725 1702 2741; x_wconf 91' lang='lat'>‚</span> <span class='ocrx_word' id='word_1_662' title='bbox 1727 2711 1764 2738; x_wconf 91' lang='lat' dir='ltr'>ut</span> <span class='ocrx_word' id='word_1_663' title='bbox 1776 2713 1840 2739; x_wconf 89' lang='lat' dir='ltr'>nec</span> <span class='ocrx_word' id='word_1_664' title='bbox 1853 2703 1972 2739; x_wconf 83' lang='lat' dir='ltr'>unicus</span> <span class='ocrx_word' id='word_1_665' title='bbox 1988 2703 2035 2739; x_wconf 85' lang='lat' dir='ltr'>illi</span> <span class='ocrx_word' id='word_1_666' title='bbox 2049 2703 2235 2740; x_wconf 82' lang='lat' dir='ltr'>adhaereret</span> <span class='ocrx_word' id='word_1_667' title='bbox 2252 2726 2264 2737; x_wconf 87' lang='lat'><strong>.</strong></span> <span class='ocrx_word' id='word_1_668' title='bbox 2287 2701 2430 2750; x_wconf 60' lang='lat' dir='ltr'>Spar-sst-</span> 
     </span>
     <span class='ocr_line' id='line_1_46' title="bbox 359 2747 2424 2798; baseline 0 -14"><span class='ocrx_word' id='word_1_669' title='bbox 359 2759 418 2785; x_wconf 75' lang='lat' dir='ltr'>rus</span> <span class='ocrx_word' id='word_1_670' title='bbox 432 2749 507 2784; x_wconf 91' lang='lat' dir='ltr'>inde</span> <span class='ocrx_word' id='word_1_671' title='bbox 521 2747 630 2783; x_wconf 88' lang='lat' dir='ltr'>semen</span> <span class='ocrx_word' id='word_1_672' title='bbox 646 2747 805 2793; x_wconf 85' lang='lat' dir='ltr'>nequitiae</span> <span class='ocrx_word' id='word_1_673' title='bbox 824 2770 837 2787; x_wconf 95' lang='lat'>,</span> <span class='ocrx_word' id='word_1_674' title='bbox 853 2747 1058 2793; x_wconf 84' lang='lat' dir='ltr'>AEthiopiam</span> <span class='ocrx_word' id='word_1_675' title='bbox 1069 2751 1186 2786; x_wconf 78' lang='lat' dir='ltr'>versus</span> <span class='ocrx_word' id='word_1_676' title='bbox 1201 2750 1265 2786; x_wconf 91' lang='lat' dir='ltr'>iter</span> <span class='ocrx_word' id='word_1_677' title='bbox 1277 2748 1420 2795; x_wconf 87' lang='lat' dir='ltr'>arripuit</span> <span class='ocrx_word' id='word_1_678' title='bbox 1433 2762 1444 2791; x_wconf 92' lang='lat'>;</span> <span class='ocrx_word' id='word_1_679' title='bbox 1470 2759 1500 2786; x_wconf 85' lang='lat' dir='ltr'>at</span> <span class='ocrx_word' id='word_1_680' title='bbox 1512 2752 1639 2786; x_wconf 71' lang='lat' dir='ltr'>tantum</span> <span class='ocrx_word' id='word_1_681' title='bbox 1652 2750 1847 2788; x_wconf 83' lang='lat' dir='ltr'>Miffionarii</span> <span class='ocrx_word' id='word_1_682' title='bbox 1861 2754 1950 2797; x_wconf 85' lang='lat' dir='ltr'>apud</span> <span class='ocrx_word' id='word_1_683' title='bbox 1964 2751 2136 2798; x_wconf 80' lang='lat' dir='ltr'>Principes</span> <span class='ocrx_word' id='word_1_684' title='bbox 2148 2751 2294 2788; x_wconf 78' lang='lat' dir='ltr'>effecere</span> <span class='ocrx_word' id='word_1_685' title='bbox 2305 2774 2317 2793; x_wconf 87' lang='lat'>,</span> <span class='ocrx_word' id='word_1_686' title='bbox 2341 2759 2377 2786; x_wconf 83' lang='lat' dir='ltr'>ut</span> <span class='ocrx_word' id='word_1_687' title='bbox 2389 2750 2424 2786; x_wconf 78' lang='lat' dir='ltr'>In</span> 
     </span>
     <span class='ocr_line' id='line_1_47' title="bbox 362 2795 2423 2882; baseline 0.001 -50"><span class='ocrx_word' id='word_1_688' title='bbox 362 2797 552 2882; x_wconf 40' lang='lat' dir='ltr'>5333?me</span> <span class='ocrx_word' id='word_1_689' title='bbox 567 2795 678 2834; x_wconf 86' lang='lat' dir='ltr'>redire</span> <span class='ocrx_word' id='word_1_690' title='bbox 692 2803 885 2843; x_wconf 86' lang='lat' dir='ltr'>cogeretur.</span> <span class='ocrx_word' id='word_1_691' title='bbox 911 2795 1015 2834; x_wconf 90' lang='lat' dir='ltr'>Aliud</span> <span class='ocrx_word' id='word_1_692' title='bbox 1026 2802 1094 2843; x_wconf 73' lang='lat' dir='ltr'>iam</span> <span class='ocrx_word' id='word_1_693' title='bbox 1105 2798 1198 2835; x_wconf 87' lang='lat' dir='ltr'>Cairi</span> <span class='ocrx_word' id='word_1_694' title='bbox 1214 2800 1320 2837; x_wconf 82' lang='lat' dir='ltr'>redux</span> <span class='ocrx_word' id='word_1_695' title='bbox 1334 2811 1402 2835; x_wconf 91' lang='lat' dir='ltr'>non</span> <span class='ocrx_word' id='word_1_696' title='bbox 1417 2799 1550 2845; x_wconf 83' lang='lat' dir='ltr'>spiravit</span> <span class='ocrx_word' id='word_1_697' title='bbox 1563 2799 1774 2837; x_wconf 82' lang='lat' dir='ltr'>Lutheranus</span> <span class='ocrx_word' id='word_1_698' title='bbox 1786 2823 1798 2840; x_wconf 88' lang='lat'>‚</span> <span class='ocrx_word' id='word_1_699' title='bbox 1821 2801 1926 2847; x_wconf 72' lang='lat' dir='ltr'>quam</span> <span class='ocrx_word' id='word_1_700' title='bbox 1949 2800 2052 2838; x_wconf 83' lang='lat' dir='ltr'>minas</span> <span class='ocrx_word' id='word_1_701' title='bbox 2077 2802 2114 2836; x_wconf 86' lang='lat'>&amp;</span> <span class='ocrx_word' id='word_1_702' title='bbox 2137 2799 2319 2837; x_wconf 67' lang='lat' dir='ltr'>vindifiam</span> <span class='ocrx_word' id='word_1_703' title='bbox 2347 2799 2423 2835; x_wconf 58' lang='lat' dir='ltr'>in.»</span> 
     </span>
    </p>

    <p class='ocr_par' dir='ltr' id='par_1_6' title="bbox 405 2857 615 2881">
     <span class='ocr_line' id='line_1_48' title="bbox 405 2857 615 2881; baseline -0.005 0"><span class='ocrx_word' id='word_1_704' title='bbox 405 2858 413 2881; x_wconf 90' lang='grc' dir='ltr'><strong><em>ι</em></strong></span> <span class='ocrx_word' id='word_1_705' title='bbox 456 2857 591 2881; x_wconf 80' lang='lat' dir='ltr'>onarios</span> <span class='ocrx_word' id='word_1_706' title='bbox 605 2869 615 2880; x_wconf 87' lang='lat'>.</span> 
     </span>
    </p>

    <p class='ocr_par' dir='ltr' id='par_1_7' title="bbox 360 2889 2427 3576">
     <span class='ocr_line' id='line_1_49' title="bbox 460 2889 2424 2945; baseline 0.001 -15"><span class='ocrx_word' id='word_1_707' title='bbox 460 2894 541 2930; x_wconf 90' lang='lat' dir='ltr'>Inde</span> <span class='ocrx_word' id='word_1_708' title='bbox 556 2893 758 2932; x_wconf 87' lang='lat' dir='ltr'>Ariminium</span> <span class='ocrx_word' id='word_1_709' title='bbox 772 2893 790 2930; x_wconf 77' lang='grc' dir='ltr'>Ξι</span> <span class='ocrx_word' id='word_1_710' title='bbox 802 2896 1023 2943; x_wconf 88' lang='lat' dir='ltr'>Cophtorum</span> <span class='ocrx_word' id='word_1_711' title='bbox 1035 2895 1226 2934; x_wconf 75' lang='lat' dir='ltr'>patriarcha</span> <span class='ocrx_word' id='word_1_712' title='bbox 1236 2922 1247 2940; x_wconf 95' lang='lat'>,</span> <span class='ocrx_word' id='word_1_713' title='bbox 1274 2896 1306 2932; x_wconf 93' lang='lat' dir='ltr'>in</span> <span class='ocrx_word' id='word_1_714' title='bbox 1319 2895 1519 2941; x_wconf 86' lang='lat' dir='ltr'>AEthiopiam</span> <span class='ocrx_word' id='word_1_715' title='bbox 1535 2907 1594 2931; x_wconf 90' lang='lat' dir='ltr'>ceu</span> <span class='ocrx_word' id='word_1_716' title='bbox 1616 2896 1817 2942; x_wconf 85' lang='lat' dir='ltr'>Episcopum</span> <span class='ocrx_word' id='word_1_717' title='bbox 1831 2897 1991 2942; x_wconf 84' lang='lat' dir='ltr'>ablegari,</span> <span class='ocrx_word' id='word_1_718' title='bbox 2007 2903 2151 2945; x_wconf 83' lang='lat' dir='ltr'>eumque</span> <span class='ocrx_word' id='word_1_719' title='bbox 2173 2896 2191 2932; x_wconf 69' lang='lat' dir='ltr'>a</span> <span class='ocrx_word' id='word_1_720' title='bbox 2205 2889 2424 2934; x_wconf 76' lang='lat' dir='ltr'>Miffio&#39;nariia</span> 
     </span>
     <span class='ocr_line' id='line_1_50' title="bbox 362 2941 2427 2991; baseline 0.001 -13"><span class='ocrx_word' id='word_1_721' title='bbox 362 2951 433 2978; x_wconf 86' lang='lat' dir='ltr'>tum</span> <span class='ocrx_word' id='word_1_722' title='bbox 445 2944 490 2979; x_wconf 92' lang='lat' dir='ltr'>ob</span> <span class='ocrx_word' id='word_1_723' title='bbox 508 2941 664 2979; x_wconf 89' lang='lat' dir='ltr'>locorum</span> <span class='ocrx_word' id='word_1_724' title='bbox 679 2942 860 2980; x_wconf 80' lang='lat' dir='ltr'>distantiam</span> <span class='ocrx_word' id='word_1_725' title='bbox 874 2971 885 2987; x_wconf 91' lang='lat'>‚</span> <span class='ocrx_word' id='word_1_726' title='bbox 912 2954 980 2980; x_wconf 90' lang='lat' dir='ltr'>tum</span> <span class='ocrx_word' id='word_1_727' title='bbox 995 2946 1042 2981; x_wconf 90' lang='lat' dir='ltr'>ob</span> <span class='ocrx_word' id='word_1_728' title='bbox 1058 2945 1234 2982; x_wconf 88' lang='lat' dir='ltr'>Sociorum</span> <span class='ocrx_word' id='word_1_729' title='bbox 1247 2944 1416 2981; x_wconf 64' lang='lat' dir='ltr'>defectum</span> <span class='ocrx_word' id='word_1_730' title='bbox 1430 2945 1544 2981; x_wconf 84' lang='lat' dir='ltr'>sociari</span> <span class='ocrx_word' id='word_1_731' title='bbox 1559 2955 1627 2980; x_wconf 93' lang='lat' dir='ltr'>non</span> <span class='ocrx_word' id='word_1_732' title='bbox 1643 2946 1732 2990; x_wconf 83' lang='lat' dir='ltr'>poffe</span> <span class='ocrx_word' id='word_1_733' title='bbox 1746 2945 1850 2982; x_wconf 88' lang='lat' dir='ltr'>sciens</span> <span class='ocrx_word' id='word_1_734' title='bbox 1860 2970 1871 2986; x_wconf 92' lang='lat'>,</span> <span class='ocrx_word' id='word_1_735' title='bbox 1896 2947 1930 2982; x_wconf 91' lang='lat' dir='ltr'>se</span> <span class='ocrx_word' id='word_1_736' title='bbox 1944 2946 2093 2984; x_wconf 84' lang='lat' dir='ltr'>Praelato</span> <span class='ocrx_word' id='word_1_737' title='bbox 2103 2948 2274 2991; x_wconf 69' lang='lat' dir='ltr'>jungere,</span> <span class='ocrx_word' id='word_1_738' title='bbox 2298 2946 2334 2982; x_wconf 86' lang='lat'>&amp;</span> <span class='ocrx_word' id='word_1_739' title='bbox 2350 2946 2427 2980; x_wconf 56' lang='lat' dir='ltr'>inu</span> 
     </span>
     <span class='ocr_line' id='line_1_51' title="bbox 360 2990 2425 3044; baseline 0.001 -18"><span class='ocrx_word' id='word_1_740' title='bbox 360 2990 416 3026; x_wconf 84' lang='lat' dir='ltr'>via</span> <span class='ocrx_word' id='word_1_741' title='bbox 432 3002 495 3026; x_wconf 90' lang='lat' dir='ltr'>cor</span> <span class='ocrx_word' id='word_1_742' title='bbox 505 2994 581 3044; x_wconf 63' lang='lat' dir='ltr'>eius</span> <span class='ocrx_word' id='word_1_743' title='bbox 595 2993 614 3027; x_wconf 72' lang='lat' dir='ltr'>’a</span> <span class='ocrx_word' id='word_1_744' title='bbox 629 2999 797 3038; x_wconf 91' lang='lat' dir='ltr'>concepto</span> <span class='ocrx_word' id='word_1_745' title='bbox 808 2992 961 3030; x_wconf 87' lang='lat' dir='ltr'>Relionis</span> <span class='ocrx_word' id='word_1_746' title='bbox 975 2993 1162 3030; x_wconf 84' lang='lat' dir='ltr'>Catholicae</span> <span class='ocrx_word' id='word_1_747' title='bbox 1173 3006 1289 3031; x_wconf 90' lang='lat' dir='ltr'>amore</span> <span class='ocrx_word' id='word_1_748' title='bbox 1308 3003 1463 3030; x_wconf 86' lang='lat' dir='ltr'>avertere</span> <span class='ocrx_word' id='word_1_749' title='bbox 1474 2995 1583 3031; x_wconf 85' lang='lat' dir='ltr'>statuit</span> <span class='ocrx_word' id='word_1_750' title='bbox 1598 3016 1609 3028; x_wconf 83' lang='lat'><strong>.</strong></span> <span class='ocrx_word' id='word_1_751' title='bbox 1635 2994 1737 3030; x_wconf 88' lang='lat' dir='ltr'>Hunc</span> <span class='ocrx_word' id='word_1_752' title='bbox 1760 2995 1791 3030; x_wconf 88' lang='lat' dir='ltr'>in</span> <span class='ocrx_word' id='word_1_753' title='bbox 1806 2994 1907 3030; x_wconf 85' lang='lat' dir='ltr'>finem</span> <span class='ocrx_word' id='word_1_754' title='bbox 1922 2996 1954 3031; x_wconf 90' lang='lat' dir='ltr'>in</span> <span class='ocrx_word' id='word_1_755' title='bbox 1965 2996 1999 3030; x_wconf 84' lang='lat' dir='ltr'>S.</span> <span class='ocrx_word' id='word_1_756' title='bbox 2013 2994 2175 3031; x_wconf 87' lang='lat' dir='ltr'>Macharii</span> <span class='ocrx_word' id='word_1_757' title='bbox 2189 2992 2425 3034; x_wconf 74' lang='lat' dir='ltr'>Monasterio,</span> 
     </span>
     <span class='ocr_line' id='line_1_52' title="bbox 364 3038 2425 3088; baseline 0.003 -14"><span class='ocrx_word' id='word_1_758' title='bbox 364 3039 460 3086; x_wconf 92' lang='lat' dir='ltr'>quod</span> <span class='ocrx_word' id='word_1_759' title='bbox 475 3038 581 3074; x_wconf 81' lang='lat' dir='ltr'>Calro</span> <span class='ocrx_word' id='word_1_760' title='bbox 598 3039 719 3083; x_wconf 87' lang='lat' dir='ltr'>viginti</span> <span class='ocrx_word' id='word_1_761' title='bbox 737 3041 857 3078; x_wconf 84' lang='lat' dir='ltr'>incirca</span> <span class='ocrx_word' id='word_1_762' title='bbox 876 3042 981 3078; x_wconf 89' lang='lat' dir='ltr'>leucis</span> <span class='ocrx_word' id='word_1_763' title='bbox 1004 3043 1098 3078; x_wconf 80' lang='lat' dir='ltr'>distat</span> <span class='ocrx_word' id='word_1_764' title='bbox 1111 3066 1123 3084; x_wconf 92' lang='lat'>,</span> <span class='ocrx_word' id='word_1_765' title='bbox 1151 3043 1229 3078; x_wconf 87' lang='lat' dir='ltr'>&amp;in</span> <span class='ocrx_word' id='word_1_766' title='bbox 1243 3053 1314 3088; x_wconf 92' lang='lat' dir='ltr'>quo</span> <span class='ocrx_word' id='word_1_767' title='bbox 1327 3042 1518 3081; x_wconf 81' lang='lat' dir='ltr'>Patriarcha</span> <span class='ocrx_word' id='word_1_768' title='bbox 1530 3043 1679 3080; x_wconf 80' lang='lat' dir='ltr'>refidere</span> <span class='ocrx_word' id='word_1_769' title='bbox 1692 3041 1777 3079; x_wconf 85' lang='lat' dir='ltr'>solet</span> <span class='ocrx_word' id='word_1_770' title='bbox 1792 3067 1805 3084; x_wconf 78' lang='lat'>,</span> <span class='ocrx_word' id='word_1_771' title='bbox 1828 3043 2218 3083; x_wconf 76' lang='lat' dir='ltr'>HabitumMonanicum</span> <span class='ocrx_word' id='word_1_772' title='bbox 2231 3042 2373 3085; x_wconf 74' lang='lat' dir='ltr'>induit„</span> <span class='ocrx_word' id='word_1_773' title='bbox 2387 3043 2425 3080; x_wconf 70' lang='lat' dir='ltr'>Bt</span> 
     </span>
     <span class='ocr_line' id='line_1_53' title="bbox 365 3086 2423 3147; baseline 0.002 -24"><span class='ocrx_word' id='word_1_774' title='bbox 365 3089 461 3142; x_wconf 60' lang='lat' dir='ltr'>iuxta</span> <span class='ocrx_word' id='word_1_775' title='bbox 474 3086 691 3130; x_wconf 87' lang='lat' dir='ltr'>Cophtorum</span> <span class='ocrx_word' id='word_1_776' title='bbox 709 3090 808 3125; x_wconf 82' lang='lat' dir='ltr'>ritum</span> <span class='ocrx_word' id='word_1_777' title='bbox 823 3115 834 3131; x_wconf 95' lang='lat'>,</span> <span class='ocrx_word' id='word_1_778' title='bbox 858 3091 916 3127; x_wconf 88' lang='lat' dir='ltr'>suo</span> <span class='ocrx_word' id='word_1_779' title='bbox 930 3091 1091 3137; x_wconf 86' lang='lat' dir='ltr'>baptismo</span> <span class='ocrx_word' id='word_1_780' title='bbox 1104 3091 1383 3127; x_wconf 76' lang='lat' dir='ltr'>circumcisionem</span> <span class='ocrx_word' id='word_1_781' title='bbox 1399 3093 1577 3135; x_wconf 82' lang='lat' dir='ltr'>conjunxit</span> <span class='ocrx_word' id='word_1_782' title='bbox 1590 3116 1600 3127; x_wconf 87' lang='lat'><strong>.</strong></span> <span class='ocrx_word' id='word_1_783' title='bbox 1627 3092 1753 3138; x_wconf 89' lang='lat' dir='ltr'>Rapuit</span> <span class='ocrx_word' id='word_1_784' title='bbox 1767 3093 1866 3147; x_wconf 76' lang='lat' dir='ltr'>ipsius</span> <span class='ocrx_word' id='word_1_785' title='bbox 1876 3093 2090 3128; x_wconf 83' lang='lat' dir='ltr'>conversatio</span> <span class='ocrx_word' id='word_1_786' title='bbox 2103 3115 2114 3131; x_wconf 85' lang='lat'><em>‚</em></span> <span class='ocrx_word' id='word_1_787' title='bbox 2139 3090 2214 3127; x_wconf 63' lang='lat' dir='ltr'>ficia</span> <span class='ocrx_word' id='word_1_788' title='bbox 2227 3091 2348 3136; x_wconf 81' lang='lat' dir='ltr'>pietate</span> <span class='ocrx_word' id='word_1_789' title='bbox 2362 3091 2423 3128; x_wconf 82' lang='lat' dir='ltr'>de-</span> 
     </span>
     <span class='ocr_line' id='line_1_54' title="bbox 362 3134 2422 3182; baseline 0.002 -10"><span class='ocrx_word' id='word_1_790' title='bbox 362 3136 468 3172; x_wconf 73' lang='lat' dir='ltr'>libuta</span> <span class='ocrx_word' id='word_1_791' title='bbox 489 3157 499 3174; x_wconf 84' lang='lat'>‚</span> <span class='ocrx_word' id='word_1_792' title='bbox 526 3134 714 3171; x_wconf 86' lang='lat' dir='ltr'>Monachos</span> <span class='ocrx_word' id='word_1_793' title='bbox 725 3138 756 3173; x_wconf 93' lang='lat' dir='ltr'>in</span> <span class='ocrx_word' id='word_1_794' title='bbox 769 3138 1046 3182; x_wconf 85' lang='lat' dir='ltr'>admirationem,</span> <span class='ocrx_word' id='word_1_795' title='bbox 1071 3142 1106 3178; x_wconf 82' lang='lat'>&amp;</span> <span class='ocrx_word' id='word_1_796' title='bbox 1124 3139 1348 3176; x_wconf 88' lang='lat' dir='ltr'>Patriarcham</span> <span class='ocrx_word' id='word_1_797' title='bbox 1359 3140 1402 3176; x_wconf 88' lang='lat' dir='ltr'>ita</span> <span class='ocrx_word' id='word_1_798' title='bbox 1417 3140 1604 3182; x_wconf 74' lang='lat' dir='ltr'>fascinavit,</span> <span class='ocrx_word' id='word_1_799' title='bbox 1631 3150 1666 3175; x_wconf 92' lang='lat' dir='ltr'>ut</span> <span class='ocrx_word' id='word_1_800' title='bbox 1679 3141 1847 3175; x_wconf 78' lang='lat' dir='ltr'>Ariminio</span> <span class='ocrx_word' id='word_1_801' title='bbox 1862 3139 1988 3175; x_wconf 89' lang='lat' dir='ltr'>itineris</span> <span class='ocrx_word' id='word_1_802' title='bbox 1998 3139 2119 3175; x_wconf 87' lang='lat' dir='ltr'>socium</span> <span class='ocrx_word' id='word_1_803' title='bbox 2132 3150 2212 3174; x_wconf 85' lang='lat' dir='ltr'>eum</span> <span class='ocrx_word' id='word_1_804' title='bbox 2224 3136 2374 3181; x_wconf 64' lang='lat' dir='ltr'>dictaret,</span> <span class='ocrx_word' id='word_1_805' title='bbox 2386 3136 2422 3176; x_wconf 70' lang='grc' dir='ltr'>δι</span> 
     </span>
     <span class='ocr_line' id='line_1_55' title="bbox 363 3180 2423 3237; baseline 0.002 -17"><span class='ocrx_word' id='word_1_806' title='bbox 363 3183 482 3220; x_wconf 89' lang='lat' dir='ltr'>litteris</span> <span class='ocrx_word' id='word_1_807' title='bbox 505 3180 702 3237; x_wconf 74' lang='lat' dir='ltr'>Imperatori</span> <span class='ocrx_word' id='word_1_808' title='bbox 716 3186 900 3231; x_wconf 84' lang='lat' dir='ltr'>Abyffino,</span> <span class='ocrx_word' id='word_1_809' title='bbox 926 3189 1145 3236; x_wconf 80' lang='lat' dir='ltr'>eiusdemque</span> <span class='ocrx_word' id='word_1_810' title='bbox 1160 3187 1317 3225; x_wconf 81' lang='lat' dir='ltr'>Ministris</span> <span class='ocrx_word' id='word_1_811' title='bbox 1332 3189 1608 3225; x_wconf 87' lang='lat' dir='ltr'>commendaret.</span> <span class='ocrx_word' id='word_1_812' title='bbox 1635 3189 1854 3225; x_wconf 71' lang='lat' dir='ltr'>Renovdrunt</span> <span class='ocrx_word' id='word_1_813' title='bbox 1877 3188 2012 3234; x_wconf 87' lang='lat' dir='ltr'>quidem</span> <span class='ocrx_word' id='word_1_814' title='bbox 2035 3186 2103 3223; x_wconf 87' lang='grc' dir='ltr'>ΡΡ.</span> <span class='ocrx_word' id='word_1_815' title='bbox 2121 3187 2318 3224; x_wconf 81' lang='lat' dir='ltr'>MisiionarIi</span> <span class='ocrx_word' id='word_1_816' title='bbox 2345 3199 2423 3225; x_wconf 85' lang='lat' dir='ltr'>cum</span> 
     </span>
     <span class='ocr_line' id='line_1_56' title="bbox 362 3230 2423 3285; baseline 0.003 -18"><span class='ocrx_word' id='word_1_817' title='bbox 362 3231 532 3278; x_wconf 81' lang='lat' dir='ltr'>Episcopo</span> <span class='ocrx_word' id='word_1_818' title='bbox 548 3238 622 3266; x_wconf 89' lang='lat' dir='ltr'>ante</span> <span class='ocrx_word' id='word_1_819' title='bbox 649 3230 817 3268; x_wconf 77' lang='lat' dir='ltr'>disceffum</span> <span class='ocrx_word' id='word_1_820' title='bbox 829 3235 954 3271; x_wconf 88' lang='lat' dir='ltr'>sacrum</span> <span class='ocrx_word' id='word_1_821' title='bbox 973 3238 1121 3275; x_wconf 64' lang='lat' dir='ltr'>amicitiae</span> <span class='ocrx_word' id='word_1_822' title='bbox 1133 3236 1241 3274; x_wconf 83' lang='lat' dir='ltr'>foedus</span> <span class='ocrx_word' id='word_1_823' title='bbox 1254 3262 1265 3280; x_wconf 93' lang='lat'>‚</span> <span class='ocrx_word' id='word_1_824' title='bbox 1290 3239 1326 3275; x_wconf 76' lang='grc' dir='ltr'>δε</span> <span class='ocrx_word' id='word_1_825' title='bbox 1341 3237 1485 3284; x_wconf 84' lang='lat' dir='ltr'>gloriam</span> <span class='ocrx_word' id='word_1_826' title='bbox 1506 3262 1516 3278; x_wconf 88' lang='lat'>‚</span> <span class='ocrx_word' id='word_1_827' title='bbox 1531 3248 1608 3285; x_wconf 83' lang='lat' dir='ltr'>quae</span> <span class='ocrx_word' id='word_1_828' title='bbox 1620 3235 1667 3272; x_wconf 89' lang='lat' dir='ltr'>sui</span> <span class='ocrx_word' id='word_1_829' title='bbox 1681 3236 1804 3273; x_wconf 85' lang='lat' dir='ltr'>laboris</span> <span class='ocrx_word' id='word_1_830' title='bbox 1815 3235 1956 3272; x_wconf 87' lang='lat' dir='ltr'>deberet</span> <span class='ocrx_word' id='word_1_831' title='bbox 1967 3237 2032 3272; x_wconf 77' lang='lat' dir='ltr'>effe</span> <span class='ocrx_word' id='word_1_832' title='bbox 2046 3235 2175 3272; x_wconf 61' lang='lat' dir='ltr'>fruetus</span> <span class='ocrx_word' id='word_1_833' title='bbox 2190 3236 2224 3272; x_wconf 74' lang='grc' dir='ltr'>ἃ</span> <span class='ocrx_word' id='word_1_834' title='bbox 2239 3237 2423 3281; x_wconf 78' lang='lat' dir='ltr'>praemium.</span> 
     </span>
     <span class='ocr_line' id='line_1_57' title="bbox 363 3279 2425 3332; baseline 0.002 -14"><span class='ocrx_word' id='word_1_835' title='bbox 363 3279 599 3318; x_wconf 88' lang='lat' dir='ltr'>obstetricante</span> <span class='ocrx_word' id='word_1_836' title='bbox 614 3279 710 3321; x_wconf 77' lang='lat' dir='ltr'>hujus</span> <span class='ocrx_word' id='word_1_837' title='bbox 728 3283 833 3326; x_wconf 65' lang='lat' dir='ltr'>opera</span> <span class='ocrx_word' id='word_1_838' title='bbox 849 3306 862 3323; x_wconf 92' lang='lat'>,</span> <span class='ocrx_word' id='word_1_839' title='bbox 886 3283 1028 3323; x_wconf 88' lang='lat' dir='ltr'>vicinam</span> <span class='ocrx_word' id='word_1_840' title='bbox 1041 3285 1257 3323; x_wconf 87' lang='lat' dir='ltr'>crediderunt</span> <span class='ocrx_word' id='word_1_841' title='bbox 1271 3311 1282 3328; x_wconf 91' lang='lat'>,</span> <span class='ocrx_word' id='word_1_842' title='bbox 1306 3287 1445 3322; x_wconf 87' lang='lat' dir='ltr'>Petrum</span> <span class='ocrx_word' id='word_1_843' title='bbox 1456 3311 1467 3327; x_wconf 85' lang='lat'>‚</span> <span class='ocrx_word' id='word_1_844' title='bbox 1491 3297 1592 3332; x_wconf 89' lang='lat' dir='ltr'>quem</span> <span class='ocrx_word' id='word_1_845' title='bbox 1608 3285 1716 3321; x_wconf 89' lang='lat' dir='ltr'>Cairo</span> <span class='ocrx_word' id='word_1_846' title='bbox 1727 3283 1923 3332; x_wconf 78' lang='lat' dir='ltr'>elongatum</span> <span class='ocrx_word' id='word_1_847' title='bbox 1937 3285 2092 3330; x_wconf 72' lang='lat' dir='ltr'>putarunt</span> <span class='ocrx_word' id='word_1_848' title='bbox 2104 3309 2116 3326; x_wconf 92' lang='lat'><strong><em>‚</em></strong></span> <span class='ocrx_word' id='word_1_849' title='bbox 2141 3284 2271 3322; x_wconf 84' lang='lat' dir='ltr'>itineris</span> <span class='ocrx_word' id='word_1_850' title='bbox 2296 3286 2340 3322; x_wconf 88' lang='lat' dir='ltr'>sui</span> <span class='ocrx_word' id='word_1_851' title='bbox 2367 3294 2425 3323; x_wconf 79' lang='lat' dir='ltr'>co·</span> 
     </span>
     <span class='ocr_line' id='line_1_58' title="bbox 360 3327 2425 3382; baseline -0.002 -6"><span class='ocrx_word' id='word_1_852' title='bbox 360 3329 477 3365; x_wconf 66' lang='lat' dir='ltr'>mstem</span> <span class='ocrx_word' id='word_1_853' title='bbox 491 3327 651 3365; x_wconf 60' lang='lat' dir='ltr'>seleffilm</span> <span class='ocrx_word' id='word_1_854' title='bbox 663 3330 728 3364; x_wconf 62' lang='lat' dir='ltr'>effe</span> <span class='ocrx_word' id='word_1_855' title='bbox 746 3329 962 3376; x_wconf 68' lang='lat' dir='ltr'>ignorantes.</span> <span class='ocrx_word' id='word_1_856' title='bbox 988 3335 1141 3382; x_wconf 75' lang='lat' dir='ltr'>Angelus</span> <span class='ocrx_word' id='word_1_857' title='bbox 1152 3334 1300 3372; x_wconf 77' lang='lat' dir='ltr'>Sathanae</span> <span class='ocrx_word' id='word_1_858' title='bbox 1313 3360 1324 3376; x_wconf 89' lang='lat'>,</span> <span class='ocrx_word' id='word_1_859' title='bbox 1354 3336 1476 3372; x_wconf 87' lang='lat' dir='ltr'>Petrus</span> <span class='ocrx_word' id='word_1_860' title='bbox 1490 3337 1522 3370; x_wconf 86' lang='lat' dir='ltr'>in</span> <span class='ocrx_word' id='word_1_861' title='bbox 1539 3335 1592 3375; x_wconf 84' lang='lat' dir='ltr'>via</span> <span class='ocrx_word' id='word_1_862' title='bbox 1609 3334 1807 3379; x_wconf 87' lang='lat' dir='ltr'>Episcopum</span> <span class='ocrx_word' id='word_1_863' title='bbox 1821 3357 1833 3375; x_wconf 95' lang='lat'>,</span> <span class='ocrx_word' id='word_1_864' title='bbox 1860 3333 2074 3379; x_wconf 79' lang='lat' dir='ltr'>quantumvis</span> <span class='ocrx_word' id='word_1_865' title='bbox 2088 3333 2234 3379; x_wconf 87' lang='lat' dir='ltr'>probum</span> <span class='ocrx_word' id='word_1_866' title='bbox 2254 3335 2290 3371; x_wconf 87' lang='lat'>&amp;</span> <span class='ocrx_word' id='word_1_867' title='bbox 2308 3335 2425 3373; x_wconf 85' lang='lat' dir='ltr'>zelan-</span> 
     </span>
     <span class='ocr_line' id='line_1_59' title="bbox 360 3378 2416 3429; baseline 0.003 -17"><span class='ocrx_word' id='word_1_868' title='bbox 360 3387 428 3415; x_wconf 85' lang='lat' dir='ltr'>tem</span> <span class='ocrx_word' id='word_1_869' title='bbox 443 3403 454 3419; x_wconf 89' lang='lat'>‚</span> <span class='ocrx_word' id='word_1_870' title='bbox 479 3388 555 3414; x_wconf 87' lang='lat' dir='ltr'>cum</span> <span class='ocrx_word' id='word_1_871' title='bbox 570 3385 679 3414; x_wconf 87' lang='lat' dir='ltr'>tamen</span> <span class='ocrx_word' id='word_1_872' title='bbox 694 3378 801 3416; x_wconf 81' lang='lat' dir='ltr'>firmas</span> <span class='ocrx_word' id='word_1_873' title='bbox 813 3380 989 3419; x_wconf 87' lang='lat' dir='ltr'>Catholica</span> <span class='ocrx_word' id='word_1_874' title='bbox 999 3387 1073 3427; x_wconf 75' lang='lat' dir='ltr'>cius</span> <span class='ocrx_word' id='word_1_875' title='bbox 1086 3383 1248 3429; x_wconf 84' lang='lat' dir='ltr'>profeffio</span> <span class='ocrx_word' id='word_1_876' title='bbox 1265 3384 1404 3420; x_wconf 87' lang='lat' dir='ltr'>necdum</span> <span class='ocrx_word' id='word_1_877' title='bbox 1421 3385 1556 3421; x_wconf 86' lang='lat' dir='ltr'>haberet</span> <span class='ocrx_word' id='word_1_878' title='bbox 1577 3384 1703 3419; x_wconf 83' lang='lat' dir='ltr'>radices</span> <span class='ocrx_word' id='word_1_879' title='bbox 1715 3406 1726 3423; x_wconf 92' lang='lat'>,</span> <span class='ocrx_word' id='word_1_880' title='bbox 1754 3381 1881 3418; x_wconf 84' lang='lat' dir='ltr'>technis</span> <span class='ocrx_word' id='word_1_881' title='bbox 1892 3379 2068 3428; x_wconf 87' lang='lat' dir='ltr'>&amp;laqueis</span> <span class='ocrx_word' id='word_1_882' title='bbox 2084 3381 2147 3417; x_wconf 88' lang='lat' dir='ltr'>suis</span> <span class='ocrx_word' id='word_1_883' title='bbox 2159 3381 2255 3418; x_wconf 73' lang='lat' dir='ltr'>facile</span> <span class='ocrx_word' id='word_1_884' title='bbox 2269 3383 2416 3426; x_wconf 83' lang='lat' dir='ltr'>irretire,</span> 
     </span>
     <span class='ocr_line' id='line_1_60' title="bbox 360 3425 2417 3477; baseline 0.001 -10"><span class='ocrx_word' id='word_1_885' title='bbox 360 3427 500 3474; x_wconf 77' lang='lat' dir='ltr'>systema</span> <span class='ocrx_word' id='word_1_886' title='bbox 515 3425 706 3472; x_wconf 67' lang='lat' dir='ltr'>ReligIOniS</span> <span class='ocrx_word' id='word_1_887' title='bbox 725 3450 735 3467; x_wconf 70' lang='grc' dir='ltr'><strong>ι</strong></span> <span class='ocrx_word' id='word_1_888' title='bbox 759 3431 852 3475; x_wconf 89' lang='lat' dir='ltr'>quod</span> <span class='ocrx_word' id='word_1_889' title='bbox 867 3429 934 3466; x_wconf 87' lang='lat' dir='ltr'>PP.</span> <span class='ocrx_word' id='word_1_890' title='bbox 946 3430 1144 3469; x_wconf 85' lang='lat' dir='ltr'>Miffionarii</span> <span class='ocrx_word' id='word_1_891' title='bbox 1159 3432 1192 3469; x_wconf 91' lang='lat' dir='ltr'>in</span> <span class='ocrx_word' id='word_1_892' title='bbox 1206 3436 1279 3475; x_wconf 78' lang='lat' dir='ltr'>ejus</span> <span class='ocrx_word' id='word_1_893' title='bbox 1293 3433 1405 3469; x_wconf 86' lang='lat' dir='ltr'>animo</span> <span class='ocrx_word' id='word_1_894' title='bbox 1418 3434 1558 3469; x_wconf 80' lang='lat' dir='ltr'>fixerant</span> <span class='ocrx_word' id='word_1_895' title='bbox 1572 3457 1582 3473; x_wconf 91' lang='lat'>‚</span> <span class='ocrx_word' id='word_1_896' title='bbox 1608 3439 1809 3477; x_wconf 89' lang='lat' dir='ltr'>pervertere</span> <span class='ocrx_word' id='word_1_897' title='bbox 1820 3455 1830 3471; x_wconf 91' lang='lat'>‚</span> <span class='ocrx_word' id='word_1_898' title='bbox 1856 3438 2119 3476; x_wconf 88' lang='lat' dir='ltr'>conceptamque</span> <span class='ocrx_word' id='word_1_899' title='bbox 2148 3434 2192 3465; x_wconf 87' lang='lat' dir='ltr'>de</span> <span class='ocrx_word' id='word_1_900' title='bbox 2207 3430 2386 3469; x_wconf 71' lang='lat' dir='ltr'>Ecclesia..-</span> <span class='ocrx_word' id='word_1_901' title='bbox 2404 3457 2417 3473; x_wconf 84' lang='lat'>,</span> 
     </span>
     <span class='ocr_line' id='line_1_61' title="bbox 360 3475 2412 3527; baseline 0.002 -16"><span class='ocrx_word' id='word_1_902' title='bbox 360 3475 485 3521; x_wconf 80' lang='lat' dir='ltr'>Sponsa</span> <span class='ocrx_word' id='word_1_903' title='bbox 500 3475 570 3512; x_wconf 83' lang='lat' dir='ltr'>Dei</span> <span class='ocrx_word' id='word_1_904' title='bbox 585 3475 832 3513; x_wconf 70' lang='lat' dir='ltr'>aestimationem</span> <span class='ocrx_word' id='word_1_905' title='bbox 844 3490 905 3522; x_wconf 86' lang='lat' dir='ltr'>per</span> <span class='ocrx_word' id='word_1_906' title='bbox 918 3480 1081 3517; x_wconf 59' lang='lat' dir='ltr'>adduaos</span> <span class='ocrx_word' id='word_1_907' title='bbox 1091 3482 1303 3524; x_wconf 73' lang='lat' dir='ltr'>contemptus</span> <span class='ocrx_word' id='word_1_908' title='bbox 1322 3482 1404 3516; x_wconf 83' lang='lat' dir='ltr'>astus</span> <span class='ocrx_word' id='word_1_909' title='bbox 1420 3482 1571 3516; x_wconf 88' lang='lat' dir='ltr'>minuere</span> <span class='ocrx_word' id='word_1_910' title='bbox 1586 3488 1720 3525; x_wconf 89' lang='lat' dir='ltr'>poterat</span> <span class='ocrx_word' id='word_1_911' title='bbox 1733 3503 1742 3513; x_wconf 90' lang='lat'><strong>.</strong></span> <span class='ocrx_word' id='word_1_912' title='bbox 1770 3478 1809 3514; x_wconf 85' lang='lat' dir='ltr'>Et</span> <span class='ocrx_word' id='word_1_913' title='bbox 1821 3490 1942 3515; x_wconf 85' lang='lat' dir='ltr'>revera</span> <span class='ocrx_word' id='word_1_914' title='bbox 1956 3487 2075 3515; x_wconf 89' lang='lat' dir='ltr'>nutare</span> <span class='ocrx_word' id='word_1_915' title='bbox 2089 3480 2189 3524; x_wconf 77' lang='lat' dir='ltr'>coepit</span> <span class='ocrx_word' id='word_1_916' title='bbox 2204 3475 2387 3527; x_wconf 79' lang='lat' dir='ltr'>Episcopus</span> <span class='ocrx_word' id='word_1_917' title='bbox 2399 3504 2412 3522; x_wconf 93' lang='lat'>,</span> 
     </span>
     <span class='ocr_line' id='line_1_62' title="bbox 362 3524 1898 3576; baseline -0.004 -9"><span class='ocrx_word' id='word_1_918' title='bbox 362 3535 431 3560; x_wconf 79' lang='lat' dir='ltr'>n0¹¹</span> <span class='ocrx_word' id='word_1_919' title='bbox 450 3534 559 3560; x_wconf 88' lang='lat' dir='ltr'>tamen</span> <span class='ocrx_word' id='word_1_920' title='bbox 585 3524 800 3561; x_wconf 68' lang='lat' dir='ltr'>succumbere</span> <span class='ocrx_word' id='word_1_921' title='bbox 815 3538 827 3567; x_wconf 72' lang='lat'>»¹</span> <span class='ocrx_word' id='word_1_922' title='bbox 855 3540 930 3566; x_wconf 91' lang='lat' dir='ltr'>cum</span> <span class='ocrx_word' id='word_1_923' title='bbox 944 3529 978 3565; x_wconf 87' lang='lat'>&amp;</span> <span class='ocrx_word' id='word_1_924' title='bbox 993 3529 1025 3566; x_wconf 91' lang='lat' dir='ltr'>in</span> <span class='ocrx_word' id='word_1_925' title='bbox 1037 3530 1187 3567; x_wconf 83' lang='lat' dir='ltr'>sermone</span> <span class='ocrx_word' id='word_1_926' title='bbox 1202 3530 1290 3566; x_wconf 84' lang='lat' dir='ltr'>Petri</span> <span class='ocrx_word' id='word_1_927' title='bbox 1302 3531 1414 3566; x_wconf 89' lang='lat' dir='ltr'>omnia</span> <span class='ocrx_word' id='word_1_928' title='bbox 1427 3541 1507 3576; x_wconf 88' lang='lat' dir='ltr'>pura</span> <span class='ocrx_word' id='word_1_929' title='bbox 1521 3542 1587 3566; x_wconf 92' lang='lat' dir='ltr'>non</span> <span class='ocrx_word' id='word_1_930' title='bbox 1601 3529 1667 3564; x_wconf 85' lang='lat' dir='ltr'>esse</span> <span class='ocrx_word' id='word_1_931' title='bbox 1681 3529 1898 3565; x_wconf 88' lang='lat' dir='ltr'>adverteret.</span> 
     </span>
    </p>

    <p class='ocr_par' dir='ltr' id='par_1_8' title="bbox 354 3574 2423 3826">
     <span class='ocr_line' id='line_1_63' title="bbox 461 3574 2418 3624; baseline 0.003 -17"><span class='ocrx_word' id='word_1_932' title='bbox 461 3575 570 3621; x_wconf 82' lang='lat' dir='ltr'>Qem</span> <span class='ocrx_word' id='word_1_933' title='bbox 591 3575 668 3610; x_wconf 90' lang='lat' dir='ltr'>inde</span> <span class='ocrx_word' id='word_1_934' title='bbox 687 3574 739 3610; x_wconf 87' lang='lat' dir='ltr'>hic</span> <span class='ocrx_word' id='word_1_935' title='bbox 759 3575 798 3610; x_wconf 88' lang='lat' dir='ltr'>ad</span> <span class='ocrx_word' id='word_1_936' title='bbox 819 3574 939 3621; x_wconf 85' lang='lat' dir='ltr'>lapsum</span> <span class='ocrx_word' id='word_1_937' title='bbox 953 3579 1130 3616; x_wconf 86' lang='lat' dir='ltr'>mendacio</span> <span class='ocrx_word' id='word_1_938' title='bbox 1143 3579 1280 3615; x_wconf 67' lang='lat' dir='ltr'>flectere</span> <span class='ocrx_word' id='word_1_939' title='bbox 1294 3591 1361 3615; x_wconf 91' lang='lat' dir='ltr'>non</span> <span class='ocrx_word' id='word_1_940' title='bbox 1378 3579 1514 3624; x_wconf 87' lang='lat' dir='ltr'>potuit,</span> <span class='ocrx_word' id='word_1_941' title='bbox 1538 3578 1723 3616; x_wconf 88' lang='lat' dir='ltr'>ambitione</span> <span class='ocrx_word' id='word_1_942' title='bbox 1741 3576 1866 3619; x_wconf 79' lang='lat' dir='ltr'>dejecit</span> <span class='ocrx_word' id='word_1_943' title='bbox 1881 3601 1892 3618; x_wconf 91' lang='lat'>‚</span> <span class='ocrx_word' id='word_1_944' title='bbox 1915 3575 2102 3624; x_wconf 81' lang='lat' dir='ltr'>suggerens</span> <span class='ocrx_word' id='word_1_945' title='bbox 2121 3577 2283 3623; x_wconf 87' lang='lat' dir='ltr'>Episcopo</span> <span class='ocrx_word' id='word_1_946' title='bbox 2301 3601 2312 3619; x_wconf 88' lang='lat'>,</span> <span class='ocrx_word' id='word_1_947' title='bbox 2337 3576 2418 3612; x_wconf 83' lang='lat' dir='ltr'>ideo</span> 
     </span>
     <span class='ocr_line' id='line_1_64' title="bbox 363 3618 2421 3674; baseline 0.004 -21"><span class='ocrx_word' id='word_1_948' title='bbox 363 3618 462 3674; x_wconf 31' lang='lat' dir='ltr'>a-PP.</span> <span class='ocrx_word' id='word_1_949' title='bbox 479 3621 691 3661; x_wconf 84' lang='lat' dir='ltr'>Miffionariis</span> <span class='ocrx_word' id='word_1_950' title='bbox 705 3634 780 3659; x_wconf 90' lang='lat' dir='ltr'>eum</span> <span class='ocrx_word' id='word_1_951' title='bbox 794 3625 837 3660; x_wconf 89' lang='lat' dir='ltr'>ad</span> <span class='ocrx_word' id='word_1_952' title='bbox 852 3625 998 3672; x_wconf 86' lang='lat' dir='ltr'>Mytram</span> <span class='ocrx_word' id='word_1_953' title='bbox 1010 3637 1205 3672; x_wconf 86' lang='lat' dir='ltr'>promotum</span> <span class='ocrx_word' id='word_1_954' title='bbox 1219 3629 1283 3663; x_wconf 76' lang='lat' dir='ltr'>etse</span> <span class='ocrx_word' id='word_1_955' title='bbox 1295 3652 1307 3669; x_wconf 90' lang='lat'>,</span> <span class='ocrx_word' id='word_1_956' title='bbox 1322 3638 1358 3664; x_wconf 90' lang='lat' dir='ltr'>ut</span> <span class='ocrx_word' id='word_1_957' title='bbox 1372 3629 1453 3665; x_wconf 87' lang='lat' dir='ltr'>hanc</span> <span class='ocrx_word' id='word_1_958' title='bbox 1468 3628 1524 3665; x_wconf 81' lang='lat' dir='ltr'>fibi</span> <span class='ocrx_word' id='word_1_959' title='bbox 1536 3627 1685 3664; x_wconf 84' lang='lat' dir='ltr'>facerent</span> <span class='ocrx_word' id='word_1_960' title='bbox 1700 3627 1872 3673; x_wconf 88' lang='lat' dir='ltr'>propriam</span> <span class='ocrx_word' id='word_1_961' title='bbox 1889 3626 1987 3668; x_wconf 90' lang='lat' dir='ltr'>;hinc</span> <span class='ocrx_word' id='word_1_962' title='bbox 1998 3637 2074 3662; x_wconf 89' lang='lat' dir='ltr'>cum</span> <span class='ocrx_word' id='word_1_963' title='bbox 2091 3625 2229 3662; x_wconf 86' lang='lat' dir='ltr'>illorum</span> <span class='ocrx_word' id='word_1_964' title='bbox 2245 3627 2278 3661; x_wconf 88' lang='lat' dir='ltr'>in</span> <span class='ocrx_word' id='word_1_965' title='bbox 2290 3625 2421 3661; x_wconf 83' lang='lat' dir='ltr'>AEthio·</span> 
     </span>
     <span class='ocr_line' id='line_1_65' title="bbox 358 3671 2418 3725; baseline -0 -13"><span class='ocrx_word' id='word_1_966' title='bbox 358 3678 414 3725; x_wconf 58' lang='lat'>§²¹²</span> <span class='ocrx_word' id='word_1_967' title='bbox 436 3672 588 3712; x_wconf 77' lang='lat' dir='ltr'>appulsus</span> <span class='ocrx_word' id='word_1_968' title='bbox 603 3685 671 3709; x_wconf 90' lang='lat' dir='ltr'>non</span> <span class='ocrx_word' id='word_1_969' title='bbox 685 3671 792 3719; x_wconf 83' lang='lat' dir='ltr'>posset</span> <span class='ocrx_word' id='word_1_970' title='bbox 805 3685 872 3710; x_wconf 90' lang='lat' dir='ltr'>non</span> <span class='ocrx_word' id='word_1_971' title='bbox 886 3675 950 3710; x_wconf 80' lang='lat' dir='ltr'>effe</span> <span class='ocrx_word' id='word_1_972' title='bbox 962 3675 992 3710; x_wconf 85' lang='lat' dir='ltr'>ei</span> <span class='ocrx_word' id='word_1_973' title='bbox 1008 3675 1151 3712; x_wconf 84' lang='lat' dir='ltr'>funestus</span> <span class='ocrx_word' id='word_1_974' title='bbox 1164 3701 1175 3718; x_wconf 90' lang='lat'>,</span> <span class='ocrx_word' id='word_1_975' title='bbox 1200 3676 1295 3713; x_wconf 89' lang='lat' dir='ltr'>illum</span> <span class='ocrx_word' id='word_1_976' title='bbox 1309 3678 1467 3723; x_wconf 81' lang='lat' dir='ltr'>impediri</span> <span class='ocrx_word' id='word_1_977' title='bbox 1483 3677 1646 3713; x_wconf 73' lang='lat' dir='ltr'>necessum</span> <span class='ocrx_word' id='word_1_978' title='bbox 1662 3677 1700 3711; x_wconf 77' lang='lat' dir='ltr'>iit</span> <span class='ocrx_word' id='word_1_979' title='bbox 1712 3700 1720 3708; x_wconf 90' lang='lat'><em>.</em></span> <span class='ocrx_word' id='word_1_980' title='bbox 1750 3675 1883 3711; x_wconf 88' lang='lat' dir='ltr'>Cecidit</span> <span class='ocrx_word' id='word_1_981' title='bbox 1907 3675 1948 3711; x_wconf 86' lang='lat' dir='ltr'>ad</span> <span class='ocrx_word' id='word_1_982' title='bbox 1977 3677 2063 3711; x_wconf 90' lang='lat' dir='ltr'>hunc</span> <span class='ocrx_word' id='word_1_983' title='bbox 2085 3675 2186 3712; x_wconf 68' lang='lat' dir='ltr'>icium</span> <span class='ocrx_word' id='word_1_984' title='bbox 2204 3673 2418 3711; x_wconf 62' lang='lat' dir='ltr'>ambitionu</span> 
     </span>
     <span class='ocr_line' id='line_1_66' title="bbox 358 3718 2423 3772; baseline -0.003 -10"><span class='ocrx_word' id='word_1_985' title='bbox 358 3718 486 3771; x_wconf 66' lang='lat' dir='ltr'>lflffi‘PS</span> <span class='ocrx_word' id='word_1_986' title='bbox 503 3719 655 3757; x_wconf 82' lang='lat' dir='ltr'>Praelatus</span> <span class='ocrx_word' id='word_1_987' title='bbox 670 3746 682 3762; x_wconf 71' lang='lat'>⁵</span> <span class='ocrx_word' id='word_1_988' title='bbox 707 3722 842 3765; x_wconf 78' lang='lat' dir='ltr'>timuit,</span> <span class='ocrx_word' id='word_1_989' title='bbox 870 3724 925 3761; x_wconf 86' lang='lat' dir='ltr'>ubi</span> <span class='ocrx_word' id='word_1_990' title='bbox 939 3735 1006 3759; x_wconf 89' lang='lat' dir='ltr'>non</span> <span class='ocrx_word' id='word_1_991' title='bbox 1022 3733 1093 3761; x_wconf 89' lang='lat' dir='ltr'>erat</span> <span class='ocrx_word' id='word_1_992' title='bbox 1107 3727 1211 3762; x_wconf 88' lang='lat' dir='ltr'>timor</span> <span class='ocrx_word' id='word_1_993' title='bbox 1226 3750 1236 3767; x_wconf 89' lang='lat'>,</span> <span class='ocrx_word' id='word_1_994' title='bbox 1261 3727 1297 3762; x_wconf 68' lang='grc' dir='ltr'>ὅ(</span> <span class='ocrx_word' id='word_1_995' title='bbox 1314 3726 1541 3762; x_wconf 69' lang='lat' dir='ltr'>Miffionarios</span> <span class='ocrx_word' id='word_1_996' title='bbox 1557 3726 1595 3762; x_wconf 85' lang='lat' dir='ltr'>ab</span> <span class='ocrx_word' id='word_1_997' title='bbox 1612 3725 1756 3772; x_wconf 75' lang='lat' dir='ltr'>ingressu</span> <span class='ocrx_word' id='word_1_998' title='bbox 1789 3723 1967 3770; x_wconf 81' lang='lat' dir='ltr'>AEthiopiae</span> <span class='ocrx_word' id='word_1_999' title='bbox 1982 3725 2094 3760; x_wconf 68' lang='lat' dir='ltr'>arcere</span> <span class='ocrx_word' id='word_1_1000' title='bbox 2118 3723 2290 3760; x_wconf 87' lang='lat' dir='ltr'>decrevit.</span> <span class='ocrx_word' id='word_1_1001' title='bbox 2316 3722 2423 3757; x_wconf 86' lang='lat' dir='ltr'>Acce·</span> 
     </span>
     <span class='ocr_line' id='line_1_67' title="bbox 354 3765 2422 3826; baseline -0.003 -14"><span class='ocrx_word' id='word_1_1002' title='bbox 354 3765 439 3801; x_wconf 70' lang='lat'><strong>‘³⁸³⁸</strong></span> <span class='ocrx_word' id='word_1_1003' title='bbox 452 3766 526 3801; x_wconf 57' lang='grc' dir='ltr'>’ΝΕ</span> <span class='ocrx_word' id='word_1_1004' title='bbox 541 3766 782 3812; x_wconf 75' lang='lat' dir='ltr'>ltui&#39;eratorein</span> <span class='ocrx_word' id='word_1_1005' title='bbox 795 3773 826 3808; x_wconf 88' lang='lat' dir='ltr'>in</span> <span class='ocrx_word' id='word_1_1006' title='bbox 841 3772 989 3818; x_wconf 78' lang='lat' dir='ltr'>Civitate</span> <span class='ocrx_word' id='word_1_1007' title='bbox 1006 3771 1175 3822; x_wconf 76' lang='lat' dir='ltr'>Dambee,</span> <span class='ocrx_word' id='word_1_1008' title='bbox 1203 3774 1257 3811; x_wconf 89' lang='lat' dir='ltr'>ubi</span> <span class='ocrx_word' id='word_1_1009' title='bbox 1281 3783 1361 3811; x_wconf 86' lang='lat' dir='ltr'>tunc</span> <span class='ocrx_word' id='word_1_1010' title='bbox 1377 3775 1563 3818; x_wconf 78' lang='lat' dir='ltr'>residebat,</span> <span class='ocrx_word' id='word_1_1011' title='bbox 1591 3775 1624 3812; x_wconf 90' lang='lat' dir='ltr'>in</span> <span class='ocrx_word' id='word_1_1012' title='bbox 1642 3775 1675 3810; x_wconf 89' lang='lat' dir='ltr'>id</span> <span class='ocrx_word' id='word_1_1013' title='bbox 1705 3774 1765 3811; x_wconf 86' lang='lat' dir='ltr'>niti</span> <span class='ocrx_word' id='word_1_1014' title='bbox 1778 3773 1904 3820; x_wconf 80' lang='lat' dir='ltr'>coepit.</span> <span class='ocrx_word' id='word_1_1015' title='bbox 1928 3782 1965 3809; x_wconf 89' lang='lat' dir='ltr'>ut</span> <span class='ocrx_word' id='word_1_1016' title='bbox 1980 3775 2078 3814; x_wconf 81' lang='lat' dir='ltr'>huius</span> <span class='ocrx_word' id='word_1_1017' title='bbox 2098 3772 2253 3810; x_wconf 71' lang='lat' dir='ltr'>affeflum</span> <span class='ocrx_word' id='word_1_1018' title='bbox 2266 3770 2324 3806; x_wconf 85' lang='lat' dir='ltr'>fibi</span> <span class='ocrx_word' id='word_1_1019' title='bbox 2338 3780 2422 3826; x_wconf 79' lang='lat' dir='ltr'>con·</span> 
     </span>
    </p>

    <p class='ocr_par' dir='ltr' id='par_1_9' title="bbox 2329 3830 2375 3855">
     <span class='ocr_line' id='line_1_68' title="bbox 2329 3830 2375 3855; baseline -0.022 0"><span class='ocrx_word' id='word_1_1020' title='bbox 2329 3830 2375 3855; x_wconf 78' lang='lat' dir='ltr'>ci-</span> 
     </span>
    </p>
   </div>
  </div>
 </body>
</html>
