2638 4088
1038 196 1655 290 Caialo‘niae.

338 343 401 387 tus
424 342 622 399 syndicus
651 342 910 399 Apostolicus
938 345 1088 390 debere
1105 349 1238 392 claudi
1256 352 1316 393 su-

333 404 406 461 pra
422 403 625 458 praediGtas
641 401 828 447 fenestras
842 433 855 457 ‚
870 405 918 447 eb
935 408 1042 461 quod
1061 409 1208 450 habent
1221 424 1315 466 pro—

331 464 505 519 spectum
522 462 563 506 in
579 463 730 506 dictum
744 467 1004 508 Conventum
1023 467 1089 518 ,&
1110 466 1194 524 ejus
1218 470 1317 521 hor-⁴

330 528 441 565 tum.
1050 559 1054 561 .

446 581 747 638 Pariterquesit
760 610 774 634 ,
790 582 896 640 quod
924 582 1117 626 suscitatae
1130 610 1143 632 a
1159 586 1200 626 δε
1211 597 1306 639 pro-

328 640 501 696 stquutae
530 639 677 683 fuerint
705 640 789 684 duae
819 641 902 684 aliae
919 641 1008 684 lites
1038 643 1144 685 inter
1162 642 1306 699 praedi-

329 699 436 741 &um
456 703 715 743 Conventum
728 700 856 744 Sancti
872 698 1153 745 Bartholomaei
1173 706 1309 757 Capu·

325 758 510 801 cinorum
523 788 539 810 ‚
566 758 636 803 vel
672 757 935 814 supradictum
963 760 1185 816 Syndicum
1200 763 1313 814 Apo-

326 816 510 860 stolicum
523 843 536 866 2
551 818 589 859 δι
605 819 846 871 praecitatarn
863 820 1036 862 Domum
1054 818 1308 869 Refidentiae,

323 889 404 918 una
419 875 572 919 scilicet
588 876 626 917 in
643 877 769 918 Curia
787 878 921 932 Regia·
948 878 1173 920 Audientiae
1193 878 1308 920 Prin-

323 933 481 986 cipatfis
496 934 717 975 Cataloniae
733 933 847 988 super
864 934 1309 992 determinatione2quae

322 991 397 1034 fuit
429 992 528 1034 facta
557 990 694 1033 favore
715 991 865 1033 Domus
878 991 1113 1037 Refidentiae
1129 995 1307 1051 supradi-

322 1054 393 1093 ftae
409 1052 556 1094 Sanc'tae
577 1049 788 1106 Speluncae
802 1049 1008 1107 cujusdam
1036 1053 1270 1109 angiportus
1287 1079 1302 1100 ‚

318 1108 386 1152 {eu
428 1108 506 1151 vici
532 1136 547 1158 ‚
577 1109 645 1165 qui
674 1109 806 1151 tendit
838 1123 887 1152 ex
915 1125 1021 1154 nova
1047 1112 1181 1168 platea
1206 1110 1302 1153 dicti

317 1164 558 1212 Conventus
589 1167 716 1211 Sancti
740 1169 1018 1212 Bar-tholomai
1045 1200 1061 1222 ,
1100 1171 1221 1226 usque
1253 1169 1304 1212 ad

319 1229 425 1270 viam
441 1254 454 1276 ‚
468 1239 551 1280 quae
565 1226 759 1281 dirigitur
772 1239 820 1270 ex
846 1230 1050 1284 praecitata
1070 1231 1303 1286 Spelunca..

318 1285 368 1328 ad
383 1284 683 1328 molendinum:
707 1286 743 1326 &
758 1285 886 1329 altera
901 1288 940 1329 in
957 1289 1151 1331 tribunali
1170 1290 1306 1342 Regiae

316 1342 547 1388 Audientiae
561 1342 712 1399 praefati
727 1345 982 1401 Principarfis
999 1347 1220 1391 Cataloniae
1246 1347 1304 1390 su-

316 1416 389 1459 per
405 1399 648 1444 formatione
663 1400 939 1456 fundamenti,
965 1408 1028 1448 seu
1043 1408 1302 1450 constructio-

314 1475 365 1504 ne
379 1459 545 1516 parietis
558 1487 571 1510 ‚
586 1475 704 1517 quem
719 1462 770 1505 de
785 1476 893 1506 novo
918 1465 1096 1507 fecerant
1110 1466 1152 1506 P..
1168 1468 1302 1508 Guar-

313 1520 456 1564 dianus
474 1548 488 1570 ‚
506 1520 546 1560 δε
562 1518 689 1562 dictus
706 1523 943 1565 Conventus
971 1524 1101 1567 Sancti
1131 1525 1299 1566 Bartho-

316 1577 444 1621 l'omaei
472 1580 511 1619 in
530 1578 590 1620 via
604 1607 618 1629 ‚
636 1592 723 1634 quae
736 1579 868 1620 tendit
888 1580 909 1622 a
927 1581 1145 1637 supradista
1160 1583 1300 1626 δεηθῇ

314 1636 536 1691 Spelunca,
550 1650 597 1678 ex
611 1638 747 1679 Domo
766 1637 1004 1683 Refidentiae
1020 1640 1070 1684 ad
1088 1641 1190 1683 viam
1215 1643 1300 1685 Re·

310 1696 415 1752 giam
433 1695 665 1739 Barcinonae
677 1725 690 1748 ‚
704 1697 743 1739 &
756 1698 938 1740 verendo
952 1700 1104 1755 pariter
1122 1700 1298 1754 supradi-

311 1754 363 1796 cti
378 1755 473 1796 RR.
490 1755 627 1796 Patres
640 1784 652 1805 ,
664 1768 713 1796 ne
729 1755 873 1810 poffint
888 1757 995 1799 inter
1010 1757 1111 1812 ipsos
1134 1759 1211 1800 alia
1229 1773 1300 1800 ex-

311 1813 430 1856 citari
448 1810 591 1866 litigia,
607 1814 645 1853 6<
660 1816 826 1868 cupiens
846 1815 1210 1858 Reverendiffimus
1226 1817 1300 1858 Pa-

309 1881 375 1913 ter
390 1872 453 1912 Fr.
469 1870 737 1912 Bernardinus
762 1870 812 1914 de
827 1874 1302 1922 Barcinona2Provincia-

312 1930 362 1973 lis
381 1931 458 1972 ΡΡ.
480 1929 784 1984 Capucinorum
812 1932 1034 1975 Provinciae
1059 1934 1199 1975 Matris
1224 1933 1299 1974 Dei

311 1987 533 2031 Cataloniae
546 2014 560 2037 2
574 1989 613 2028 &
628 1987 844 2032 admodum
859 1991 1039 2034 RRAEP.
1056 1990 1198 2047 loseph
1215 1994 1300 2033 An-

309 2047 448 2090 tonius
475 2045 526 2086 de
555 2047 787 2095 Barcinona,
806 2047 1011 2090 Diffinitor
1040 2050 1191 2101 primus
1215 2075 1229 2096 ‚
1260 2052 1300 2090 &

308 2108 452 2148 Frater
479 2101 662 2144 Andreas
702 2103 752 2144 de
778 2102 970 2155 solsona4
993 2104 1202 2144 Diffinitor
1239 2105 1298 2144 se-

305 2161 463 2205 cundus
477 2188 490 2211 ,
504 2161 542 2200 &
564 2161 703 2203 Frater
720 2160 949 2203 Franciscus
975 2160 1028 2203 de
1045 2159 1190 2204 Vilaffa
1207 2159 1297 2203 uf.

303 2221 444 2262 finitor
471 2219 645 2268 tertius,
670 2221 706 2260 &
734 2221 797 2262 Fr.
815 2220 1018 2261 Marianus
1046 2218 1098 2259 de
1114 2218 1297 2267 Petafita‚

310 2277 516 2320 Diffinitor
539 2285 704 2330 quartus
731 2277 943 2330 praecitatae
974 2277 1196 2317 Provinciae
1233 2276 1297 2316 su-

306 2334 581 2392 pradictorum
610 2335 688 2375 ΡΡ.
718 2336 1022 2387 Capucinorum
1046 2362 1062 2382 ‚
1086 2334 1126 2373 &
1150 2332 1294 2388 Ioseph

307 2391 492 2449 Figat-ola
507 2390 689 2433 Albeiter
704 2391 890 2433 habitans
917 2392 956 2433 in
977 2391 1159 2446 praedicta
1177 2391 1294 2432 Civi-

303 2463 388 2495 tate
405 2448 609 2499 Mam-este,
626 2448 1154 2503 syndicus,Procurator‚ac
1169 2451 1294 2491 Actor

306 2510 422 2554 Sedis
438 2506 676 2563 Apostolicae
701 2523 776 2564 pro
788 2507 897 2550 disto
923 2511 1142 2551 Conventu
1162 2508 1292 2549 Sancti

306 2566 589 2612 Bartholomaei
605 2567 828 2610 nominatus
844 2595 858 2618 ‚
890 2568 929 2608 &
944 2567 1092 2610 electus
1115 2567 1137 2608 a
1162 2567 1295 2607 Reve-

302 2623 532 2671 rendiffimo
550 2626 740 2667 PAEeliee
752 2626 802 2669 de
820 2625 1182 2676 Premia‚Miniflro
1197 2625 1297 2682 Pro-

309 2684 476 2731 vinciali
500 2682 666 2725 Ordinis
692 2685 823 2727 Sanfti
850 2683 1045 2726 Francisci
1069 2682 1297 2737 Capuci-no-

304 2759 395 2789 rum
417 2741 528 2797 supra
549 2754 781 2785 memoratae
798 2742 1032 2788 Provinciae,
1051 2751 1173 2795 prout
1204 2739 1295 2783 de.)¹

312 2803 394 2859 ejus
410 2799 683 2843 nominatione
698 2801 851 2843 constat
871 2814 919 2842 ex
947 2800 1094 2841 litteris
1119 2802 1293 2853 patenti-

308 2856 605 2913 bus,expeditis
620 2858 671 2900 de
685 2858 825 2901 ordine
839 2857 934 2900 dicti
957 2857 1291 2901 Reverendiffimi

301 2919 435 2963 Patris
458 2915 716 2960 Provincialis
743 2918 762 2959 a
782 2920 831 2960 R.
846 2920 889 2960 P.
905 2917 1067 2971 Cyrillo
1089 2916 1139 2958 de
1154 2917 1289 2958 Barci-

302 2991 405 3022 nona
418 3004 432 3027 ‚
449 2974 533 3030 ejus
553 2975 783 3018 Secretario
795 3005 808 3026 ,
823 2975 893 3017 die
905 2978 1042 3018 oetava
1060 2975 1197 3018 mensis
1213 2980 1287 3018 Se-

300 3034 492 3094 ptembris
509 3034 598 3076 anni
613 3034 806 3077 millesimi
824 3033 1160 3089 septingentefimi
1180 3034 1287 3089 vige-

302 3095 384 3138 fimi
400 3092 529 3135 octavi
556 3094 597 3134 in
608 3096 826 3136 Conventu
844 3095 907 3135 Fr.
925 3094 1127 3136 Minorum
1147 3096 1283 3146 Capu-

302 3155 488 3196 cinorum
506 3151 626 3194 Villae
640 3151 692 3194 de
708 3152 850 3194 Blanes
874 3167 964 3194 cum
984 3150 1279 3206 sigilloordina—

306 3213 369 3254 rio
382 3210 475 3254 dicti
491 3209 548 3252 sui
564 3211 686 3252 officii
707 3210 891 3266 signatis,
915 3209 1192 3266 &subscriptis
1216 3226 1280 3253 ca·

301 3274 455 3312 taeter-e
485 3271 522 3311 δε
553 3283 667 3312 manu
681 3269 851 3326 ejusdem
878 3272 930 3312 R.
947 3271 987 3311 P.
1002 3269 1281 3322 provincialis,

302 3330 343 3370 δε
356 3327 518 3381 cupiens
540 3329 660 3370 etiam
680 3327 1040 3371 Reverendiffimus
1056 3332 1098 3372 P.
1118 3330 1282 3370 Franci-

301 3386 387 3429 scus
403 3387 801 3438 Bono‚Provincialis
822 3388 1042 3430 Provincia:
1059 3389 1282 3442 Aragoniae,

302 3444 519 3487 Societatis
531 3444 637 3500 Jesu‚
653 3445 774 3487 finem
788 3448 1013 3500 imponere,
1032 3448 1072 3488 ὃ(
1090 3445 1264 3488 termina

303 3519 346 3559 re
361 3501 524 3545 tandem
537 3503 735 3546 amicabili
751 3503 1013 3549 transactione
1033 3535 1045 3558 ,
1062 3506 1101 3546 &
1115 3518 1283 3547 concor-

302 3564 369 3606 dia
385 3575 521 3604 omnes
534 3587 547 3609 ³
563 3563 601 3603 δι
617 3559 854 3617 supradictas
870 3563 963 3606 lites
981 3563 1203 3619 pendentes
1219 3591 1232 3612 ,
1244 3564 1282 3603 ἃ.

302 3620 542 3678 inposterum
556 3618 712 3662 futuras
729 3634 802 3675 pro
817 3621 954 3678 majori
969 3625 1076 3664 bono
1092 3650 1104 3671 ,
1117 3623 1153 3662 &
1169 3621 1284 3674 quie-

303 3690 344 3723 te
359 3679 565 3722 ambarum
585 3679 753 3731 partium
769 3707 782 3729 ,
798 3680 834 3719 &
849 3692 929 3722 non
948 3681 1086 3723 minori
1111 3677 1280 3722 aedifica-

301 3741 432 3789 tione,
456 3737 697 3792 &exemplo
717 3737 841 3778 totius
866 3738 1111 3794 Reipublicae
1134 3750 1279 3780 conve-

300 3807 445 3841 nerunt
460 3823 474 3845 2
489 3799 529 3839 δι
548 3793 850 3839 concordarunt
876 3795 1175 3839 transactionem
1194 3825 1208 3849 ,
1239 3798 1277 3839 ὃς

422 3859 525 3899 Tem.
538 3857 576 3899 V.

2130 245 2282 325 323

1376 350 1665 400 concordiam,
1689 352 1811 407 prout
1831 349 2064 395 continetur
2088 352 2126 394 in
2150 357 2354 413 sequenti.

1377 411 1447 452 bus
1460 410 1661 466 Capitulis
1674 439 1685 451 .

1490 468 1631 511 Primo
1647 496 1658 508 .
1674 470 1967 511 Convenerunt
1979 469 2019 509 &
2031 468 2347 522 concordarunt,

1374 525 1482 582 quod
1508 526 1742 569 Refidentia
1768 530 1917 571 sanetae
1943 527 2180 583 Speluncae,
2212 528 2251 568 δε
2280 542 2351 581 pro

1367 584 1448 640 ipsa
1465 585 1816 629 Reverendiffimus
1834 585 2111 629 PAEranciscus
2129 586 2353 632 Bonost‘ro-

1366 644 1553 686 vincialis
1569 645 1784 688 Societatis
1795 645 1887 701 Jesu
1904 645 2118 688 Provincia:
2144 643 2354 699 Aragoniae

1372 700 1530 744 defistet
1543 731 1557 754 ,
1570 705 1609 743 &
1632 705 1878 746 renunciabit
1895 704 1933 745 in
1947 704 2075 746 forma
2092 703 2248 754 debita,
2263 716 2356 758 pro-

1371 771 1416 801 ut
1445 776 1536 803 cum
1561 760 1740 815 praesenti
1768 762 1939 813 desistit,
1965 765 2002 804 &
2030 762 2237 804 renunciat
2261 761 2352 807 liti,

1370 833 1455 875 quae
1484 820 1662 876 agitatur
1687 820 1727 861 in
1743 820 1959 862 Tribunali
1984 822 2207 864 Barcinonae
2237 819 2355 876 super

1370 879 1459 926 via,
1481 889 1551 920 aut
1569 879 1658 920 vico
1673 906 1688 929 ,
1719 878 1787 934 qui
1804 878 1933 920 tendit
1952 879 1972 919 a
1987 893 2108 934 parva
2126 881 2258 934 platea
2291 880 2355 921 su-

1367 936 1539 993 pradic‘ti
1557 934 1796 979 Conventus
1820 939 1900 979 ΡΡ.
1920 937 2218 993 Capucinorum
2234 935 2356 992 usque

1367 994 1416 1036 ad
1432 994 1687 1050 conspetfftum
1706 996 1775 1037 viae
1789 996 1999 1050 praecitatae
2016 998 2164 1039 Sanctae
2182 995 2352 1051 Spelun-

1365 1067 1417 1096 cae
1431 1052 1481 1094 ad
1498 1053 1798 1106 molendinum,
1825 1054 1965 1096 clausae
1987 1055 2011 1098 a
2033 1054 2138 1096 dicta
2159 1053 2356 1095 Refiden⁴

1365 1112 1420 1154 tia
1440 1126 1490 1154 ex
1505 1113 1694 1155 ambabus
1712 1115 1891 1168 partibus
1912 1127 2001 1155 cum
2018 1114 2171 1168 pariete
2186 1124 2234 1154 ex
2257 1109 2357 1166 lapi·-

1366 1170 1485 1213 dibus
1507 1173 1732 1214 constructo
1749 1200 1762 1222 ³
1795 1173 1833 1215 in
1863 1186 1943 1228 quo
1971 1172 2197 1228 impolitum
2213 1200 2228 1223 ‚
2255 1168 2357 1213 &fi-

1367 1239 1531 1286 gnatum
1545 1230 1600 1272 est
1616 1231 1854 1284 nomenJesu
1872 1259 1886 1282 ‚
1901 1233 1940 1273 δε
1953 1231 2075 1273 cedet
2094 1260 2108 1283 ,
2124 1237 2244 1287 prout
2262 1240 2355 1272 cum

1364 1288 1545 1345 praesenti
1575 1290 1686 1333 cedit
1712 1289 1818 1331 dieto
1845 1291 2080 1331 Conventui
2105 1303 2224 1330 omne
2264 1288 2323 1342 jus
2340 1311 2355 1334 ς,

1364 1348 1475 1404 quod
1492 1349 1628 1402 habet,
1642 1357 1712 1391 aut
1730 1347 1936 1402 excogitat
1958 1349 2107 1388 habere
2123 1346 2356 1400 superdicto

1364 1408 1456 1449 vico
1473 1409 1511 1448 &
1529 1408 1612 1459 via,
1629 1406 1850 1463 aperiendo
1863 1403 1937 1448 suis
1952 1403 2128 1459 expensis
2143 1404 2355 1458 parietem,

1363 1481 1482 1522 quern
1517 1466 1753 1516 construxit,
1770 1465 1924 1508 utendo
1952 1466 1990 1507 in
2005 1462 2058 1506 sui
2082 1459 2267 1505 favorem
2283 1487 2297 1508 2
2327 1459 2355 1501 fi

1364 1524 1545 1568 voluerit
1557 1553 1572 1575 ‚
1589 1526 1791 1567 caementis
1809 1551 1823 1574 2
1842 1538 1929 1578 quae
1944 1523 2102 1581 posuit,
2118 1521 2356 1573 relinquen-v

1361 1583 1416 1627 do
1431 1584 1469 1625 in
1484 1585 1672 1626 omnibus
1687 1585 1726 1625 &
1742 1597 1812 1638 per
1834 1582 1970 1624 omnia
1990 1581 2212 1631 vicum‚aut
2230 1579 2353 1628 viam,

1361 1653 1482 1699 prout
1498 1652 1617 1685 antea
1642 1643 1920 1698 reperiebatur
1937 1670 1952 1692 ‚
1981 1641 2093 1695 pasto
2118 1647 2253 1681 tamen
2269 1664 2283 1685 a
2314 1638 2354 1677 δὲ

1362 1701 1599 1745 conditione
1626 1701 1775 1758 adjecta
1795 1730 1808 1753 ,
1834 1699 1944 1756 quod
1971 1698 2095 1740 dietus
2109 1700 2352 1739 Conventus

1362 1762 1442 1802 PP.
1457 1760 1759 1814 Capucinorum
1774 1760 1921 1802 debeat
1946 1756 2185 1812 permittere
2199 1781 2212 1803 a
2227 1756 2266 1795 δι
2280 1754 2354 1794 da-

1363 1832 1406 1860 re
1423 1831 1495 1872 per
1508 1818 1654 1858 dictam
1670 1818 1777 1859 viam
1791 1826 1858 1857 aut
1877 1816 2007 1856 vicum
2028 1814 2196 1855 liberum
2214 1813 2354 1854 transi-

1360 1886 1448 1919 tum
1475 1889 1583 1930 aquae
1603 1873 1653 1916 ad
1678 1874 1861 1917 effefitum
1889 1870 2085 1928 irrigandi
2103 1871 2256 1927 aliquas
2272 1881 2357 1912 ter-

1361 1949 1423 1977 tas
1439 1932 1676 1976 Refidentiae
1691 1962 1705 1987 ‚
1719 1934 1759 1975 δε
1772 1933 1943 1976 aliorum
1962 1959 1976 1983 ,
1993 1931 2061 1988 qui
2078 1929 2141 1987 jus
2161 1929 2357 1972 haberent

1360 1993 1410 2036 ad
1427 1991 1557 2049 'ipsam
1571 2024 1584 2035 .

1477 2054 1691 2097 Secund-o.
1715 2053 1839 2108 Quod
1861 2052 1988 2096 didws
2011 2053 2282 2099 Conventus,
2313 2049 2353 2090 &

1360 2122 1434 2161 pro
1461 2125 1511 2149 eo
1545 2111 1753 2164 supradicti
1780 2114 1874 2154 RR.
1893 2113 1970 2154 PP.
1988 2109 2280 2160 provincialis,
2312 2111 2353 2149 δε

1364 2163 1680 2215 Diffinitorium‚
1703 2169 1743 2205 ὃς
1770 2169 1996 2220 praecitatus
2023 2167 2223 2219 Syndicus
2237 2169 2355 2222 Apo-⁴

1361 2221 1522 2265 stolicus
1537 2223 1714 2275 cedent,
1743 2233 1863 2279 prout
1886 2237 1978 2265 curn
1999 2223 2180 2276 prasenti
2196 2223 2351 2266 cedunt

1360 2278 1504 2322 favore
1538 2282 1777 2326 Refidentiae
1808 2282 1923 2324 distae
1954 2284 2105 2326 sanctae
2147 2282 2355 2338 Spelunca:

1355 2349 1474 2377 omne
1496 2336 1555 2391 jus
1571 2363 1585 2385 2
1605 2339 1715 2391 quod
1741 2338 1893 2378 habent
1908 2366 1921 2387 ‚
1937 2349 2007 2380 aut
2022 2339 2172 2382 habere
2188 2343 2354 2395 excogi-

1354 2401 1442 2435 tant
1458 2393 1578 2448 supra
1594 2406 1674 2434 uno
1690 2393 1800 2446 petio
1817 2393 1954 2434 Terrae
1975 2394 2014 2434 in
2030 2397 2176 2447 majori
2193 2403 2351 2449 par-tm..⁴

1355 2452 1543 2499 incultae,
1575 2452 1614 2491 &
1637 2450 1763 2506 paulo
1789 2457 1881 2493 ante
1908 2449 2104 2506 aliquibus
2138 2453 2350 2497 arboribus

1357 2507 1478 2552 olivae
1491 2509 1654 2559 ditatae,
1686 2511 1763 2550 sitae
1782 2507 1915 2550 subtus
1943 2509 2076 2558 viam,
2103 2523 2189 2566 quat
2218 2511 2351 2555 tendit

1357 2579 1407 2608 ex
1423 2566 1528 2608 dicta
1543 2566 1682 2608 Sancta
1702 2565 1900 2622 Spelunca
1914 2564 1964 2606 ad
1981 2564 2207 2610 Civitatem
2221 2597 2235 2620 ,
2263 2583 2348 2624 quae

1359 2634 1469 2667 terra
1485 2624 1617 2680 potest
1634 2624 1834 2680 proficere
1867 2623 2058 2679 praedictae
2075 2625 2318 2671 Refidentiae
2330 2660 2346 2682 ,

1357 2683 1452 2725 dum
1476 2685 1596 2726 habet
1619 2685 1714 2726 alias
1730 2695 1859 2726 terras
1878 2683 1934 2724 ibi
1952 2682 2189 2738 propinquas
2206 2712 2220 2734 ‚
2236 2686 2276 2724 δι
2289 2686 2347 2729 su.-

1355 2742 1539 2798 pradic'to
1553 2742 1787 2785 Conventui
1805 2756 1882 2783 non
1900 2741 2028 2796 potest
2059 2740 2132 2783 effe
2163 2755 2345 2784 commo.

1354 2801 1404 2842 da
1420 2829 1434 2852 ‚
1465 2815 1538 2843 nec
1556 2801 1666 2843 utilis
1682 2830 1696 2852 ,
1726 2815 1819 2843 cum
1852 2799 2078 2854 reperiatur
2099 2801 2265 2843 omnino
2284 2801 2342 2845 se·

1354 2869 1491 2916 parata
1505 2861 1573 2907 7&
1586 2859 1732 2901 distans
1753 2859 1773 2899 a
1790 2857 2081 2908 sua'clausura‚
2106 2860 2144 2900 δι
2162 2859 2340 2904 median-

1351 2929 1395 2960 te
1412 2917 1478 2960 ista
1494 2918 1720 2960 voluntaria
1737 2916 1908 2959 ceffione
1921 2917 2124 2959 evirantur
2141 2917 2340 2962 diffenfio-

1348 2990 1418 3019 nes
1433 3006 1445 3028 ‚
1462 2991 1547 3033 quae
1560 2977 1611 3018 de
1630 2976 1735 3018 facili
1762 2973 1914 3029 possent
1939 2972 2181 3027 inposterum
2203 2980 2336 3020 eveni.

1348 3051 1392 3078 re
1407 3061 1421 3082 s
1436 3035 1632 3077 tradendo
1654 3033 1885 3077 Refident-ia
1902 3031 2081 3085 syndico
2098 3035 2334 3088 Apostolico

1345 3095 1441 3136 dicti
1467 3093 1732 3141 Conventus,
1762 3090 1823 3132 vel
1850 3091 2051 3145 pretium,
2078 3091 2198 3134 vel&
2225 3093 2335 3137 elee-

1345 3152 1546 3207 mosynam
1560 3181 1573 3202 ,
1598 3151 1646 3192 ad
1663 3151 1842 3192 valorem
1871 3148 2198 3205 praecitatipretii
2216 3162 2332 3196 terra:

1343 3211 1451 3266 juxta
1476 3210 1776 3251 aestimationem
1793 3236 1807 3258 ,
1832 3219 1946 3264 quam
1962 3207 2110 3251 facient
2125 3208 2178 3251 de
2195 3225 2244 3254 eo
2256 3226 2331 3267 pe-

1342 3270 1410 3312 riti
1437 3271 1475 3309 &
1491 3267 1674 3323 practici.

1434 3327 1579 3369 Tertio
1593 3356 1603 3366 .
1619 3324 1742 3383 Qod
1756 3325 2026 3379 conveniet,&
2046 3327 2147 3372 bene
2158 3344 2327 3372 concor-

1345 3387 1455 3430 dabit
1470 3386 1583 3438 supra
1595 3383 1720 3424 dic‘tus
1735 3386 1970 3428 Conventus
2001 3387 2081 3428 PP.
2095 3390 2328 3444 Capucino-

1344 3460 1433 3488 rum
1453 3474 1466 3496 ‚
1495 3447 1533 3486 &
1574 3444 1801 3499 praecitatus
1830 3443 2025 3498 Syndicus
2055 3447 2324 3502 Apostolicus,

1344 3513 1465 3561 prout
1492 3517 1564 3558 pro
1583 3515 1632 3543 eo
1647 3502 1911 3554 conveniunt,
1932 3505 1969 3544 &
1985 3503 2245 3548 assentiuntur
2260 3503 2323 3547 su-

1345 3562 1510 3619 pradic'ti
1543 3559 1876 3604 Reverendiffimi
1904 3565 1946 3604 P.
1964 3565 2252 3614 Provincialis‚
2282 3566 2323 3606 ὅ(

1347 3620 1632 3664 Diffinitorium
1662 3644 1676 3666 2
1710 3619 1749 3658 &
1775 3619 1904 3663 dictus
1930 3621 2126 3674 Syndicus
2154 3623 2322 3677 Aposto-

1342 3680 1440 3721 licus
1466 3679 1501 3720 in
1519 3693 1592 3727 eo,
1623 3675 1731 3732 quod
1747 3677 1786 3719 in
1803 3680 1887 3722 solo
1902 3707 1916 3729 ,
1945 3680 2052 3733 quod
2074 3694 2180 3722 nunc
2193 3695 2320 3724 occu-

1339 3748 1407 3794 pat
1423 3738 1551 3792 paries
1567 3766 1579 3788 ,
1597 3747 1663 3779 aut
1680 3749 1814 3777 murus
1828 3738 2038 3780 divisorius
2054 3766 2068 3788 ,
2082 3740 2149 3795 qui
2168 3739 2318 3783 dividit

1337 3796 1420 3852 ejus
1437 3798 1596 3839 hortum
1610 3798 1633 3841 a
1646 3793 1797 3838 fabrica
1826 3795 2070 3839 Refidentiae
2091 3800 2202 3841 dictas
2215 3799 2316 3843 San-

1834 3853 1947 3898 Ssa
2192 3861 2262 3899 &ae
