2592 4094
413 248 597 354 236
1106 238 1650 357 Provincia

355 383 480 435 nenfi
507 387 740 454 captavit,
775 387 820 433 in
851 377 1016 431 virenti
1042 376 1190 429 adhuc
1221 382 1350 432 lau-ro
1370 416 1386 441 ,
1420 396 1466 432 et
1498 381 1692 450 palmis,
1723 379 1888 450 quibus
1915 381 2108 433 cadaver
2137 400 2233 437 erat
2255 394 2382 440 orna*

349 469 450 506 tum
468 489 485 515 ,
521 454 747 526 gloriosus
774 451 1061 517 comparuit.

484 523 818 590 FrsEugenius
836 555 852 577 ,
879 521 926 568 in
955 523 1201 572 Hannonia
1234 520 1345 573 licet
1369 537 1530 582 natus,
1562 520 1806 573 Insulenfis
1825 536 1977 572 tamen
2000 521 2149 572 dietus
2170 558 2187 583 ,
2213 524 2385 576 illustre

343 598 547 648 Familiae
566 594 802 647 Thienaeae,
818 588 893 639 seu
910 592 1153 642 Comitum
1168 592 1225 641 de
1244 596 1332 659 Los
1347 610 1554 662 germen,
1572 610 1622 644 ut
1646 593 1883 645 Christum
1909 590 2213 653 lucrifaceret,
2227 598 2384 659 omnia

347 681 400 717 ut
428 665 620 715 stercora
646 659 890 710 arbitratus
922 659 983 711 est
1016 696 1030 710 .
1069 664 1445 732 Primogeniturae
1473 669 1549 728 jus
1582 662 1989 732 strenueineglexit
2014 698 2030 721 ‚
2065 679 2112 712 et
2137 682 2245 715 cum
2273 683 2380 734 pau-

346 748 517 804 pertate
546 729 782 800 Religiosa
812 734 1154 783 commutavit.
1192 738 1265 784 lta
1293 736 1338 784 in
1369 733 1495 785 sensu
1527 733 1607 784 suo
1629 736 1798 793 viluit,
1835 749 1887 785 ut
1910 734 2167 803 ,quidquid
2180 737 2380 805 gloriam

345 802 559 854 vanitatis
588 801 765 861 oleret,
800 801 923 869 quafi
948 803 1187 870 impatiens
1218 803 1452 855 nausearet
1473 842 1487 856 .
1523 802 1654 872 lpsos
1692 822 1872 874 quoque
1901 803 2134 855 sermones
2158 840 2175 865 ,
2209 808 2287 872 qui
2323 806 2382 856 de

345 875 469 922 illius
496 873 737 940 agnatione
763 889 869 922 cum
902 873 1166 925 Comitibus
1198 873 1254 924 de
1289 876 1331 924 la
1366 877 1565 926 Moterie
1592 911 1607 933 ,
1643 874 1701 926 de
1738 879 1937 943 Launoy
1964 911 1980 935 ,
2016 876 2074 925 de
2109 876 2386 946 Romberg,

343 957 388 991 et
414 941 472 991 de
503 944 649 1000 Lens,
673 959 754 991 nec
787 960 876 993 non
913 962 1019 993 cum
1049 945 1396 996 Marchionibus
1422 946 1479 996 de
1512 943 1664 995 Berke
1699 982 1716 1006 ‚
1751 964 1803 996 ac
1835 947 2122 1015 Principibus
2153 947 2211 997 de
2240 950 2385 1012 Croy

343 1027 429 1061 etc.
443 1011 656 1080 agebant,
672 1011 824 1080 aperte
841 1010 1087 1065 fastidivit:
1104 1033 1185 1065 nec
1204 1016 1409 1074 laudare,
1426 1035 1506 1067 nec
1518 1016 1691 1066 laudari
1706 1018 1876 1075 voluit,
1892 1017 1998 1068 cum
2015 1019 2169 1068 omnia
2183 1018 2230 1066 in
2247 1035 2302 1066 eo
2320 1018 2387 1066 di-

342 1098 431 1151 gna
464 1081 602 1132 effent
625 1083 1280 1154 praeconiis,dispendiumque
1311 1089 1386 1137 vel
1418 1089 1674 1156 periculum
1707 1090 1893 1139 virtutis
1927 1103 2050 1137 ratus
2075 1087 2131 1137 ab
2161 1089 2382 1138 homine,

345 1150 430 1202 effe
461 1151 699 1203 laudatum
717 1189 730 1202 .
767 1153 1063 1208 Glorificavit
1084 1171 1239 1206 autem
1270 1155 1401 1207 suum
1436 1156 1617 1207 servum
1644 1162 1768 1209 Deus
1786 1194 1802 1217 ,
1825 1158 2016 1208 humilia
2049 1156 2222 1226 semper
2248 1155 2383 1225 respi-

348 1225 468 1272 ciens
486 1257 502 1280 ,
539 1237 588 1273 et
615 1225 775 1294 gratiis
804 1225 860 1275 ad
889 1230 982 1289 ejus
1010 1228 1266 1276 orationem
1298 1226 1422 1276 varie
1445 1227 1661 1280 conceffis
1677 1264 1694 1288 ,
1729 1230 1998 1279 memoriam
2033 1229 2155 1277 illius
2182 1227 2384 1278 reddidit

346 1292 571 1343 celebrem
591 1327 605 1343 .
641 1295 800 1346 Tantae
827 1310 923 1346 erat
954 1295 1222 1347 austeritatis
1240 1332 1257 1355 ,
1294 1312 1345 1348 ut
1372 1315 1454 1348 nec
1479 1316 1667 1359 carnes,
1703 1316 1785 1349 nec
1814 1297 1955 1368 pisces
1984 1334 2000 1358 ‚
2036 1316 2117 1347 nec
2141 1316 2231 1348 ova
2257 1315 2385 1348 man-

347 1362 571 1423 ducaret,
607 1378 656 1415 et
691 1366 848 1416 vinum
880 1365 1056 1417 biberet
1086 1385 1346 1435 nunquam:
1381 1369 1406 1418 a
1432 1371 1619 1419 terrenis
1645 1367 1829 1419 avulsus
1867 1405 1883 1427 ,
1922 1372 1966 1419 in
1993 1371 2196 1418 oratione
2224 1385 2386 1419 coram

345 1433 638 1485 Sanstiffimo
671 1438 965 1487 Sacramento
993 1439 1179 1487 entheus
1210 1436 1367 1506 saepius
1392 1437 1554 1489 manfit
1585 1476 1598 1489 .
1635 1439 1799 1507 Spiritu
1840 1457 1983 1509 magno
2011 1457 2118 1489 cum
2148 1440 2388 1490 Ezechia...

347 1505 472 1554 vidit
498 1506 648 1555 ultima
684 1524 804 1557 anno
833 1517 980 1568 1716.
1016 1511 1062 1556 in
1092 1508 1220 1563 Urbe
1255 1507 1504 1569 Insulenfi,
1537 1510 1766 1579 vitamque
1792 1509 1855 1560 ibi
1881 1510 2032 1562 finivit
2059 1508 2270 1560 miseram
2290 1544 2306 1568 ,
2335 1522 2390 1561 ut

341 1571 576 1624 frueretur
604 1574 855 1627 feliciffima
874 1614 886 1627 .
925 1575 1132 1646 Expofiti
1163 1578 1420 1630 Cadaveris
1450 1595 1634 1648 partes,
1670 1596 1716 1631 et
1746 1578 1888 1632 vestes
1919 1582 2118 1651 populus
2155 1599 2211 1630 ne
2228 1578 2386 1630 distra-

342 1644 500 1700 heret,
537 1647 815 1696 Satellitium
846 1662 1074 1698 armatum
1107 1667 1362 1717 praecavere
1395 1651 1582 1701 debuit.

483 1715 599 1764 Haec
627 1717 748 1764 Zelo
782 1715 946 1767 sociata
970 1719 1115 1769 virtus
1150 1738 1239 1769 non
1280 1719 1430 1770 solum
1459 1721 1652 1770 Nobiles
1684 1723 1937 1772 Provinciae
1957 1724 2166 1791 Juvenes
2201 1718 2391 1771 aedifica·

345 1781 445 1839 vit,
480 1780 557 1832 sed
586 1798 633 1832 et
658 1784 898 1835 confilium
929 1789 1196 1836 imitationis
1223 1803 1268 1837 et
1297 1788 1500 1839 Habitus
1522 1793 1568 1837 in
1590 1790 1747 1838 iisdem
1774 1790 2013 1845 accendit:
2033 1809 2086 1838 ex
2105 1793 2264 1840 multis
2293 1795 2392 1840 Du-

342 1852 470 1901 cibus
488 1887 505 1911 ,
537 1853 801 1904 Comitibus
819 1890 835 1913 ‚
875 1856 1129 1906 Batonibus
1156 1871 1243 1906 etc.
1267 1855 1463 1907 sufficiat
1487 1859 1560 1908 hic
1590 1854 1856 1908 memorasse
1876 1863 2084 1909 Fratrem
2113 1862 2394 1911 Maximilia-

343 1941 457 1972 num
484 1921 541 1973 de
571 1925 777 1974 Recourt
796 1961 811 1985 ,
846 1943 902 1976 ex
934 1924 1338 1978 illustriffimorum
1369 1931 1677 1980 Dominorum
1707 1929 1764 1979 de
1791 1931 1988 1997 Liques,
2018 1929 2074 1980 de
2105 1933 2218 1981 Lens
2234 1931 2281 1982 in
2299 1935 2389 1980 Ar-

347 1991 484 2043 thefia
501 2030 517 2052 ,
553 1996 768 2062 primitus
798 2014 852 2047 ex
879 1996 1085 2047 Ducibus
1110 1999 1326 2048 Bullionii
1355 2013 1566 2048 ortorum
1592 1998 1824 2066 prosapia:
1857 2004 1934 2049 Fr.
1969 2001 2228 2067 Philippum
2260 2004 2391 2051 Ema-

349 2065 532 2113 nuelem
560 2063 879 2131 d’Isenghien‚
914 2084 970 2114 ex
997 2066 1272 2114 nobiliffima
1299 2066 1356 2114 de
1392 2069 1582 2114 Valrain
1608 2067 1665 2116 de
1693 2067 1862 2124 Gand,
1900 2071 2163 2132 Principum
2193 2070 2251 2118 de
2272 2067 2394 2119 Mas·

347 2133 496 2180 mines
514 2164 531 2188 ‚
558 2145 605 2180 et
634 2132 702 2180 d'l
714 2132 920 2199 senghien
955 2135 1177 2183 Familia:
1214 2137 1292 2183 Fr.
1315 2135 1544 2184 Carolum
1572 2134 1629 2184 de
1661 2135 1870 2185 Andelot
1886 2154 1972 2194 ,ex
2006 2137 2139 2200 hujus
2175 2142 2375 2190 nominis

349 2200 759 2252 Vico-Comitibus
791 2216 949 2252 natum
976 2216 1066 2252 etc.

446 2272 635 2322 Colitur
651 2272 696 2319 in
712 2271 1034 2323 Dunkerkana
1049 2274 1180 2336 hujus
1201 2274 1448 2325 Provinciae
1467 2273 1663 2325 Ecclesia
1676 2278 1879 2342 plurimo
1893 2277 2052 2344 populi
2073 2277 2245 2329 acceffu
2267 2282 2393 2329 Ima-⁸

348 2358 411 2410 go
444 2346 499 2393 B.
517 2345 580 2390 V.
599 2342 785 2399 Mariae,
813 2360 949 2408 quam
976 2345 1254 2410 Capitaneus
1290 2346 1482 2393 Navalis
1514 2348 1746 2415 Georgius
1774 2348 1920 2396 Cools
1953 2345 2204 2412 spumantis
2240 2352 2392 2400 Maris

347 2411 480 2462 undis
510 2407 871 2477 supernatantem
902 2411 1111 2470 invehit,
1144 2427 1191 2462 et
1220 2415 1265 2462 in
1302 2431 1422 2463 nova
1454 2419 1663 2465 Fratrum
1694 2413 1892 2465 Ecclefia
1924 2418 2202 2468 collocavit.
2240 2418 2319 2469 Est
2349 2434 2394 2471 et

349 2481 544 2550 dignum
578 2482 868 2547 antiquitatis
897 2481 1124 2531 memoria‘i
1149 2483 1195 2532 id
1212 2519 1227 2542 ,
1253 2483 1381 2551 quod
1409 2487 1454 2534 in
1480 2483 1649 2537 fabrica
1679 2482 1946 2538 Conventus
1964 2488 2270 2540 Mervillenfis
2285 2506 2392 2540 con-

347 2554 458 2620 tigit
477 2586 492 2610 ,
529 2564 577 2599 et
608 2552 938 2619 operariorum
956 2553 1091 2603 turba
1119 2551 1321 2622 stupuit,
1359 2555 1474 2605 dum
1499 2559 1631 2625 plura
1652 2557 1876 2608 cadavera
1903 2558 2203 2626 incorrupta,
2222 2575 2270 2610 et
2287 2578 2395 2611 con·

354 2622 472 2671 testa
503 2619 683 2672 Habitu
711 2621 904 2673 Ordinis
937 2627 984 2674 S.
1007 2624 1242 2675 Benedisti
1276 2626 1446 2676 coloris
1472 2629 1671 2678 cinericii
1699 2642 1875 2697 reperta
1900 2626 2157 2696 conspexit.

491 2691 675 2741 Nullibi
710 2690 904 2746 sanctinis
929 2696 1075 2745 claret
1109 2698 1453 2764 Capucinarum
1487 2715 1652 2748 nomen
1683 2734 1699 2758 ,
1733 2712 1780 2749 et
1806 2697 1970 2749 nullibi
1994 2703 2140 2757 maior
2170 2702 2398 2769 reperitur

351 2760 740 2813 Monasteriorum
772 2764 954 2815 illarum
988 2783 1236 2826 numerus,
1273 2768 1413 2835 quam
1448 2770 1493 2818 in
1526 2770 1609 2819 hac
1641 2770 1883 2822 Provincia
1912 2789 1926 2818 =
1964 2772 2112 2820 Sacrae
2138 2770 2269 2835 hujus
2304 2776 2398 2823 Co.

350 2834 483 2883 loniae
516 2833 850 2884 incrementum
881 2840 957 2886 Fr.
975 2836 1240 2904 Augustino
1272 2839 1542 2891 Bethunenfi
1565 2839 1733 2891 merito
1764 2838 1972 2890 adscribo
2001 2875 2017 2898 ,
2051 2858 2159 2890 cum
2185 2843 2230 2891 in
2260 2859 2399 2910 opere

351 2901 632 2953 fundationis
668 2905 991 2957 Venerabilem
1020 2911 1238 2958 Sororem
1270 2909 1555 2961 Franciscam
1584 2908 1952 2981 Burburgensem
1978 2910 2199 2962 direxerit
2227 2948 2239 2961 .
2268 2914 2399 2976 Diju-

362 2973 536 3024 dicabit
564 2975 754 3042 ipsemet
780 2977 948 3027 Leftor
972 2977 1029 3027 de
1059 2977 1234 3028 austera
1257 2979 1420 3028 harum
1446 2982 1632 3033 vivendi
1662 2983 1866 3041 ratione,
1904 2979 1939 3031 fi
1969 2979 2085 3032 infra
2113 2984 2239 3052 leget
2276 2987 2399 3035 Con·

364 3042 617 3164 stigutiones
645 3046 859 3165 ilstlarum,
898 3046 1164 3117 Apostolica
1191 3049 1519 3117 approbatione
1546 3052 1810 3113 roboratas,
1843 3066 1890 3103 et
1924 3070 1978 3102 ex
2001 3049 2162 3103 nostris
2184 3068 2236 3104 ut
2258 3055 2404 3123 pluri·

359 3132 407 3163 m
445 3131 491 3163 m
519 3130 645 3164 extra
694 3133 770 3166 as.

548 3277 977 3371 Componitur
1011 3270 1339 3349 Provincia

641 3462 1024 3519 Ex'Conventibus
1049 3467 1247 3518 Fratrum
1723 3483 1842 3517 xxx.

642 3593 682 3644 E
684 3613 717 3644 x
753 3594 1052 3650 monasteriis
1081 3594 1338 3650 Monialium
1737 3614 1819 3647 vu.

2149 3902 2226 3949 1²1³.
2244 3892 2341 3951 Cle-
