2756 4074
965 148 1666 273 Apostolicas

2150 217 2153 221 ·
2196 181 2256 270 9

281 300 527 371 obstantibus
544 298 911 370 Constitutionibus
926 327 941 350 ,
966 302 1008 342 δι
1026 301 1267 348 Ordinatio·
1327 302 1499 360 pucinos
1513 302 1766 359 nuncupatos
1779 314 1830 344 ex
1845 312 2028 344 una-:ae
2045 305 2206 350 Fratres
2220 309 2324 366 ejus-

283 361 401 407 mbus
416 360 654 418 Apostolicis
667 387 681 410 ‚
695 375 740 404 ac
756 388 770 412 ,
781 368 974 416 quatenus
989 372 1092 415 opus
1108 361 1179 412 fit,
1202 361 1268 404 di·
1328 361 1423 403 dem
1438 361 1606 405 Ordinis
1626 360 1828 406 strictioris
1855 361 2122 404 observantiae
2138 379 2184 408 ex
2201 368 2327 411 altera

285 420 340 462 &i
353 420 520 464 Ordinis
532 446 546 469 ‚
561 421 680 468 etiam
693 418 921 477 juramento
932 444 947 466 ,
959 415 1266 467 confirmatione

277 480 537 537 Apostolica,
551 480 615 523 vel
629 476 770 538 quavis
796 475 990 520 firmitate
1010 475 1088 521 alia
1103 477 1273 519 robora-

279 540 335 583 tis
352 539 506 584 statutis
521 567 535 590 ,
567 541 602 582 Sc
630 536 984 581 consuetudinibus
998 562 1012 586 ‚
1046 535 1270 592 privilegiis

282 612 442 657 quoque
456 626 470 649 ,
485 597 651 642 indultis
664 624 679 649 ,
693 595 898 643 &litteris
916 595 1180 652 Apostolicis,
1196 592 1272 638 eis-

280 659 376 700 dem
391 658 598 704 Fratribus
615 655 818 700 strictioris
843 654 1119 699 Obseruantia:
1132 683 1147 707 ‚
1172 653 1273 698 1110-

278 731 451 775 rumque
469 712 828 774 Superioribus‚&
843 711 1047 776 quibusvis
1066 713 1154 759 aliis
1172 743 1186 766 ,
1201 714 1271 759 sub

278 790 522 835 quocunque
535 785 694 826 tenore,
707 775 746 817 δι
761 771 918 823 formis,
935 786 981 816 ac
996 787 1089 816 cum
1105 773 1268 830 quibus·

276 836 476 888 vis,etiam
488 832 848 891 derogatoriarum
861 832 1148 888 derogatoriis‚
1162 832 1267 876 aliis-

275 909 355 953 que
379 892 694 944 efficacioribus,
719 893 760 933 &
784 889 957 935 insolitis
980 890 1164 934 clausulis
1177 917 1192 940 ,
1225 905 1269 934 ac

274 952 526 997 irritantibus
538 977 552 998 ‚
566 952 606 993 δε
618 949 707 994 aliis
720 949 896 998 decretis
912 952 951 993 in
965 964 1129 1008 genere,
1147 951 1210 992 vel
1222 951 1268 993 in

274 1009 431 1068 specie,
445 1024 491 1054 ac
515 1009 611 1053 aliis
625 1009 664 1051 in
683 1011 934 1053 contrarium
949 1008 1269 1065 praemifl'orunu

272 1068 589 1128 quomodolibet
611 1067 802 1112 concessis
816 1097 832 1122 ,
859 1068 1267 1118 confirmatis‚&in·

275 1129 435 1173 novatis
448 1158 461 1171 .
474 1128 633 1184 Quibus
645 1128 837 1172 omnibus
851 1155 866 1178 ‚
879 1130 920 1171 &
932 1128 1110 1185 lingulis,
1126 1142 1268 1171 eorum

271 1190 454 1231 omnium
467 1197 628 1231 tenores
642 1187 894 1244 praesentibus
910 1202 985 1243 pro
997 1187 1174 1242 plene,&
1189 1185 1269 1229 suf-

269 1246 458 1290 ficienter
469 1245 658 1302 expreffis
673 1274 687 1297 ,
711 1248 750 1290 &
766 1245 815 1289 ad
833 1248 999 1290 verbum
1014 1247 1171 1290 insertis
1198 1247 1268 1288 ha·

274 1306 423 1352 bentes
438 1333 453 1358 ,
466 1305 549 1349 illis
564 1306 662 1351 alias
675 1305 715 1355 in
731 1304 799 1348 suo
813 1307 961 1350 robore
979 1305 1265 1363 permansuris,

273 1366 353 1410 hac
382 1365 474 1410 vice
501 1363 714 1409 dumtaxat
742 1363 972 1421 specialiter
986 1393 1001 1417 ‚
1026 1367 1065 1411 &
1079 1363 1266 1420 expresse

272 1423 513 1480 derogamus
545 1449 560 1473 ‚
589 1420 821 1479 caeterisque
854 1424 1071 1470 contrariis
1105 1423 1267 1480 quibus-

269 1496 427 1538 cunque
440 1512 453 1524 .
470 1482 670 1526 Volumus
686 1492 823 1526 autem
835 1507 850 1529 a
875 1483 986 1539 quod
1015 1482 1265 1540 praesentium

268 1539 531 1598 transumptis
545 1571 558 1594 ‚
571 1543 694 1584 etiam
714 1541 908 1597 impreffis
923 1569 938 1593 ,
965 1556 1085 1585 manu
1100 1541 1268 1597 alicujus

270 1601 440 1644 Notarii
457 1601 609 1657 publici
623 1599 857 1658 subscriptis
874 1602 937 1652 ,βε
948 1600 1081 1659 ligillo
1094 1599 1262 1658 alicujus

267 1660 444 1715 perffinae
471 1660 511 1702 in
526 1658 726 1717 dignitate
743 1659 1019 1706 Ecclefiastica
1041 1659 1263 1709 contlitutae

269 1720 439 1762 munitis
455 1717 595 1762 eadem
613 1717 773 1774 prorsus
787 1717 887 1762 fides
904 1720 1160 1771 adhiheatur,
1176 1733 1264 1777 quae

268 1775 419 1821 eisdem
435 1778 692 1833 praesentibus
705 1777 972 1822 adhiberetur
983 1778 1032 1832 ,fi
1043 1776 1179 1822 forent
1191 1794 1264 1822 ex·

268 1834 407 1879 bibitae
420 1864 435 1886 ‚
447 1833 512 1878 vel
527 1836 687 1877 ostensa
700 1864 713 1880 .

371 1894 524 1935 Datum
541 1894 678 1939 Romae
693 1889 799 1946 apud
812 1895 997 1936 Sanctum
1013 1894 1178 1935 Petrum
1194 1889 1262 1933 sub

273 1948 439 1991 Annulo
468 1948 683 1989 Piscator-is
706 1950 772 1989 die
797 1963 835 1989 x.
848 1949 1023 2000 Ianuarii
1040 1959 1263 1991 Mncxxtv.

271 2002 542 2050 Pontificatus
551 2002 678 2049 nostri
700 2004 826 2048 Auno
846 2002 1013 2058 primo.

825 2124 892 2172 V.
911 2119 1188 2171 Theatinus.

273 2244 520 2303 Autograph.
536 2245 580 2288 in
606 2243 726 2288 Arch.
741 2245 887 2284 secret.
918 2237 1104 2284 Brcm'um
1128 2236 1258 2298 Apoll.

381 2303 514 2361 Mense?
525 2333 543 2356 ,
556 2304 606 2354 {9⁰
626 2307 740 2347 Anno
745 2299 949 2359 praedaffls
958 2330 973 2343 .

265 2446 384 2463 ..ιιι-
389 2438 1260 2462 ῡ-ῠ-Μ*

258 2544 441 2595 Nuntio
466 2542 738 2612 Apostolico
756 2544 952 2606 Litteras
968 2539 1257 2610 Apostolicas

333 2613 594 2684 praepofitas
622 2617 783 2683 exequi
813 2633 903 2666 non
927 2613 1109 2664 valente
1134 2646 1151 2668 ,
1188 2626 1258 2659 ea·

329 2703 438 2736 rum
470 2686 788 2737 executionem
825 2681 1067 2736 Francisco
1095 2678 1257 2732 Cardi-

251 2760 253 2764 ’
327 2757 421 2807 nali
434 2755 490 2807 de
512 2759 555 2806 la
569 2753 956 2807 Roche-foucault
971 2788 986 2810 ,
1003 2770 1056 2801 ac
1076 2748 1256 2819 Episco-

315 2872 324 2880 ,
332 2842 395 2895 po
410 2828 479 2876 Sil
486 2823 738 2888 vaneftenfi
750 2823 1005 2874 committit:
1020 2858 1033 2872 .

287 2966 446 3015 DileHo
461 2966 564 3009 Pilio
576 2965 720 3022 nostro,
738 2959 1078 3021 franciscoffitult·
1095 2960 1233 3005 δαηὲἵί

378 3026 535 3069 Calixti
551 3023 773 3084 Presbytero
798 3021 1009 3067 cardinali
1036 3022 1080 3062 de
1104 3023 1146 3064 la

433 3082 761 3140 Roche-foucault
779 3111 793 3134 ,
813 3096 857 3124 ac
881 3079 1087 3126 Venerabi-

549 3143 582 3185 11⁶
611 3142 756 3189 Fratri
794 3141 972 3200 Epistopo

605 3199 908 3258 Silvanebi‘cnfi.

294 3339 706 3396 URBANus
756 3340 977 3406 ,PAPA
1027 3335 1219 3386 V111.

373 3487 528 3531 Dr‘lefh
541 3485 617 3543 fili
640 3485 797 3544 nester}
822 3498 867 3529 ac
898 3482 1135 3530 Venerabilis

430 3549 580 3591 Frater
592 3574 607 3597 ‚
623 3547 801 3591 salutem
814 3576 830 3596 ,
847 3545 902 3596 ό·
917 3541 1077 3601 Aposto-

525 3609 642 3653 licam
661 3604 960 3649 benediffioneus
980 3631 994 3647 .

382 3726 589 3778 Lias3eum
603 3727 717 3769 causa
731 3726 838 3769 inter
847 3723 1017 3767 dilectos
1033 3720 1156 3765 Filios
1172 3719 1262 3761 Fra-

396 3795 475 3830 tres
486 3783 653 3828 Ordinis
669 3785 871 3828 Minorum
887 3786 926 3828 S.
941 3780 1142 3826 Francisci
1159 3782 1239 3823 Ca-

376 3847 479 3890 Tom.
501 3847 543 3890 V.

1332 420 1510 478 partibus
1530 450 1543 475 ‚
1566 420 1718 465 dez&
1731 414 1844 477 super
1864 418 2175 475 reaffumptione
2201 428 2327 469 Calo-

1333 478 1548 534 podiorum
1579 510 1594 533 ,
1618 483 1658 524 δι
1677 479 1934 524 distin-stione
1950 478 2124 523 Habitiis
2151 481 2203 524 ad
2230 498 2326 537 prae-

1333 538 1525 593 scriptum
1542 540 1752 583 Bullarum
1767 537 1789 581 ὲ
1815 537 1978 582 diverfis
2005 540 2198 582 Romanis
2219 543 2327 583 Pon-

1332 594 1509 642 tificibus
1540 596 1899 645 Praedecefforibus
1927 597 2072 641 nostris
2118 610 2324 641 emanata-

1336 668 1455 706 rum,
1488 654 1562 697 diu
1592 657 1745 711 agitata
1771 688 1787 711 ‚
1813 657 1866 702 de
1901 656 2094 700 mandato
2120 657 2260 700 nostro
2285 659 2325 700 in

1332 714 1670 775 Congregatione
1699 717 2007 760 Venerabilium
2032 718 2222 759 Fratrum
2249 731 2323 760 no-

1329 772 1498 818 strorum
1526 774 1675 815 Sanaae
1701 775 1893 817 Romanae
1911 775 2095 819 Ecclefiat
2123 775 2326 819 Cardina-

1327 832 1428 875 lium
1453 832 1630 889 negotiis
1648 833 1911 888 Regularium
1935 833 2230 890 praepofitorum
2246 837 2325 878 ite-

1330 905 1418 934 rum
1447 891 1676 948 propofita,
1707 905 1781 947 per
1809 889 1968 933 eosdem
1987 893 2229 937 Cardinales
2259 909 2327 937 au·

1329 951 1424 993 ditis
1441 951 1620 1007 partibus
1644 949 1801 995 mature
1816 976 1830 998 a
1855 950 1895 992 &
1909 950 2206 1006 diligentissime
2233 967 2327 1008 per-

1330 1009 1446 1066 pensa
1460 1036 1474 1060 ,
1503 1011 1542 1051 δι
1555 1010 1783 1053 examinata
1797 1007 1929 1052 fuiffet
1942 1036 1956 1059 ,
1980 1013 2069 1052 Nos
2087 1024 2157 1064 per
2172 1014 2324 1055 nostras

1327 1070 1370 1111 in
1404 1067 1519 1111 fimili
1549 1067 1677 1112 forma
1705 1069 1843 1114 Brevis
1871 1066 1944 1110 sub
1969 1067 2035 1111 die
2070 1070 2319 1124 10.Januarii

1329 1126 1515 1185 proxime
1529 1128 1730 1183 praeteriti
1743 1127 1952 1183 expeditas
1969 1126 2129 1170 litteras
2151 1130 2175 1171 a
2193 1129 2323 1171 Nobis

1329 1186 1445 1244 super
1458 1187 1570 1231 causa
1597 1187 1822 1243 hujusmodi
1850 1185 2020 1236 statuta,
2045 1187 2084 1228 &
2100 1186 2320 1236 ordinata,

1330 1246 1566 1290 Venerabili
1584 1246 1714 1290 Fratri
1729 1243 2325 1300 Bernardin0,Archiepiscopo

1327 1307 1591 1357 Damiatensr,
1606 1304 1741 1349 nostro
1765 1333 1779 1356 ‚
1807 1307 1846 1347 &
1868 1303 1983 1348 Sedis
2015 1303 2260 1360 Apostolicae
2282 1305 2324 1345 in

1326 1367 1477 1422 Regno
1489 1365 1667 1410 Frauciae
1682 1365 1843 1409 Nuntio
1855 1394 1871 1415 ,
1902 1363 2009 1406 inter
2023 1364 2102 1406 alia
2118 1362 2325 1406 mandavi·

1327 1439 1451 1479 mus3
1479 1433 1523 1467 ut
1537 1423 1798 1481 opportune,
1829 1420 2013 1478 ejusdem
2027 1421 2195 1465 Ordinis
2227 1425 2324 1465 Fra·

1327 1495 1410 1527 tres
1455 1484 1720 1527 Recolleetos
1758 1492 2014 1537 nuncupatos
2041 1480 2188 1524 Galliae
2210 1507 2224 1530 ,
2252 1480 2321 1535 qui

1328 1555 1409 1587 non
1422 1540 1657 1587 deferebant
1670 1541 1797 1586 soleas
1812 1571 1827 1594 ‚
1853 1540 1919 1585 sed
1939 1538 2169 1597 Calopodia
2184 1568 2198 1591 ‚
2225 1551 2320 1583 cum

1324 1601 1529 1647 constaret
1548 1617 1618 1646 eos
1647 1602 1874 1659 Capucium
1905 1599 2198 1657 aliquantisper
2224 1610 2321 1642 acu-

1324 1663 1520 1708 minatum
1538 1660 1701 1705 deferre
1715 1690 1730 1712 ,
1761 1659 1863 1704 illud
1879 1660 2046 1702 omnino
2063 1656 2286 1701 rotundum
2301 1685 2318 1706 ‚

1322 1731 1638 1779 mozzetamque
1663 1720 1882 1775 largiorem
1910 1715 2104 1765 assumere
2129 1724 2319 1763 curaret,

1323 1783 1364 1824 δι
1386 1781 1503 1832 alias,
1515 1789 1637 1836 prout
1653 1781 1694 1822 in
1717 1779 1836 1822 dictis
1862 1778 2034 1829 litteris,
2058 1790 2228 1834 quarum
2256 1784 2319 1815 te-

1323 1849 1444 1878 nores
1482 1850 1563 1889 pro
1601 1835 1790 1889 expressis
1816 1835 1957 1875 haberi
1988 1834 2172 1876 volumus
2192 1858 2207 1880 ,
2233 1831 2324 1886 ple·'

1324 1891 1412 1935 nius
1439 1892 1674 1936 continetur
1700 1921 1711 1933 .
1741 1893 1849 1933 Cum
1877 1901 2015 1932 autem
2041 1890 2318 1933 Bernardinus

1323 1948 1658 1999 Archiepiscopus
1683 1948 1940 1996 gravioribus
1969 1948 2139 1997 nostris,
2168 1950 2209 1990 δε
2241 1948 2318 1989 hu-

1323 2003 1386 2060 jus
1400 2005 1552 2044 Sanetae
1572 2002 1687 2044 Sedis
1703 2003 1879 2056 negotiis
1906 2003 2140 2055 impeditus,
2154 2005 2203 2045 ad
2221 2017 2318 2046 exe-

1326 2062 1531 2104 cutionem
1561 2060 1740 2104 mandati
1768 2060 1895 2103 nostri
1921 2057 2177 2116 hujusmodi,
2203 2075 2315 2105 non..

1324 2118 1566 2176 processerit
1579 2149 1593 2171 ‚
1619 2133 1748 2176 neque
1764 2119 1997 2176 procedere-
2009 2120 2144 2163 valeat
2160 2120 2199 2162 in
2213 2135 2315 2175 prae-

1321 2179 1407 2229 sens
1434 2207 1449 2231 2
1492 2182 1577 2222 Nos
1603 2178 1838 2222 mandatum
1879 2178 2059 2221 nostrum
2085 2179 2314 2235 pradictum

1319 2239 1466 2285 debitae
1489 2239 1727 2283 executioni
1751 2238 2048 2296 quamprimum
2076 2238 2313 2281 demandari

1319 2300 1526 2357 cupientes
1542 2326 1557 2350 ‚
1583 2312 1630 2341 ac
1644 2299 1696 2342 de
1712 2298 1897 2355 lingulati
1929 2298 2056 2341 vestra
2071 2299 2111 2342 in
2129 2301 2215 2341 Nos
2233 2326 2248 2348 ‚
2270 2299 2313 2340 &

1319 2359 1467 2404 Sedem
1489 2356 1674 2402 eamdem
1696 2385 1711 2408 ,
1742 2355 1822 2400 fide
1837 2385 1851 2408 ,
1874 2359 1913 2399 &
1936 2356 2158 2400 devotione
2183 2356 2313 2411 pluri-

1318 2421 1428 2462 mum
1444 2418 1483 2460 in
1498 2416 1680 2460 Domino
1697 2415 1834 2458 confisi
1848 2441 1862 2463 a
1894 2415 2126 2472 praedictum
2139 2419 2314 2458 Bernar-

1317 2477 1458 2521 dinum
1478 2473 1841 2532 Archiepiscopum
1863 2477 1911 2517 ab
1925 2475 2168 2518 executione
2201 2488 2314 2516 man·

1317 2537 1401 2581 dati
1416 2536 1539 2580 nostri
1559 2533 1788 2590 hujusmodi
1801 2537 1837 2576 A
1844 2532 2038 2586 postolica
2056 2533 2310 2583 auctoritate,

1317 2606 1463 2640 tenore
1477 2595 1729 2652 praesentium
1743 2590 2007 2643 absolvimus,
2020 2590 2223 2646 Vobisque
2237 2605 2311 2646 per

1317 2653 1789 2713 praesentesinjungimus
1806 2683 1821 2704 ,
1848 2660 2046 2708 quatenus
2061 2650 2111 2693 ad
2130 2649 2309 2707 ejusdem

1319 2714 1495 2756 mandati
1513 2712 1632 2756 nostri
1647 2711 1827 2770 praedicti
1855 2710 2144 2754 executionem
2166 2709 2312 2766 juxta...

1317 2773 1426 2817 illius
1454 2772 1625 2816 formam
1641 2801 1656 2824 ,
1675 2774 1941 2820 &tenorem‚
1956 2771 2042 2814 Vos
2055 2799 2075 2823 a
2104 2780 2172 2811 aut
2205 2780 2307 2809 unus

1319 2830 1490 2875 vestrum
1507 2860 1522 2885 ‚
1551 2832 1792 2874 austeritate
1808 2829 1942 2874 nostra
1958 2828 2186 2885 procedatis
2203 2854 2217 2874 ,
2245 2822 2309 2867 su-

1317 2905 1388 2947 per
1405 2905 1487 2946 quo
1510 2890 1695 2946 plenam,
1712 2892 1750 2932 &
1777 2888 1951 2943 amplam
1970 2887 2095 2930 Vobis
2122 2884 2300 2926 eadem.,

1319 2948 1584 2999 anfion-itate,
1598 2954 1738 2989 tenore
1751 2945 2003 3002 praesentium
2035 2941 2271 2985 facultatem
2289 2971 2305 2993 ‚

1318 3012 1359 3052 δι
1376 3008 1655 3051 αυξὶοῐίῑειῐεω
1668 3003 1931 3047 concedimus
1942 3029 1957 3051 ‚
1970 3001 2277 3055 &impartimur
2290 3028 2304 3041 .

1321 3072 1417 3113 Non
1433 3065 1673 3110 obstantibus
1686 3061 1835 3107 litteris
1851 3059 1994 3103 nostris
2011 3058 2210 3115 praedietis
2222 3085 2236 3106 a
2254 3073 2302 3101 ac

1322 3128 1507 3171 omnibus
1522 3124 1602 3167 illis
1620 3150 1634 3173 ,
1664 3135 1748 3178 quae
1772 3119 1888 3163 ineis
1905 3116 2090 3162 volumus
2119 3132 2200 3160 non
2230 3119 2305 3159 ob·
2341 3147 2343 3151 .

1321 3188 1451 3238 stare,
1480 3181 1706 3235 caeterisque
1719 3179 1932 3223 contrariis
1961 3175 2301 3233 quibuscumque.

1438 3247 1586 3286 Datum
1615 3241 1756 3283 Romae
1782 3236 1890 3294 apud
1923 3239 2109 3282 Sanctam
2130 3237 2300 3280 Mariam

1319 3303 1518 3359 Majorem
1534 3299 1604 3343 sub
1616 3299 1785 3342 Annulo
1811 3295 2025 3341 Piscatoris
2041 3325 2058 3347 ,
2078 3295 2146 3336 die
2161 3295 2301 3336 ultima

1310 3363 1406 3420 Julii
1432 3379 1464 3406 Μ
1483 3377 1511 3404 o
1527 3374 1553 3403 c
1569 3372 1629 3403 xx
1648 3371 1720 3416 tv.
1745 3354 2010 3414 pontificatus
2034 3354 2154 3397 nostri
2182 3355 2301 3396 Anno

1316 3423 1454 3467 Primo
1466 3449 1479 3463 .

1929 3536 1984 3577 V.
1996 3530 2186 3576 Theatin.

1381 3656 1624 3714 Autograpb.
1637 3655 1680 3696 in
1695 3650 2159 3699 Arcb.secret;Brevium
2171 3648 2296 3706 Apost.

1482 3715 1625 3771 regesto
1638 3714 1783 3772 Mensis
1799 3741 1814 3766 ,
1842 3712 1890 3762 (5
1906 3707 2300 3765 Annlpraedithrum

1468 3775 1548 3835 sol.
1567 3781 1607 3818 6.

1836 3831 1866 3870 B
2148 3824 2244 3867 NO-
