2612 4100
429 172 594 264 1'16
1108 176 1695 257 Provincia

485 324 719 378 Gestiebat
745 321 1024 391 Lugdunum
1051 317 1185 386 regiis
1210 314 1393 385 obsequi
1421 319 1586 368 litteris
1619 353 1634 376 ,
1672 316 1722 368 ὅ(
1746 351 1762 375 ,
1798 315 1911 366 dum
1945 319 2184 384 Pompejus
2219 323 2383 376 Porro,

343 394 700 448 Mediolanenfis
714 430 730 453 ,
745 392 796 443 ed
814 398 858 439 in
886 389 1091 438 Civitate
1111 389 1374 456 Trapezita,
1391 393 1573 438 Fratres
1599 387 1686 439 suis
1715 390 1759 436 in
1788 385 1980 441 AEdibus
1998 386 2194 454 hospites
2213 392 2381 447 tenuit,

335 470 545 538 Janellus
576 468 631 515 de
657 461 1011 527 Lechis,pariter
1029 457 1402 517 Mediolanenfis,
1417 477 1500 528 pro
1526 458 1614 511 situ
1633 457 1905 510 Conventus
1936 473 2094 519 4500.
2116 457 2250 508 libras
2284 476 2386 509 ero-

344 541 503 609 gavit.
543 542 599 586 In
620 536 736 588 hoc,
775 526 907 578 morti
937 544 1029 576 non
1056 527 1316 591 interjestd,
1352 547 1466 596 opus
1496 531 1730 599 inceptum
1753 565 1769 588 ,
1801 527 1851 580 ἃ
1884 528 1911 578 ὲ
1945 529 2084 576 Petro
2116 527 2160 577 d'
2181 530 2385 596 Epinac,

343 625 457 659 tunc
494 599 852 669 Archiepiscopo
895 596 1216 667 Lugdunenfi,
1257 598 1425 649 indicia
1453 602 1580 668 prius
1607 597 1888 668 processione
1931 594 2162 657 solemni,
2205 600 2384 666 primus

343 677 514 748 politus
546 674 607 725 est
631 673 742 739 lapis
761 706 775 719 .
814 669 1020 727 Laetitia,
1052 681 1189 736 quam
1218 674 1436 721 Fratrum
1466 672 1689 720 incolatus
1715 671 1890 739 populo
1917 666 2106 737 ingeffit
2125 703 2142 727 ,
2178 671 2241 718 ita
2283 667 2385 719 suc·
2455 703 2457 705 -

345 747 512 797 ceffivo
551 746 837 794 incremento
864 755 947 810 per
981 741 1154 789 vicinas
1195 742 1406 790 Ditiones
1448 741 1775 810 multiplicavit
1818 743 2101 791 Conventus
2134 773 2152 797 ,
2194 753 2245 788 ut
2273 743 2373 802 jam

344 833 461 867 anno
500 839 518 865 ι
530 817 648 877 580.
695 812 900 881 primurn
932 811 1206 877 Capitulum
1232 847 1248 870 ,
1285 829 1340 861 ex
1380 812 1633 864 Vocalibus
1658 815 2000 862 conventuum
2031 823 2143 858 tunc
2189 808 2377 857 existen·

345 889 498 942 tium,
531 879 842 954 Lugdunensis
871 879 1126 940 videlicet,
1164 879 1496 932 Avenionenfis
1527 917 1544 940 ‚
1579 879 1948 947 Camberienfis,
1986 876 2269 930 Roannenfis
2290 914 2306 937 ,
2337 876 2388 928 ὃς

345 953 632 1006 Maffilienfis
665 950 803 1003 fuerit
835 947 1115 1001 celebratum
1130 987 1146 1010 ,
1183 950 1233 1003 &
1252 953 1510 1010 Provincia,
1530 949 1609 1001 sub
1625 954 1808 1002 nomine
1827 950 1876 1002 ὅ(
1895 947 2041 1000 tutela
2072 953 2132 998 D.
2152 952 2390 999 Bonaven-

345 1041 453 1076 turae
471 1061 487 1084 ,
504 1022 697 1075 evaserit
727 1024 774 1072 in
804 1019 989 1071 felicem
1019 1023 1365 1073 Provinciarum
1393 1021 1687 1075 S.Ludovici
1705 1058 1722 1082 ,
1741 1021 2006 1078 Sabaudiae,
2038 1018 2087 1073 ὅς
2111 1017 2391 1090 Burgundiae

342 1100 546 1147 Matrem
567 1131 582 1155 ,
600 1094 674 1144 cui
703 1095 818 1143 inter
850 1093 1014 1143 Galliae
1037 1093 1299 1143 Provincias
1322 1095 1524 1162 primum
1544 1128 1560 1151 ,
1575 1090 1674 1162 post
1703 1090 2014 1149 Parifiensem,
2027 1091 2183 1139 locum
2214 1089 2389 1149 deberi,

345 1169 457 1217 olim
489 1164 712 1215 sancitum
740 1161 804 1212 est
827 1199 843 1222 ,
876 1167 1075 1214 Decreto
1101 1160 1331 1213 subnexo:

493 1234 596 1285 Visis
625 1240 651 1287 ἃ
680 1233 796 1283 nobis
820 1232 1096 1301 propqfi'tione
1113 1231 1256 1301 ,fibla
1283 1237 1310 1282 ὰ
1327 1234 1529 1284 Patribus
1559 1233 1798 1285 Provinciae
1829 1230 2108 1300 Lugdunetfis
2123 1230 2251 1296 super
2284 1230 2389 1281 dato

343 1305 438 1359 'ac‘lu
451 1306 630 1374 speciali
660 1304 839 1372 exprgffo
869 1307 913 1353 in
942 1303 1263 1372 Congregatione
1292 1303 1494 1356 RR.PP.
1516 1305 1855 1355 Provincialium
1880 1306 2016 1350 totius
2043 1301 2215 1359 Galliae,
2242 1296 2386 1352 coaffl

346 1376 528 1426 Parisiis
549 1394 681 1426 coram
710 1373 1071 1440 Reverendifflmo
1100 1374 1228 1425 Patre
1244 1374 1416 1442 “Joanne
1442 1375 1728 1428 Moncalerio
1744 1411 1761 1433 ,
1792 1373 1994 1441 Generali
2019 1370 2223 1438 Ministro
2236 1407 2252 1431 ‚
2275 1356 2393 1422 Prie-⁷

349 1447 544 1516 decffire
571 1446 707 1498 nofz’ro
727 1483 744 1508 ,
778 1449 823 1495 in
855 1443 937 1514 quii
968 1446 1126 1513 quidem
1154 1450 1180 1495 12
1211 1445 1424 1498 ‘Patribus
1460 1466 1514 1496 ex
1539 1462 1714 1515 utraque
1738 1460 1861 1511 parte
1897 1443 2120 1513 designatis
2135 1478 2152 1501 ,
2181 1442 2237 1492 (9¹
2254 1442 2392 1512 fide-a

349 1518 487 1586 dignis
515 1555 529 1577 ,
554 1518 737 1586 resblutae
757 1517 860 1586 sunt
889 1517 1035 1585 aliquae
1065 1517 1333 1585 difficultates
1349 1552 1365 1576 ,
1395 1532 1492 1567 ortae
1519 1521 1631 1566 inter
1660 1516 1811 1566 Patres
1841 1513 2082 1565 Pro-vinciae
2103 1513 2358 1564 Parisiensis
2371 1548 2390 1572 ,

349 1587 633 1657 Lugdunensis
652 1625 667 1647 ,
702 1590 757 1636 &¹
772 1589 951 1638 aliarum
980 1590 1220 1639 vicinarum
1236 1624 1252 1647 ,
1265 1588 1390 1655 super
1417 1608 1461 1636 eo
1484 1587 1713 1656 praefirtim
1729 1622 1744 1644 ,
1772 1585 1892 1654 quod
1899 1584 2066 1652 speflat
2091 1584 2149 1633 ad
2166 1584 2394 1651 praecedem

346 1661 451 1708 tiam
465 1697 480 1718 ,
515 1665 568 1710 ἅθ’
593 1660 775 1709 ordinem
790 1657 1061 1727 fundationis
1082 1660 1289 1718 illarum3
1314 1661 1594 1709 *Authoricace
1627 1659 1768 1707 nossra
1801 1657 2084 1722 confirmamus
2109 1655 2398 1723 refilutionem

341 1728 394 1775 ab
423 1731 515 1778 illis
538 1745 743 1793 acceptam
761 1764 776 1786 ,
801 1730 856 1776 ἐπ’
882 1728 1083 1793 praedift'o
1115 1729 1210 1776 aft'u
1221 1730 1403 1794 speciali
1419 1731 1642 1798 firmatam
1668 1730 1735 1778 die
1765 1731 1843 1778 18.
1860 1726 2059 1775 OHobris
2086 1729 2186 1774 anni
2215 1725 2397 1775 millesi-

342 1798 403 1845 mi
407 1797 702 1863 fixcentesimi
724 1795 928 1860 trigesimi
949 1793 1101 1843 offla-vi
1114 1813 1130 1853 3
1144 1812 1222 1861 quo
1252 1798 1417 1861 quidem
1446 1798 1539 1847 ablu
1566 1798 1804 1843 declaratur
1828 1794 2122 1844 ‘Provinciam
2149 1793 2396 1859 Lugdunen-

338 1866 430 1933 [ὲηι
446 1901 461 1924 ‚
466 1869 572 1931 jure
587 1866 761 1932 originis
776 1899 791 1920 ,
805 1864 859 1911 (T
868 1861 1148 1929 fimdationis
1163 1863 1395 1927 censbndam
1415 1864 1492 1932 ff
1508 1863 1730 1930 ficundam
1761 1865 1875 1910 inter
1898 1878 2031 1909 omnes
2059 1861 2167 1908 alias
2196 1860 2401 1912 Fratrum

346 1937 645 2003 Capucinorum
663 1939 794 1985 totius
812 1934 968 1983 Gallie
986 1967 1001 1988 .
1018 1934 1076 1982 (Y
1083 1932 1184 1997 poi?
1197 1933 1469 1998 Parisienfim
1506 1938 1684 1983 omnium
1709 1937 1899 1999 primam
1925 1951 1942 1990 3
1980 1930 2154 1999 Ideoque
2156 1932 2404 1999 statuimus,

345 2022 391 2055 ut
421 2010 465 2056 iu
497 2005 734 2052 Annalibus
763 2002 1041 2049 Generalibus
1070 2003 1247 2049 Ordinis
1271 2003 1380 2047 hunc
1406 2004 1589 2050 ordinem
1597 2003 1754 2063 sir-vet
1768 2034 1783 2056 ,
1813 2007 1867 2047 ἔθ’
1890 2004 1936 2048 in
1960 2001 2262 2069 quibuscunque
2289 2006 2400 2051 casi-

350 2075 427 2124 bus
459 2070 763 2121 occurrentibus
779 2070 883 2118 aliis
901 2067 1036 2115 omnib
1053 2085 1102 2115 us
1118 2102 1134 2126 ,
1144 2069 1231 2135 post
1239 2070 1378 2134 solam
1393 2067 1665 2135 Parisiensem
1680 2103 1694 2126 ,
1730 2068 1972 2128 antecedam
1999 2076 2050 2118 ες·
2085 2071 2161 2118 hoc
2189 2071 2400 2122 Hatutum

350 2143 476 2203 Nos,
496 2139 717 2210 perquifiti
747 2143 773 2188 ἄ
801 2155 892 2189 tota
921 2138 1189 2204 Defi'nitione
1226 2138 1496 2188 Provinciali
1543 2141 1672 2197 hujus
1701 2142 1915 2207 prasentia·
1960 2140 2157 2207 Capituli
2200 2142 2401 2212 Lugduni

350 2217 587 2283 congregati
602 2229 704 2262 anno
728 2209 913 2260 Domini
942 2210 1161 2263 millesimo
1175 2208 1467 2276 sexcentesimo
1484 2212 1797 2279 quadragesimo
1813 2210 1994 2276 fi’ptimo
2025 2212 2094 2260 die
2122 2229 2273 2280 quarta
2304 2213 2399 2267 No-

354 2285 545 2337 vembris
560 2282 909 2351 subsignavimus
927 2277 1060 2346 nostrii
1079 2285 1255 2345 propria
1272 2298 1420 2339 manu,
1446 2289 1499 2332 &³
1515 2286 1652 2346 majus
1672 2281 1871 2351 Sigillum
1894 2282 2021 2349 ‹ffiii
2038 2284 2162 2351 uestri
2191 2287 2252 2336 ad
2275 2286 2394 2356 ilium

351 2353 560 2424 consinsiis
588 2354 710 2420 nqftri
743 2351 878 2404 aHum
918 2353 1050 2420 magis
1074 2350 1366 2402 stabiliendum
1388 2354 1642 2423 appqsitimus
1658 2389 1672 2403 .

491 2495 656 2546 Datum
690 2491 887 2563 Lugduni
913 2509 964 2556 4.
984 2490 1251 2544 Novembris
1291 2504 1441 2561 1647.

958 2639 1052 2703 Fr.
1085 2639 1518 2715 InnocentiUS‚
1545 2638 1825 2705 Minister
1862 2640 2178 2704 Generalis
2198 2685 2213 2702 .

489 2850 623 2920 Just&
649 2853 830 2920 longior
857 2850 1134 2902 excresceret
1159 2853 1410 2920 proemialis
1435 2854 1527 2905 haec
1558 2853 1755 2904 narratio
1793 2866 1809 2911 ,’
1858 2850 1892 2903 fi
1921 2851 2008 2900 alia
2039 2851 2162 2901 illius
2198 2847 2402 2901 decora...

359 2922 586 2973 exac'ciore
619 2923 741 2990 stylo
777 2922 1002 2972 recensere
1032 2924 1285 2992 cogitarem
1310 2943 1325 2982 ;
1361 2942 1438 2991 per
1475 2923 1763 2976 transennam
1795 2919 1950 2972 dixisse
1978 2919 2174 2971 sufficiat
2203 2957 2220 2980 ‚
2274 2922 2400 2988 quod

357 2995 451 3041 haec
482 2996 721 3043 Provincia
760 2992 819 3042 ob
848 2995 1000 3043 zelum
1030 3030 1046 3051 ,
1093 3011 1184 3060 quo
1213 2992 1344 3044 saluti
1372 2995 1628 3046 animarum
1656 2992 1880 3044 incumbit
1912 3027 1927 3051 ‚
1967 2990 2049 3043 fibi
2079 3009 2167 3041 non
2198 3009 2401 3060 parurn-⁵

362 3061 613 3132 obstringat
649 3063 923 3124 Ecclefiam3
962 3070 1140 3115 Fratres
1171 3064 1544 3122 enirn,indefeffi
1572 3065 1697 3116 Fidei
1729 3065 1905 3133 pugiles
1924 3076 2128 3120 ,exeunt
2175 3062 2234 3110 ad
2264 3063 2397 3111 Polc-

360 3133 531 3180 micam
561 3149 758 3201 pugnam
789 3169 803 3191 ,
840 3133 887 3185 ὅ(
917 3137 1028 3185 dum
1057 3132 1128 3183 hic
1154 3134 1335 3186 caelestis
1367 3138 1572 3188 veritatis
1596 3135 1751 3206 gladio
1777 3171 1794 3192 ,
1830 3133 2155 3199 multicipitem
2180 3129 2398 3182 haeresum

362 3202 557 3269 hydram
597 3219 806 3271 pungunt
834 3205 883 3255 <Sc
918 3206 1237 3264 contundunt,
1265 3207 1372 3256 alibi
1401 3209 1579 3275 integro
1598 3200 2047 3257 Neo-conversorum
2076 3203 2258 3269 agmine
2284 3204 2402 3252 mul-

352 3274 567 3341 tiplicant
600 3289 775 3324 coetum
789 3275 1054 3328 mediorum
1076 3313 1088 3326 .
1107 3279 1232 3327 Felix
1260 3274 1548 3344 strenuusque
1568 3278 1639 3326 hic
1658 3275 1816 3332 labor,
1832 3272 1921 3324 fuit
1937 3271 1985 3323 ὅ(
2000 3270 2230 3340 potiffima
2258 3274 2393 3331 ratio,

357 3343 483 3410 quod
513 3346 654 3411 pietas
686 3347 842 3415 populi
873 3349 925 3395 iis
952 3349 1146 3399 erexerit
1170 3347 1399 3398 domicilia
1430 3383 1445 3404 ,
1479 3347 1527 3400 ὅ(
1555 3347 1648 3396 haec
1679 3362 1834 3397 muros
1877 3357 2034 3392 contra
2061 3358 2394 3412 arrogantem-³

361 3413 640 3465 Calvinismi
675 3452 691 3474 ,
724 3419 1191 3485 Hugenottorumque
1221 3421 1502 3484 proterviam
1532 3417 1618 3467 effe
1649 3416 1850 3467 voluerit
1878 3451 1890 3465 .
1929 3416 2154 3480 Qaerunt
2195 3414 2242 3464 ὃ(
2279 3416 2397 3464 inter

358 3486 474 3553 ipsos
504 3484 711 3536 Ecclefiae
736 3490 875 3537 Filios
906 3509 1012 3551 eos,
1049 3493 1125 3558 qui
1152 3489 1491 3540 declinaverunt
1535 3491 1578 3536 in
1623 3490 1719 3537 vias
1765 3504 1925 3553 pravas
1958 3521 1975 3542 ,
2005 3483 2054 3536 ὅς
2080 3520 2095 3543 ,
2129 3484 2242 3534 dum
2285 3487 2397 3535 alios

356 3559 500 3625 ignito
539 3559 759 3609 cathedrae
793 3562 975 3629 eloquio
1009 3563 1252 3612 emolliunt
1278 3563 1334 3611 ad
1362 3559 1569 3627 spiritum
1603 3559 1879 3627 poenitentiae
1911 3591 1925 3614 ,
1974 3557 2087 3605 alios
2123 3553 2249 3606 suavi
2283 3554 2395 3606 sacri

357 3628 596 3680 tribunalis
625 3633 801 3680 monitu
833 3635 1066 3683 continent
1099 3636 1213 3682 inter
1251 3633 1516 3684 Christianae
1547 3631 1648 3681 vitae
1678 3630 1901 3681 cancellos
1921 3664 1932 3677 .
1972 3624 2180 3694 Idipsum
2215 3629 2270 3677 iis
2309 3624 2397 3675 rite

356 3714 602 3750 'commune
637 3703 801 3752 dixeris
828 3739 843 3760 ,
877 3705 998 3771 quod
1043 3706 1294 3756 Bernardus
1338 3706 1381 3751 in
1424 3703 1519 3751 vita
1548 3705 1596 3751 S.
1626 3701 1868 3753 Malachiae
1908 3713 2172 3750 memorat:
2211 3696 2393 3747 Dixeris

358 3787 435 3823 eos
463 3774 595 3840 ignem
627 3789 804 3828 urentem
829 3778 876 3825 in
909 3776 1164 3846 consumendo
1181 3781 1395 3829 criminum
1425 3785 1609 3842 veprem
1643 3771 1810 3825 dixeris
1841 3788 1917 3820 eos
1932 3771 2112 3836 ficurim
2139 3768 2226 3819 vel
2247 3766 2395 3832 asciam

1074 3857 1075 3861 ¹
2295 3848 2338 3878 ln
