2638 4088
1013 187 1668 309 'Apostolum

331 331 635 386 Capucinorum
650 332 857 392 utriusque
875 332 1227 387 Castellae‚veteris
1241 335 1318 377 sci·

315 390 427 441 ⁸licet
455 390 496 430 δι
523 403 635 433 novae
652 419 665 441 ,
681 407 753 436 nec
772 407 852 436 non
867 393 1053 437 Baeticam
1069 422 1084 447 ,
1105 396 1142 436 &
1162 400 1315 437 Navar-

327 449 453 500 rae,ad
471 450 704 493 Provincias
721 452 957 496 eorumdem
973 455 1162 496 Fratrum
1178 455 1317 507 Capu·

326 507 510 549 cinorum
525 511 741 566 Aragoniae
753 541 769 562 ‚
784 512 982 555 Valentiae
995 541 1009 562 ,
1021 510 1315 562 Cathalauniae,

325 567 522 611 Sardiniae
536 597 550 619 ‚
568 571 608 611 δι
623 570 847 626 Majoricae,
858 571 1096 613 austoritate
1112 569 1314 624 Apostoli-

325 639 374 669 ca
391 635 533 669 tenore
547 629 794 683 praesentium
808 630 1063 672 extendimus
1078 630 1234 685 pariter.
1245 656 1259 678 ,
1273 629 1312 669 &

326 684 564 739 ampliamus
579 718 590 730 .
616 688 893 732 Decerneutes
905 689 983 732 &c.
1007 690 1104 732 Non
1122 686 1315 730 obstanti-

323 744 396 787 bus
419 746 496 786 &c-
547 784 549 786 ,

443 805 641 848 Volumus
656 815 790 849 autern
801 836 814 858 ,
830 815 876 851 ut
889 806 1122 852 earumdem
1147 804 1315 861 praesen-

321 860 422 903 tium
439 862 667 906 litterarum
683 864 936 920 transumptis
947 895 962 917 ‚
990 868 1056 909 seu
1088 864 1284 919 exemplis
1298 892 1314 916 ,

319 921 442 963 etiam
463 922 651 977 impreffis
667 951 682 974 ,
709 938 828 965 manu
849 924 1017 979 alicujus
1051 923 1212 967 Notarii
1239 937 1311 978 pu·

318 979 415 1022 blici
431 977 662 1035 subscriptis
675 1008 690 1032 ,
705 983 746 1023 δε
767 981 899 1035 figillo
911 982 1085 1036 personae
1103 986 1142 1026 in
1167 982 1310 1024 Eccle-

315 1038 462 1093 fiastica
476 1040 677 1094 dignitate
706 1040 931 1082 constitutae
959 1042 1150 1090 munitis,
1165 1041 1307 1082 eadem

311 1093 475 1153 prorsus
491 1096 591 1141 fides
603 1103 694 1140 tam
710 1098 748 1141 in
760 1098 930 1156 judicie,
944 1101 1064 1157 quam
1076 1109 1192 1142 extra
1204 1100 1305 1142 illud

316 1156 539 1208 habeatur,
555 1171 641 1214 quae
660 1159 749 1214 ipfis
770 1156 1025 1214 praesentibus
1053 1160 1274 1203 haberetur
1286 1187 1303 1210 ,

314 1213 340 1255 si
359 1213 494 1259 forent
508 1217 695 1261 exhibitae
711 1245 726 1270 ,
742 1216 804 1260 vel
817 1217 981 1261 ostensae
993 1246 1005 1259 .

431 1277 580 1318 Datum
608 1277 747 1318 Romae
782 1277 887 1333 apud
912 1279 1097 1321 Sanctam
1128 1277 1301 1319 Mariam

312 1332 512 1388 Maiorem
536 1333 605 1377 sub
630 1334 797 1378 Annulo
822 1334 1039 1380 Piscatoris
1077 1336 1146 1379 die
1177 1351 1219 1380 v.
1243 1338 1302 1378 A·

310 1394 422 1449 prilis
453 1406 679 1436 mncxctv.
722 1393 987 1439 Pontificatt‘is
1031 1396 1154 1439 nostri
1196 1410 1303 1439 anno

309 1462 437 1495 terno
452 1480 465 1492 .

370 1563 620 1624 Autograph.
635 1573 678 1611 ln
696 1571 868 1618 Archivo
895 1574 1043 1615 sceret.
1067 1577 1301 1617 Brevium...

411 1627 750 1744 sssszlglfflegsso
763 1628 894 1687 mensis
910 1659 929 1682 „
942 1632 996 1683 ὠν
1012 1638 1109 1677 anni
1115 1631 1303 1722 praedi&

311 1925 400 1972 PP.
418 1920 644 1973 Custodes
661 1961 678 1984 ,
714 1924 765 1978 &-
797 1926 1190 1978 Est-Provincial‘es
1218 1928 1300 1976 im·

375 1992 631 2053 mediatos,
661 1998 706 2045 in
731 1999 916 2066 Regnis
943 1994 1267 2063 Hispaniarum
1283 2032 1299 2055 ,

378 2063 543 2128 quibus
572 2081 655 2131 per
688 2068 979 2131 Apostolicas
1011 2068 1186 2114 litteras
1216 2084 1296 2113 vo-

374 2146 476 2181 tum
505 2131 944 2202 locoDiscretorum
966 2133 1296 2203 abrogatorum

290 2237 293 2238 γ
369 2199 626 2252 concessum
655 2202 803 2256 fuerat
820 2241 836 2265 ,
863 2207 950 2255 hoc
971 2222 1062 2254 non
1091 2208 1137 2253 in
1173 2201 1295 2254 Defi-

363 2273 541 2321 nitoriis
566 2307 581 2329 ,
620 2273 695 2323 sed
735 2279 781 2324 in
826 2276 1058 2343 Capitulis
1099 2273 1295 2323 haberes

327 2407 330 2409 Β
371 2339 494 2410 posse
509 2377 525 2400 ‚
545 2341 805 2394 declaratur
825 2381 837 2393 .

296 2501 891 2558 INNOCENTIUS
941 2503 1123 2551 PAPA
1162 2502 1289 2551 XII.

463 2618 534 2663 Ad
546 2618 745 2679 futuram
769 2620 831 2662 νει·
859 2619 1111 2663 memoriam.

294 2737 422 2849 N
439 2738 554 2794 Uper
587 2751 660 2791 per
684 2737 1061 2796 Congregationem
1077 2732 1289 2778 nonnullo-

455 2809 542 2838 rum
573 2798 883 2841 venerabilium
906 2799 1092 2839 Fratrum
1128 2793 1289 2836 nostro-

290 2866 379 2894 rum
401 2857 443 2895 S.
462 2855 514 2896 R.
533 2856 581 2896 E.
598 2853 879 2899 Cardinalium
906 2854 927 2896 i
956 2850 1088 2897 Nobis
1111 2853 1289 2908 particu-

291 2911 430 2954 lariter
441 2911 734 2967 deputatorum
751 2922 924 2970 accepto
938 2942 952 2966 ,
966 2912 1078 2968 quod
1091 2927 1140 2955 ex
1157 2913 1287 2958 aboli—

290 2970 402 3013 tione
417 2971 705 3014 Diicretorum
722 2971 1071 3017 Conventualium
1084 2972 1187 3015 olim
1210 2971 1284 3013 eli-

286 3030 324 3083 gi
337 3032 620 3075 consuetorum
650 3044 725 3085 pro
739 3031 939 3090 Capitulis
964 3031 1285 3075 Provincialibus

286 3089 601 3132 Provinciarum
625 3089 667 3131 in
693 3091 847 3148 Regnis
880 3089 1163 3146 Hispaniarum
1197 3090 1282 3133 exi-

285 3147 490 3200 stentium,
506 3162 578 3191 nec
593 3162 673 3190 non
689 3150 883 3195 Sardiniae
900 3178 915 3200 ,
931 3150 972 3191 δι
988 3148 1196 3205 Majorieae
1206 3152 1284 3193 Or-

284 3208 391 3248 dinis
409 3209 599 3262 Fratrum
613 3208 819 3252 Minorum
834 3209 967 3253 Sancti
985 3208 1184 3253 Francisci
1199 3212 1283 3251 Ca·

286 3267 529 3318 pucinorum
543 3279 982 3323 nuncupatorum,nec
1007 3281 1088 3310 non
1110 3281 1161 3309 ex
1191 3264 1284 3310 sub-

284 3325 495 3379 rogatione
511 3340 649 3370 eorum
664 3326 757 3373 loco
775 3327 1000 3371 Custodum
1014 3356 1029 3378 ,
1053 3329 1093 3369 &
1117 3328 1283 3370 Ex-Mi-

286 3382 498 3426 nistrorum
514 3385 827 3429 Provincialium
845 3385 1174 3429 immediatorum
1187 3415 1201 3439 ,
1218 3386 1280 3441 ip-

285 3446 417 3487 sarum
434 3444 767 3494 Provinciarum,
795 3460 918 3502 quam
937 3459 1007 3487 nos
1029 3459 1109 3488 non
1128 3446 1181 3488 ita
1207 3445 1282 3499 pri-

285 3500 379 3542 dem
393 3499 445 3541 de
462 3503 807 3557 Congregationis
834 3503 1062 3560 hujusmodi
1084 3503 1280 3552 consilio,

286 3573 358 3614 per
383 3557 571 3614 quasdam
594 3561 752 3604 ¹nostras
777 3562 819 3603 in
851 3562 964 3606 fimili
993 3564 1125 3606 forma
1144 3562 1284 3610 bre-vis.

286 3619 444 3660 litteras
458 3615 685 3661 feceramus
699 3649 714 3671 ,
732 3629 873 3663 ortum
889 3620 1022 3666 fuerat
1038 3621 1282 3670 dubium-an

286 3677 485 3720 Custodes
497 3703 511 3724 ,
526 3678 566 3718 δι
583 3678 842 3720 Ex-Ministri
859 3680 1131 3723 Provinciales
1148 3679 1280 3735 huius-

286 3737 395 3778 modi
410 3747 547 3780 votum
561 3738 714 3779 ,habere
729 3737 933 3781 deberent
959 3739 998 3781 in
1014 3737 1272 3781 Diffinitoriis

276 3796 517 3840 carumdem
539 3792 846 3840 Provinitiarum
861 3825 874 3851 ,
901 3796 966 3839 vel
988 3797 1125 3853 potius
1151 3797 1190 3839 in
1209 3796 1272 3840 so·

2136 224 2291 308 301

1376 334 1426 377 lis
1448 333 1718 377 funfitionibus
1734 332 2042 391 Capitularibus
2058 362 2071 386 ‚
2086 350 2159 391 pro
2176 343 2360 386 declara.

1376 395 1488 435 tione
1503 393 1617 435 dubii
1639 391 1865 448 hujusmodi
1882 394 2091 437 emanavit
2118 398 2168 438 ab
2181 399 2361 443 eadem..-

1349 452 1708 516 ‚Congregatione
1744 452 2024 498 Car-dinanum
2050 455 2272 497 Decretum
2297 469 2360 501 te-

1375 523 1489 552 noris
1506 538 1520 561 ,
1545 512 1613 567 qui
1630 509 1836 568 sequitur,
1864 513 2059 556 videlicet
2080 525 2092 555 :
2113 514 2235 554 Sacra
2260 518 2360 556 Con-

1366 566 1556 624 gregatio
1576 572 1837 626 particularis
1863 569 2251 629 Eminentlffimorum
2269 599 2284 622 ,
2315 572 2362 620 ἐς

1376 628 1782 685 Reverendffmorum
1803 634 2062 673 Dominarum
2086 627 2363 675 cardinalium

1369 695 1445 742 per
1459 687 1746 744 sanbltffimum
1772 693 1985 732 Domt‘num
2000 689 2186 747 Nostrum
2198 689 2365 743 deputa·

1375 755 1421 787 ta
1447 745 1623 802 ccnstait,
1654 759 1700 787 ac
1712 748 1957 800 declaravit,
1986 750 2193 804 Custodes,
2223 748 2366 796 &Ex-

1375 805 1580 861 Mt'm‘stros
1602 808 1857 848 provinciales
1871 807 2112 852 immediatos
2123 810 2255 865 vigore
2269 809 2366 852 Bre-

1374 870 1482 906 vium
1497 891 1512 914 ,
1525 865 1570 906 dc
1584 863 1723 919 quibus
1736 867 1875 919 agitur
1889 892 1903 914 ,
1926 880 2002 907 non
2028 867 2170 910 habere
2184 879 2309 909 vocem
2321 866 2365 908 in

1373 921 1624 979 Definitoriis
1652 922 1957 967 Provincialibus
1971 953 1985 976 ,
1999 924 2211 984 stdfhldm
2226 929 2270 967 in
2285 928 2366 968 Ca-

1362 978 1510 1036 patulis
1532 995 1544 1024 ι
1566 995 1612 1025 ac
1643 989 1855 1036 propterea
1891 983 2169 1040 injungendum
2198 986 2356 1032 Nam-io

1370 1038 1587 1096 Apostolico
1598 1038 1887 1095 Hispaniarum
1902 1070 1915 1094 ,
1929 1053 2123 1097 quatenus
2136 1043 2197 1086 ita
2219 1045 2362 1096 exc-qut

1366 1106 1476 1142 curet
1489 1127 1501 1139 .
1520 1102 1650 1142 Romae
1664 1112 1732 1155 24.
1747 1103 1900 1144 Martii
1922 1101 2048 1160 1695.
2081 1105 2132 1145 G.
2147 1102 2363 1157 ,Car-dina-

1363 1159 1412 1200 lis
1428 1160 1642 1214 Car-pineus
1656 1187 1669 1199 .

1479 1278 1589 1319 Cum
1603 1285 1738 1319 autem
1751 1304 1765 1327 ,
1790 1276 1889 1320 ficut
1903 1292 1978 1333 pro
1993 1286 2108 1333 parte
2127 1274 2361 1324 ichariffimi

1365 1339 1406 1380 in
1424 1335 1591 1378 Christo
1611 1335 1701 1378 Filii
1721 1334 1858 1388 nostri,
1872 1336 2365 1392 Carolifflispaniarnm..

1366 1397 1497 1451 Regis
1512 1393 1737 1445 Catholici,
1749 1408 1823 1450 per
1841 1394 2032 1438 dilectum
2049 1396 2215 1444 Filium,
2233 1393 2364 1435 Nobi-

1364 1459 1445 1501 lem
1473 1454 1615 1496 Virum
1640 1453 1879 1497 modernum
1909 1456 2068 1497 Ducem
2098 1454 2154 1497 de
2176 1449 2361 1497 Medina-

1367 1514 1499 1563 Coeli,
1518 1512 1630 1568 ipfius
1647 1511 1793 1556 Caroli
1815 1512 1941 1568 Regis
1969 1511 2074 1569 apud
2095 1517 2182 1556 Nos
2203 1512 2270 1565 ,δε
2284 1512 2363 1553 Se-

1363 1575 1460 1616 dem
1475 1571 1748 1628 Apostolicam
1762 1574 1983 1615 Oratorem
1995 1571 2123 1615 Nobis
2137 1569 2363 1615 subinde-2

1365 1631 1590 1689 expolitum
1606 1629 1702 1682 fuit,
1721 1631 1828 1674 idem
1843 1631 2023 1675 Carolus
2038 1633 2127 1675 Rex
2154 1622 2360 1689 praemiffap

1362 1696 1447 1750 quo
1462 1689 1616 1736 firmius
1633 1688 1838 1734 subsistant
1851 1717 1864 1739 a
1878 1693 1917 1733 &
1931 1687 2145 1734 serventur
2160 1684 2332 1730 exaaifls
2343 1710 2359 1734 ‚

1362 1749 1608 1806 Apostolicae
1634 1747 1954 1792 confirmationis
1975 1750 2112 1793 nostrae
2135 1744 2361 1810 patrocinio

1361 1806 1883 1861 communiri‘summopere
1915 1807 2144 1850 desideret:
2176 1818 2248 1848 nos
2283 1814 2360 1857 pus

1360 1866 1454 1910 dicti
1487 1863 1631 1907 Caroli
1647 1864 1770 1918 Regis
1788 1865 1893 1906 votis
1919 1866 1994 1907 hac
2013 1866 2055 1907 in
2074 1878 2118 1906 re
2132 1894 2148 1916 ‚
2161 1861 2357 1921 ‘quantum

1359 1939 1457 1968 cum
1474 1923 1651 1966 Domino
1667 1920 1867 1978 poffumus
1881 1951 1896 1972 ,
1909 1923 2189 1966 favorabiliter
2203 1933 2362 1965 annue-

1361 1998 1406 2027 re
1432 1983 1619 2026 volentes
1645 2010 1659 2033 ,
1686 1981 2049 2038 supplicationibus
2072 1981 2251 2038 ejusdem
2274 1983 2360 2022 Ca-

1360 2043 1438 2084 roli
1456 2041 1579 2095 Regis
1592 2041 1752 2083 nomine
1771 2040 1901 2083 Nobis
1919 2039 2034 2096 super
2050 2042 2126 2085 hoc
2145 2038 2357 2085 humiliter

1355 2100 1553 2152 porrectis
1573 2099 1756 2141 inclinati
1775 2127 1789 2149 ‚
1807 2100 2032 2143 Decretum
2057 2101 2355 2155 praeinsertum:

1355 2155 1596 2199 auctoritate
1609 2156 1842 2208 Apostolica
1859 2167 2003 2199 tenore
2017 2159 2269 2212 praesentium
2283 2169 2355 2210 ap·

1354 2213 1578 2270 probamus
1595 2238 1608 2261 ,
1623 2213 1663 2253 δι
1676 2210 1962 2255 confirmamus
1979 2243 1994 2267 ,
2024 2214 2163 2268 illique
2178 2213 2353 2256 inviola-

1355 2273 1449 2316 bilis.
1479 2270 1719 2326 Apostolicae
1748 2269 1950 2314 firmitatis
1970 2273 2094 2316 robur
2108 2272 2322 2329 adjicimus
2337 2297 2351 2321 ,

1354 2342 1402 2370 ac
1423 2341 1564 2371 omnes
1576 2356 1590 2377 ,
1603 2329 1644 2368 δι
1659 2327 1834 2381 fingulos
1851 2329 1950 2383 juris
1963 2356 1978 2378 ‚
1993 2334 2034 2374 δι
2048 2331 2139 2373 faeti
2155 2331 2354 2380 defestus,

1353 2387 1382 2486 ξε
1401 2386 1470 2441 qui
1495 2383 1666 2440 desuper
1679 2386 1999 2439 quomodolibet
2021 2389 2352 2436 intervenerint,

1374 2458 1395 2486 u
1457 2443 1585 2485 lemus
1603 2469 1616 2484 .

1399 2457 1453 2500 pp
1472 2502 1756 2546 Decernentes
1778 2498 2167 2558 easdem-presentes
2192 2502 2351 2546 litteras

1351 2559 1505 2615 semper
1522 2558 1657 2601 firmas
1671 2588 1687 2610 ,
1703 2558 1862 2602 validas
1877 2587 1891 2611 ,
1904 2560 2140 2604 &efficaces
2154 2563 2346 2613 existere,

1349 2617 1691 2674 &fore,suosque
1714 2618 1948 2674 plenarios,
1971 2621 2011 2661 δε
2037 2621 2219 2675 integros
2245 2620 2345 2663 effe·

1349 2683 1434 2720 stus
1467 2676 1629 2729 sortiri,
1661 2680 1701 2720 &
1732 2678 1920 2721 obtinere
1933 2706 1947 2730 ,
1974 2692 2020 2720 ac
2035 2678 2119 2721 illis
2135 2707 2149 2730 ,
2163 2678 2216 2721 ad
2247 2692 2348 2734 quos

1349 2737 1527 2793 speetu,
1541 2737 1581 2780 δι
1595 2751 1670 2793 pro
1684 2746 1872 2792 tempore
1899 2737 2233 2793 quandocumque
2260 2735 2347 2790 spe·

1347 2795 1552 2847 &ahmiu
1576 2795 1791 2842 omnibus,
1806 2795 1932 2851 &per
1958 2796 2091 2839 omnia
2117 2793 2339 2851 pleniffimt'r

1348 2853 1555 2909 suffragari
1569 2881 1583 2904 ,
1597 2855 1637 2896 δε
1651 2856 1699 2897 ab
1714 2853 1793 2896 illis
1805 2854 2027 2910 respective
2043 2850 2337 2897 inviolabiliter

1346 2912 1578 2966 observari3
1601 2913 1730 2969 licque
1743 2913 1784 2953 in
1799 2912 1996 2968 praemissis
2021 2928 2096 2968 per
2127 2913 2340 2968 quoscum-

1346 2989 1427 3030 que
1438 2971 1602 3028 Judices
1614 2971 1865 3023 ordinarios,
1885 2973 1926 3014 δι
1948 2970 2159 3026 delegatos
2173 2997 2189 3021 ,
2217 2970 2340 3013 etiam

1346 3033 1554 3076 causarum
1575 3030 1716 3074 Palatii
1735 3030 1955 3085 Apostolici
1973 3029 2197 3073 Auditores
2229 3028 2338 3084 judi-

1344 3093 1426 3138 cari
1443 3117 1457 3140 2
1476 3090 1516 3131 &
1533 3089 1692 3131 definiri
1721 3088 1868 3130 debere
1881 3114 1895 3137 a
1922 3101 1969 3130 ac
1982 3087 2148 3131 irritum
2161 3115 2175 3139 ,
2190 3088 2231 3129 δι
2248 3089 2335 3129 ina-

1346 3166 1394 3193 ne
1410 3177 1424 3200 ,
1452 3149 1477 3189 fi
1494 3148 1604 3190 secus
1628 3147 1743 3202 super
1757 3147 1815 3187 his
1842 3147 2083 3202 aquoquam
2109 3147 2248 3203 quavis
2266 3160 2337 3189 au-

1343 3208 1528 3251 ctoritate
1555 3207 1725 3247 scienter
1738 3202 1832 3252 ,vel
1845 3204 2083 3260 ignoranter
2111 3205 2333 3262 contigerit

1344 3274 1539 3310 attentari
1554 3293 1565 3304 .

1530 3322 1664 3365 ocirca
1679 3321 1915 3365 Venerabili
1944 3324 2077 3368 Fra-tri
2105 3322 2332 3376 Fridetico,

1342 3381 1661 3437 Archiepiscopo
1675 3380 1980 3435 Mediolanenfi,
1991 3382 2192 3427 moderno
2205 3383 2245 3424 &
2257 3396 2332 3438 pro

1342 3454 1524 3496 tempore
1541 3440 1722 3483 existenti
1738 3439 1886 3483 Nostro
1899 3468 1913 3493 ,
1939 3443 1980 3487 &
1994 3442 2231 3499 Apostolicae
2255 3444 2329 3483 Se-

1340 3504 1400 3547 dis
1416 3502 1453 3544 in
1471 3500 1623 3555 Regnis
1653 3498 1934 3558 Hispaniarum
1958 3501 2183 3558 hujusmodi
2209 3502 2328 3542 Nun-

1340 3563 1411 3605 cio,
1434 3573 1508 3616 per
1526 3557 1737 3614 praesentes
1757 3559 2069 3610 committimus,
2095 3561 2136 3601 δε
2163 3557 2329 3600 manda-

1340 3633 1453 3670 mus,
1484 3617 1778 3672 quatenusipse
1806 3619 1930 3672 perse
1948 3646 1962 3670 ,
1990 3616 2060 3662 vel
2075 3617 2230 3668 alium,
2262 3618 2327 3660 seu

1340 3680 1440 3727 alios
1464 3676 1562 3727 ipsas
1576 3674 1784 3732 praesentes
1799 3674 1985 3724 litteras,
2015 3678 2055 3718 &
2075 3676 2118 3718 in
2140 3675 2197 3717 eis
2227 3689 2327 3719 con-

1333 3747 1446 3786 tenta
1468 3749 1748 3791 quaecumque,
1764 3734 1830 3777 ubi
1844 3760 1859 3781 -,
1881 3737 1922 3776 &
1946 3733 2107 3789 quando
2120 3747 2219 3791 opus
2233 3733 2326 3779 fue-

1333 3799 1386 3840 rit
1405 3825 1419 3849 ,
1431 3797 1467 3839 &
1483 3795 1644 3851 quoties
1659 3808 1733 3852 pro
1747 3803 1862 3851 parte
1885 3791 2072 3838 intereffe
2098 3793 2137 3836 in
2152 3794 2327 3894 praefnisq

2242 3866 2274 3894 is
