2756 4074
825 169 1880 263 ELENCH‘US.
2254 190 2334 267 xi

355 320 523 371 darum
557 321 759 389 peritum
795 320 1089 391 Religiosum
1116 322 1347 380 celebrat,

355 409 551 460 eumque
583 394 626 440 in
649 406 870 461 concepto
890 391 1110 442 liberandi
1138 394 1346 443 Orientis

351 465 544 534 negotio
577 462 713 533 digne*
750 464 966 530 applicari
997 498 1014 520 ‚
1053 465 1175 532 Regi
1210 464 1347 513 Chri-

351 532 616 584 stianiffimo
642 531 877 603 fignificat.
895 531 1094 585 Urbanus
1123 532 1255 583 VIII.
1276 551 1346 595 49

428 606 636 656 Eundem
662 609 737 654 Fr.
756 602 1011 672 Josephum
1039 603 1224 655 consilia
1241 621 1344 673 pro-

349 675 564 746 fligendae
583 679 628 726 in
644 675 839 725 Oriente
870 677 1116 744 impietatis
1135 675 1215 725 fibi
1233 693 1341 726 cum

349 746 599 799 Pontificiae
613 763 734 794 curae
760 747 984 796 levamine
999 745 1196 797 retulisse
1215 782 1232 805 ,
1253 751 1340 796 Re-

346 821 466 888 ginae
483 814 870 869 Christianiffimae
885 819 1064 886 reponit
1084 855 1097 868 .
1117 816 1248 868 Idem.
1269 836 1338 882 49

419 885 632 953 Ejusdem
658 887 879 940 virtutem
907 890 1108 955 pariter,
1141 894 1340 939 Arman-

346 960 410 1010 do
449 957 685 1009 Cardinali
723 958 781 1007 de
825 959 1068 1011 Richelieu
1109 977 1342 1012 commen-

343 1029 424 1080 dat
437 1026 588 1088 .Idem,
600 1047 688 1078 cum
704 1045 802 1079 nota
818 1067 832 1081 .
1276 1050 1301 1095 5
1311 1050 1339 1080 0

414 1104 485 1151 Ex
507 1101 666 1171 Regiis
685 1102 824 1151 animi
858 1101 1043 1154 dotibus
1063 1100 1112 1154 ὅ(
1130 1105 1304 1155 virtute
1320 1139 1335 1161 ‚

341 1171 370 1221 a
387 1172 650 1240 Fr.J0anne
669 1175 822 1223 Maria
848 1175 904 1225 de
932 1175 1130 1226 Treslon
1151 1174 1208 1225 ad
1225 1174 1340 1225 aedes

341 1246 618 1293 Lauretanas
634 1278 650 1303 ,
673 1241 723 1295 ἃ
757 1242 880 1295 sacra
912 1247 1096 1295 Limina
1124 1245 1340 1317 ablegato

340 1311 434 1364 fibi*
459 1312 684 1365 recensitis
701 1351 716 1374 ,
731 1315 920 1367 uberem
951 1318 1240 1385 voluptatem
1263 1316 1338 1367 se,

344 1383 622 1454 concepisse,
656 1389 840 1458 Magnae
867 1389 1113 1439 Britanniae
1147 1390 1337 1459 Reginae

338 1457 572 1507 renuntiat
587 1491 602 1506 .
639 1454 754 1508 Idem
771 1495 784 1508 .
1268 1479 1332 1523 57

408 1529 668 1598 Negotium
701 1530 729 1578 ὲ
759 1533 837 1580 Fr.
854 1532 1029 1600 Spiritu
1045 1529 1126 1582 fibi
1162 1530 1336 1600 exposi-

339 1614 472 1658 tum,
500 1599 671 1649 attente
702 1600 1038 1655 consideratum
1060 1600 1175 1662 effe,
1210 1603 1334 1672 Regi

338 1669 721 1723 Christianiffimo
740 1676 920 1743 reponit
940 1713 952 1726 .
966 1673 1079 1726 Idem
1096 1710 1110 1724 .
1267 1693 1331 1739 57

408 1743 719 1794 Donationem
735 1747 878 1796 trium
898 1751 1175 1817 jugerorum
1205 1760 1333 1798 terrae

340 1825 449 1862 cum
480 1811 676 1864 dimidio
694 1815 753 1866 ad
786 1816 991 1868 mensam
1011 1815 1333 1883 Archiepisco·

339 1884 498 1949 palem
516 1883 824 1932 Rhemensem
837 1883 1138 1950 spestantium
1156 1885 1334 1931 aLudo-

336 1954 446 1998 vico
462 1986 478 2006 ,
494 1950 741 1998 Cardinale
766 1954 1074 2015 Lotharingiae
1100 1969 1331 2014 nuncupa-

333 2016 640 2076 to,Fratribus
657 2032 741 2083 pro
756 2021 1035 2066 novaDomo
1048 2016 1268 2083 Regulari
1286 2017 1332 2064 in

334 2088 542 2140 Civitate
557 2084 807 2136 Rhomensi
833 2084 1133 2136 construenda
1147 2081 1335 2145 fastam,

336 2158 386 2212 ὅ(
413 2159 440 2208 ὲ
468 2156 715 2210 Cardinale
739 2159 946 2208 Antonio
981 2154 1232 2207 Barberino
1259 2174 1338 2226 ap·

333 2229 577 2302 probatam
601 2226 846 2280 confirmat
866 2265 881 2280 .
918 2228 1106 2280 Clemens
1126 2226 1221 2279 IX.
1245 2248 1335 2281 cum

335 2318 464 2355 nota.
1266 2320 1330 2366 57

405 2375 624 2443 Quatuor
659 2372 890 2424 Moniales
935 2391 994 2424 ex
1042 2373 1334 2425 Monasteriis

334 2445 603 2496 Civitatum
623 2441 876 2495 Parisienfis
893 2444 942 2497 ἀ
958 2445 1258 2504 Turonensis,
1275 2443 1335 2494 ad

331 2515 668 2567 Monasterium
698 2515 984 2567 Monialium
1009 2519 1182 2568 Sancitae
1212 2520 1334 2567 Cru-

333 2588 399 2638 cis
419 2586 705 2657 Ulyffipone
720 2583 956 2638 transferri
978 2586 1070 2640 διε.
1103 2586 1332 2639 concedit.

329 2657 519 2709 Clemens
537 2663 604 2710 X.
623 2678 714 2709 cum
728 2674 842 2708 nota.
1266 2676 1290 2720 5
1297 2677 1332 2717 9

399 2734 478 2780 Fr.
497 2728 800 2800 Athanasium
816 2766 832 2789 ,
861 2728 939 2780 seu
956 2729 1229 2797 reassumpto
1250 2732 1330 2778 Ba·

327 2799 530 2868 ptismali
546 2802 730 2851 nomine
747 2799 1030 2869 ,Josephum
1052 2801 1328 2869 Ignatium⁴

320 2872 556 2940 Joannem
592 2870 840 2938 Baptistam
865 2869 921 2918 de
949 2868 1191 2939 Mesgriny
1221 2905 1237 2928 ,
1266 2869 1326 2920 ad

329 2939 542 2991 Ecclesiae
572 2937 822 2991 Graffensis
851 2938 1183 2990 Pontificatum
1218 2957 1326 3008 pro·

327 3015 516 3062 motum
532 3047 549 3070 ,
578 3025 629 3062 ut
654 3015 761 3075 jura
780 3008 1087 3060 Ecclefiastica
1104 3046 1119 3068 ,
1145 3010 1326 3079 praeser-

328 3084 414 3133 tim
430 3079 746 3154 Lugdunensis
765 3081 968 3132 Concilii
993 3081 1288 3132 Sanstionem
1308 3118 1325 3143 ,

326 3151 497 3204 sartam
527 3152 700 3204 tesiam
725 3149 875 3203 servet
893 3187 910 3211 ,
938 3151 1158 3205 admonet
1189 3189 1201 3202 .
1232 3152 1326 3203 Cle·

241 3272 250 3281 ,
329 3243 440 3290 mens
458 3221 556 3277 XI.
1252 3233 1325 3277 60

397 3293 614 3359 Ejusdem
632 3296 804 3346 Fratris
823 3293 1059 3346 Athanasii
1084 3301 1105 3355 (
1125 3299 1325 3364 tuncJo·

325 3365 452 3436 sephi
471 3363 683 3435 Episcopi
701 3372 723 3428 )
741 3365 963 3416 devotam
997 3382 1106 3437 erga
1128 3368 1324 3435 Aposto-

327 3438 468 3487 lieam
496 3438 666 3489 sedem
685 3436 1028 3496 obedientiam,
1054 3455 1192 3505 quarn
1220 3453 1321 3489 tum

330 3506 520 3625 {psemet
561 3506 811 3558 Pontificiae
843 3505 1175 3560 constitutioni
1210 3527 1320 3578 prae-

371 3577 520 3637 iterat,
536 3592 639 3630 tum
654 3578 710 3629 ab
728 3580 827 3629 aliis
845 3577 1044 3648 praestari
1059 3596 1319 3639 curaverat,

332 3645 541 3697 laudibus
553 3648 686 3709 ornat
704 3685 719 3709 ,
736 3668 789 3700 ac
806 3685 822 3709 ‚
839 3664 891 3700 ut
907 3647 1116 3719 suscepto
1132 3653 1321 3701 consilio

331 3715 426 3767 suav
440 3718 605 3767 merita
639 3737 808 3792 augere
846 3733 1009 3793 pergat
1038 3755 1055 3779 ,
1083 3721 1291 3773 hortatur
1305 3757 1318 3771 .

330 3785 450 3839 Idem
466 3823 479 3838 .
669 3788 676 3795 ”
1249 3801 1285 3842 6
1294 3812 1312 3842 1

476 3858 607 3912 Tom.
620 3856 677 3908 V.
1315 3854 1317 3856 ¹

1474 327 1704 376 Mati-onis
1734 319 1936 376 Familia:
1964 323 2020 374 de
2051 327 2215 376 Melun
2248 328 2396 396 d'Epi-

1405 398 1494 443 nois
1523 401 1733 447 Domum
1769 401 1984 447 Fratrum
2017 394 2274 449 Abbavillae
2315 418 2392 450 an-

1405 468 1580 517 nuatim
1611 468 1786 519 duabus
1817 464 1992 518 vicibus
2018 465 2300 535 ingrediendi
2331 469 2392 519 fa-

1404 540 1626 589 cultatem
1648 542 1865 611 largitur.
1884 537 1998 587 Idem
2018 573 2030 587 .
2322 549 2358 586 6
2369 559 2387 589 ι

1474 607 1674 674 Epistola
1704 611 1971 679 Apostolica
1991 645 2006 667 ,
2040 612 2177 676 Opus
2199 610 2392 676 triplicis

1401 679 1714 743 explicationis
1732 684 1774 730 in
1793 681 2258 750 Evangelia,Summo
2279 683 2394 729 Pon-

1400 745 1513 797 tifici
1534 763 1846 817 nuncupatum
1870 749 2220 801 commendatur
2237 787 2249 799 .
2321 759 2358 799 6
2363 768 2388 797 2

1470 818 1671 887 Epistola
1692 818 1784 871 διε.
1812 821 2040 871 Officium
2058 840 2163 872 cum
2179 819 2314 872 Missa
2334 819 2391 870 de

1401 893 1449 941 S.
1468 890 1644 941 Ovidio
1661 893 1807 941 Mart.
1827 889 1883 940 ab
1898 891 2152 941 Ordinatio
2183 907 2286 942 ante.¹
2305 895 2394 949 De:

1402 975 1579 1011 cretum
1600 965 1647 1012 S.
1662 963 1760 1012 Rit.
1787 964 2195 1031 congregationis,
2218 960 2392 1013 Officia

1402 1031 1458 1082 de
1476 1033 1650 1082 Sanstis
1667 1050 1758 1082 non
1776 1033 2087 1089 Canonizatis,
2100 1029 2149 1082 ὅ(
2168 1034 2211 1080 in
2230 1038 2392 1100 Maty-

1403 1105 1585 1174 rologio
1605 1122 1696 1153 non
1709 1102 1944 1171 descriptis
1958 1101 2199 1171 prohibens
2214 1102 2393 1153 conces-

1402 1168 1501 1226 sum
1518 1211 1534 1234 ,
1551 1177 1805 1225 continuari
1822 1171 1942 1243 poffe
1958 1208 1974 1231 ,
1994 1174 2016 1221 a*
2038 1173 2310 1231 Cardinale,
2331 1173 2395 1222 di·

1399 1245 1482 1296 t‘lae
1513 1248 1901 1319 Congregationis
1937 1242 2268 1294 Pro-Praefefto
2289 1247 2393 1293 Mo-

1399 1317 1595 1368 nialibus
1613 1318 1833 1370 Civitatis
1850 1313 2104 1368 Parisiensis
2123 1317 2360 1385 reponitur
2377 1352 2390 1365 .

1399 1407 1488 1439 cum
1514 1406 1613 1439 nota
1630 1425 1643 1440 .
2324 1392 2359 1433 6
2364 1404 2393 1450 2¹

1433 1534 1828 1584 PROVINCIA
1866 1532 2212 1589 TURONEN
2225 1533 2320 1582 818
2338 1565 2351 1578 .

1466 1674 1731 1727 Arnaldum
1745 1674 1993 1727 Sorbinum
2025 1711 2041 1734 ,
2073 1672 2391 1743 Episcopum-2

1392 1750 1440 1797 N
1447 1746 1729 1799 ivernensem
1745 1786 1761 1807 ,
1784 1747 1841 1797 de
1861 1746 1942 1798 suo
1970 1763 2078 1818 erga
2111 1743 2394 1796 Ecclesiam

1394 1820 1496 1868 zelo
1507 1855 1524 1878 ,
1553 1817 1603 1870 ἃ
1633 1818 1887 1869 constratis
1909 1818 2142 1868 Fratribus
2161 1815 2319 1865 nostris
2346 1816 2391 1860 in

1395 1888 1601 1934 Civitate
1648 1887 1920 1933 Nivernenfi
1963 1887 2186 1952 Regulari
2229 1887 2389 1931 Domo

1394 1953 1606 1998 laudibus
1629 1969 1779 1997 ornat.
1798 1953 1931 1997 Clem.
1955 1952 2180 1999 VIII-cum
2197 1970 2310 2003 nota.
2323 1962 2392 2011 67

1469 2017 1711 2083 Capellam
1729 2034 1836 2065 cum
1865 2030 1986 2065 terra
2005 2054 2019 2076 ‚
2038 2018 2178 2067 horto
2206 2017 2297 2069 ἃς.
2335 2021 2391 2069 ab

1397 2084 1578 2136 Abbate
1592 2086 1860 2136 Monasterii
1873 2089 2064 2151 Majoris
2082 2090 2283 2141 Turonae
2301 2091 2394 2139 Or-

1396 2156 1516 2207 dinis
1546 2158 1844 2208 S-Benedifti
1878 2159 2113 2209 Fratribus
2137 2159 2354 2212 donatam
2378 2197 2396 2222 ,

1396 2227 1446 2280 δε
1466 2228 1665 2280 Fabricae
1696 2228 1881 2281 Domfis
1912 2229 2065 2280 minus
2096 2246 2249 2301 aptam
2277 2251 2388 2283 cum

1394 2301 1525 2350 vinea
1556 2300 1817 2351 Sacerdotis
1845 2303 2043 2352 Antonii
2063 2301 2139 2351 Du
2168 2303 2258 2353 bois
2285 2321 2387 2373 per-

1394 2375 1567 2423 mutari
1584 2374 1865 2423 committit.
1896 2373 2052 2423 Paulus
2074 2373 2126 2423 V.
2314 2378 2387 2426 68

1466 2442 1705 2494 Fratribus
1745 2441 1818 2494 sex
1848 2443 1906 2493 ad
1935 2444 2065 2494 Fidei
2098 2448 2389 2516 propagatio·

1394 2532 1500 2564 nem
1518 2514 1747 2566 destinatis
1767 2550 1782 2572 ,
1808 2513 2061 2582 spirituales
2090 2517 2264 2586 gratias
2281 2554 2296 2577 ,
2336 2517 2386 2569 ὅ(

1392 2582 1663 2636 facultatem
1680 2586 1966 2636 simoniacos
1997 2587 2053 2636 ab
2067 2590 2382 2637 excommunis

1390 2659 1568 2710 catione
1592 2655 1855 2707 absolvendi
1873 2659 2091 2727 largitur.
2107 2656 2237 2707 Idem.
2309 2667 2381 2719 69

1460 2731 1733 2779 Petitionem
1765 2731 1884 2778 circa
1900 2730 2177 2797 gubernium
2199 2733 2382 2778 Monia-

1388 2797 1503 2848 lium
1523 2801 1864 2868 Capucinarum
1885 2803 2084 2850 Turonae
2105 2802 2130 2848 ὲ
2151 2800 2381 2849 Fratribus

1388 2867 1720 2937 suscipiendum
1739 2907 1754 2929 ,
1770 2872 1796 2919 a
1814 2868 1858 2919 se
1880 2886 2024 2920 ratam
2052 2871 2204 2919 haberi
2224 2905 2239 2927 ,
2256 2872 2377 2940 Regi

1387 2939 1768 2992 Christianiffimo
1793 2944 2021 2990 renuntiat
2051 2974 2064 2987 .
2104 2938 2251 2999 Idem,
2287 2959 2375 2989 cum

1386 3027 1482 3060 nota
1499 3046 1512 3060 .
2309 3030 2373 3071 70

1457 3086 1631 3134 Curam
1648 3080 1940 3148 Spiritualem
1973 3079 2249 3129 Monialium
2269 3099 2375 3149 prae-

1384 3153 1644 3204 diflaruma
1665 3149 1901 3200 Fratribus
1927 3147 2127 3217 suscipi,
2159 3149 2238 3200 sub
2265 3171 2372 3217 prae-

1386 3239 1519 3294 cepto
1544 3221 1812 3272 obedientiae
1835 3220 2021 3270 mandat
2042 3256 2054 3270 .
2071 3220 2309 3290 Gregor.X
2320 3222 2372 3274 V.

1386 3315 1473 3346 cum
1493 3309 1588 3343 nota
1607 3330 1619 3342 .
1884 3307 1890 3313 ·
2306 3316 2333 3354 7
2348 3316 2366 3345 r

1458 3365 1575 3417 Aeta
1609 3361 1818 3431 Episcopi
1854 3367 1919 3413 N.
1951 3361 2039 3412 sese
2068 3365 2370 3415 intromitten-

1383 3441 1439 3490 tis
1455 3434 1596 3486 causae
1609 3435 1776 3483 Fratris
1796 3435 1860 3484 rei
1877 3436 2083 3484 annullat
2098 3472 2113 3492 ,
2142 3434 2380 3498 judicium·

1381 3509 1430 3561 ὅ(
1446 3506 1752 3576 cognitionem
1769 3506 1889 3555 illius
1905 3506 1961 3553 ad
1978 3507 2242 3572 Superiores
2258 3508 2368 3555 Pro-

1382 3582 1536 3630 vinciae
1556 3580 1774 3643 pertinere
1791 3575 2023 3632 declarat,
2061 3593 2112 3623 ac
2132 3577 2366 3645 Archiepi-

1382 3650 1518 3717 scopo
1533 3645 1761 3697 Parisienfi
1787 3647 1844 3695 de
1856 3652 1958 3709 jure
1978 3680 1993 3703 ,
2029 3642 2365 3697 &austoritate

1380 3716 1617 3772 Pontificia
1630 3715 1819 3785 desuper
1833 3715 2076 3783 procedere
2094 3719 2362 3767 committit.

1381 3788 1581 3843 Urbanas
1608 3786 1744 3842 VIII.
1782 3807 1870 3836 cum
1885 3802 2003 3835 nota.
2304 3806 2366 3850 74

1815 3858 1843 3907 b
1882 3875 1907 3905 2
2194 3860 2296 3926 Epi.
