2638 4088
1042 206 1047 213 -»
1134 162 1627 279 cast-etta.
2133 180 2301 290 367

339 322 469 359 turus
490 342 505 365 ,
537 319 636 357 tum
663 321 819 358 novos·
842 306 1075 378 operarios
1096 309 1407 359 condufturus
1431 346 1445 359 .
1478 314 1567 360 Vir
1593 306 1680 358 Dei
1708 324 1791 358 nee
1824 306 2023 378 pericula
2045 312 2200 365 timuit
2226 353 2244 374 ,
2278 336 2362 368 nec

333 396 534 446 unquam
561 379 763 431 laborem
792 395 872 431 aut
904 394 1106 429 mortem
1135 379 1361 430 recusavit
1386 400 1400 428 ε
1442 380 1697 429 declinante
1726 385 1821 444 jam
1855 395 1982 430 aetate
2016 418 2034 439 ‚
2068 382 2244 447 asperos
2279 390 2363 435 cir-

334 452 488 500 cuivit
518 466 698 500 montes
720 486 736 508 ,
768 449 926 500 foveas
951 453 1141 501 intravit
1165 450 1215 502 <Sc
1243 467 1372 500 antra
1388 487 1405 509 ‚
1435 452 1607 500 animas
1637 451 1802 519 ubique
1831 470 2032 520 quaerens
2050 486 2066 510 ,
2092 469 2175 499 nec
2198 457 2361 506 habens

338 520 466 571 aliud
486 518 741 572 frastarum
772 523 946 571 virium
977 519 1178 571 fulcrum
1196 557 1212 580 ,
1234 524 1374 587 quam
1406 521 1622 571 baculum
1642 559 1657 581 ,
1687 529 1761 573 cui
1794 523 2069 574 innitebatur
2087 557 2099 573 .
2130 525 2276 573 Haud
2288 529 2365 574 ali-

332 606 404 642 ter
422 628 438 649 ,
466 611 520 641 ac
547 591 694 642 vieior
720 591 850 661 captd
882 593 1033 661 praedzi
1065 593 1320 662 regreditur
1340 592 1398 642 ad
1424 592 1663 643 stationem
1688 599 1883 661 quietis,
1910 595 2210 645 Marcellinus
2227 592 2365 660 saepis·

330 659 444 712 fime
474 662 700 713 Miffionis
730 664 1040 714 habitaculum
1072 666 1252 731 repetiit
1291 665 1337 711 in
1361 667 1642 714 exultatione
1674 700 1691 723 ,
1726 667 1774 716 ὅτ
1819 666 1958 716 Indas
1989 683 2100 716 oves
2130 701 2146 722 ‚
2173 681 2284 732 quas
2310 680 2364 711 ex

327 735 470 785 antris
501 732 625 784 sacra
657 735 705 784 vi
735 734 783 787 ὅ(
812 733 934 785 furto
951 734 1382 792 abduxerat‚caulae
1402 736 1620 785 dostrinae
1649 737 1845 786 coelestis
1872 739 2053 797 intulit,
2079 731 2366 788 Christianis-

329 822 418 871 que
448 804 582 855 sacris
610 806 808 856 initiavit
834 843 848 856 .
878 811 1146 865 Venenum,
1175 806 1300 874 quod
1325 809 1511 875 gentilis
1544 807 1753 874 impietas
1789 806 1944 876 saepius
1974 810 2042 857 illi
2072 806 2367 877 propinavit,

328 875 423 926 fine
451 875 613 927 effestu
643 874 829 936 bibiffe,
859 876 907 928 &
938 877 1148 948 prodigia
1177 896 1282 927 eum
1316 877 1453 945 usque
1477 877 1534 927 ad
1565 895 1810 928 numerum
1836 878 2152 946 multiplicdffe
2179 878 2369 934 dicitur,

330 960 386 997 ut
414 966 514 998 rara
543 964 632 996 non
657 948 858 1018 ⁵amplius
886 948 1149 999 viderentur
1181 985 1193 997 .
1232 950 1445 998 Mitiores
1482 948 1587 998 Indi
1626 949 1760 1000 illum
1783 966 1868 999 ceu
1893 953 2072 999 Patrem
2098 948 2370 1001 veneraban-

330 1031 410 1069 tur
441 1053 459 1077 ,
494 1016 548 1067 ut
577 1017 831 1067 Dostorem
860 1015 1137 1069 aestimdrunt
1168 1037 1328 1069 omnes
1362 1021 1545 1070 illarum
1575 1024 1776 1086 partium
1816 1018 2089 1070 Miffionarii
2120 1057 2135 1081 ,
2176 1019 2225 1071 ἃ
2252 1015 2373 1086 plus-

327 1105 470 1155 quam
499 1090 855 1157 nonagenarium
886 1090 1123 1157 Athletam
1156 1092 1349 1141 Coelum
1381 1089 1747 1143 immarcescibili
1787 1109 1959 1142 corona
1988 1098 2010 1152 (
2042 1106 2094 1142 ut
2126 1090 2199 1159 pie
2230 1087 2372 1139 credi-

328 1162 470 1220 mus)
504 1158 776 1220 redimivit,
807 1161 853 1210 in
882 1158 982 1229 ipso
1010 1164 1290 1212 Americano
1316 1162 1589 1214 Miffionum
1621 1181 1786 1233 campo
1810 1200 1826 1224 ,
1850 1169 1982 1229 juxta
2014 1162 2273 1215 noviffimas
2299 1161 2371 1210 lit·

327 1244 445 1281 teras
473 1227 767 1281 defune‘tum.

464 1303 636 1352 Merita
659 1306 736 1352 Fr.
763 1302 957 1352 Martini
983 1301 1042 1352 de
1065 1305 1321 1357 Torret-illa
1348 1302 1473 1371 stylo
1497 1302 1702 1373 persequi
1729 1304 1845 1355 mihi
1881 1323 1971 1355 non
1996 1303 2157 1361 sumo,
2173 1321 2285 1354 curn
2298 1307 2373 1352 eoi

327 1387 432 1420 rum
467 1373 599 1441 copia
628 1375 808 1442 ingerat
842 1374 1145 1424 neceffitatem
1174 1377 1450 1443 prolixitatis
1486 1411 1502 1433 ,
1535 1374 1768 1446 proposito
1814 1392 1924 1425 meo
1962 1372 2243 1433 adversam3
2279 1391 2372 1421 me-

329 1441 507 1492 minisse
533 1441 729 1494 sufficiat
755 1462 861 1494 eum
897 1446 942 1495 in
969 1449 1208 1497 Provincia
1231 1445 1391 1497 officia⁴
1416 1444 1589 1516 geffiffe
1611 1448 1798 1505 omnia,
1826 1447 1852 1495 ὲ
1883 1451 1930 1498 8.
1966 1443 2144 1496 Officio
2179 1441 2373 1510 Inquifi-

328 1513 466 1562 tionis
493 1513 873 1582 Qalificatorem
906 1535 961 1565 ex
994 1536 1154 1565 munere
1173 1514 1300 1568 fuisse
1347 1516 1644 1569 constitutum
1678 1554 1694 1578 ,
1739 1517 1787 1569 ὅ(
1822 1517 1882 1567 ad
1919 1517 2145 1568 Generale
2180 1514 2374 1566 Ordinis

328 1584 611 1648 synedrium
628 1603 744 1634 anno
767 1589 915 1646 1678.
929 1588 1139 1637 evestum
1159 1608 1173 1637 ε
1201 1590 1469 1641 Οοξὶῑίηειτη
1487 1604 1640 1639 autem
1659 1595 1752 1654 ejus
1781 1588 1839 1639 ad
1863 1587 2206 1656 Philosophica,
2222 1585 2375 1635 Theo-

328 1655 479 1722 logica
497 1690 512 1713 ,
547 1657 812 1712 canonica,
838 1659 1101 1716 Polemica‚
1133 1663 1442 1730 Apologetica
1472 1659 1702 1711 extensam
1722 1697 1736 1719 ,
1756 1665 1860 1725 jura
1896 1658 2104 1711 Ecclefiae
2142 1694 2158 1714 ,
2187 1655 2370 1706 Summi

329 1724 562 1775 Pontificis
590 1727 905 1777 au&oritatem
920 1764 937 1787 ‚
964 1731 1205 1799 privilegia
1232 1729 1562 1799 Episcoporum
1579 1767 1595 1790 ,
1621 1732 1669 1783 &
1688 1733 2018 1802 Regularium‚
2044 1727 2093 1779 ὅ(
2122 1724 2372 1795 praesertim

330 1795 522 1844 Ordinis
555 1797 695 1846 nostri
724 1798 749 1845 a
778 1800 1010 1849 nonnullis
1030 1803 1202 1849 aemulis
1235 1800 1433 1850 laceffita
1464 1801 1765 1852 illustrantem
1793 1836 1809 1859 ‚
1843 1801 2093 1868 multiplici
2123 1798 2375 1847 Librorum

325 1861 447 1914 foetu
478 1866 729 1935 gloriosam
747 1903 761 1926 ,
788 1867 877 1918 fine
906 1871 1117 1919 elationis
1147 1873 1266 1921 vitio
1292 1879 1463 1921 claram
1480 1907 1496 1930 ‚
1522 1871 1578 1922 ab
1607 1871 1816 1922 omnibus
1838 1871 2074 1942 Hispaniae
2094 1868 2377 1919 Dmstoribus

325 1934 588 1987 aestimatam
618 1936 708 1990 διε.
734 1941 1017 2007 antiquitatis
1044 1946 1270 1991 memoria
1289 1979 1303 1999 ‚
1334 1941 1478 1992 fidelis
1507 1962 1662 1994 rerum
1694 1942 1861 1994 Custos
1879 1979 1895 2001 ,
1927 1939 2147 1992 exaltabit
2172 1976 2188 1998 ,
2217 1941 2263 1989 in
2288 1940 2375 1989 hoc

328 2024 421 2055 uno
459 2007 718 2067 infelicem,
752 2011 876 2076 quod
900 2012 957 2061 ad
990 2012 1163 2062 idioma
1202 2013 1505 2080 Hispanicum
1536 2015 1710 2066 atstata
1729 2051 1746 2074 ,
1774 2014 2002 2065 tradustio
2039 2010 2098 2062 ad
2140 2011 2251 2061 alias
2296 2010 2378 2058 lin-

323 2093 440 2145 guas
470 2084 562 2141 eJ'us
593 2081 842 2129 utilitatem
873 2099 962 2130 non
992 2082 1151 2130 reddat
1178 2083 1480 2133 universalem
1499 2121 1512 2134 .

466 2153 545 2198 Fr.
577 2150 849 2198 Emmanuel
891 2151 1174 2198 Matritentis
1210 2153 1379 2198 merito
1417 2169 1599 2216 quoque
1626 2158 1844 2203 Gener-ali
1886 2156 1992 2204 huic
2024 2151 2219 2204 Ordinis
2247 2152 2380 2200 Sena·

323 2219 393 2268 tui
452 2237 572 2269 anno
628 2216 874 2269 millesimo
939 2216 1259 2269 sexcentesimo
1306 2219 1593 2287 oflogefimo
1644 2223 1811 2289 quinto
1859 2223 2046 2286 J‘unRus
2091 2220 2153 2268 est
2183 2256 2198 2276 ,
2233 2236 2383 2268 eum...

318 2285 483 2355 spiritu
520 2287 747 2354 sapientiae
794 2301 840 2335 et
880 2286 1059 2335 consilii
1106 2290 1351 2352 repleverit
1398 2293 1535 2337 illum
1586 2294 1850 2351 Dominus-3
1895 2293 1999 2339 hinc
2027 2291 2078 2341 &
2109 2288 2383 2340 Officium

319 2360 371 2407 S.
407 2356 720 2424 Inquifitionis
758 2353 1150 2422 Qalificatorum
1195 2359 1338 2405 coetui
1377 2374 1485 2405 eum
1530 2357 1753 2424 inscripfit
1782 2392 1798 2414 ,
1834 2360 2077 2408 Provincia
2103 2358 2383 2426 Magistratu

322 2425 536 2495 supremo
582 2427 819 2478 decoravit
842 2462 857 2485 ,
889 2428 1095 2477 Nuntius
1141 2425 1434 2493 Apostolicus
1481 2428 1526 2475 in
1565 2425 1854 2496 gravioribus
1900 2426 2094 2495 negotiis
2142 2431 2238 2489 ejus
2283 2443 2383 2476 ora-

324 2500 429 2548 cula
453 2497 709 2565 'exquisivit
745 2532 760 2556 ,
797 2498 1042 2548 Catholica
1079 2498 1290 2560 Majestas
1342 2499 1537 2566 Philippi
1573 2502 1665 2547 lV.
1712 2495 1846 2547 suum
1889 2516 1944 2545 ex
1986 2513 2147 2544 munere
2180 2497 2383 2546 Concio-

327 2582 540 2620 natorem
575 2575 672 2633 jam
705 2582 974 2637 cooptatum
1006 2568 1064 2618 ad
1099 2565 1283 2616 confilia
1316 2566 1504 2627 ascivit,
1537 2570 1614 2636 qui
1642 2566 1871 2619 senestute
1895 2567 2064 2636 dignus
2082 2601 2099 2625 ,
2132 2563 2303 2616 famam
2329 2565 2380 2618 &

329 2639 576 2690 candorem
610 2641 885 2689 meritorum
916 2639 974 2690 ad
1001 2637 1161 2689 saecula
1190 2641 1497 2707 propagavit.

467 2714 574 2762 Hac
600 2727 783 2778 quoque
813 2709 964 2762 nostra
984 2725 1115 2760 aetate
1144 2713 1217 2758 Fr.
1242 2712 1406 2758 Paulus
1436 2710 1459 2757 a
1491 2709 1738 2760 Colindres
1772 2745 1790 2769 ,
1815 2727 1868 2759 ex
1902 2706 2064 2759 illustri
2100 2706 2150 2756 dc
2182 2704 2378 2759 Drama

320 2781 525 2830 Calderon
557 2782 608 2830 de·
629 2782 674 2828 la
704 2781 843 2829 Barca
868 2782 1071 2834 ,Familia
1103 2814 1116 2836 ‚
1141 2791 1244 2828 tum
1275 2778 1481 2845 Equestri
1499 2816 1515 2838 ,
1548 2795 1650 2831 tum
1681 2777 1987 2831 Ecclefiastica
2011 2778 2234 2847 dignitate
2263 2786 2374 2826 co'n-

319 2850 472 2920 spicua
504 2866 663 2908 ortus,
693 2851 739 2899 in
764 2848 925 2899 saeculo
949 2851 1134 2913 majoris
1168 2849 1342 2900 Sanftae
1371 2852 1539 2902 Crucis
1571 2852 1929 2904 Vallis-Oletani
1966 2849 2171 2917 Collegii
2195 2883 2213 2906 ,
2244 2852 2374 2912 enjus

322 2925 538 2971 coccinea
563 2919 699 2970 fascia
726 2956 743 2980 ,
771 2918 821 2971 ὅ(
848 2918 1041 2989 appensa
1081 2937 1219 2970 aurea
1251 2925 1407 2973 Cruce
1443 2939 1468 2969 2
1479 2937 1525 2985 5.
1573 2923 1767 2973 Alumni
1799 2939 1857 2972 ex
1881 2919 2181 2972 nobilioribus
2215 2920 2367 2988 Regni

324 2993 532 3043 Familiis
549 2991 762 3060 assumpti
780 2992 1056 3042 decorantur
1077 3027 1092 3049 ,
1117 2989 1167 3043 ὅ(
1182 2993 1226 3040 in
1245 3010 1338 3060 quo
1353 2991 1411 3041 ad
1436 2994 1585 3060 prima
1612 2994 1793 3063 Regni,
1807 2991 1855 3043 ὃς
1877 2986 2084 3042 Ecclefiae
2105 2988 2264 3038 munia
2291 3005 2368 3056 ap-

324 3078 481 3113 tantur
503 3063 700 3133 ,dignus
729 3063 924 3128 Collega
939 3098 955 3121 ,
970 3081 1023 3112 ac
1040 3061 1192 3133 primo
1209 3063 1255 3112 in
1275 3064 1352 3112 illa
1381 3062 1684 3118 Univerfitate
1704 3065 1820 3127 juris
1845 3058 2079 3128 utriusque
2104 3056 2328 3116 Professor
2350 3094 2367 3118 ,

324 3134 618 3203 postmodum
646 3133 757 3183 vero
783 3134 828 3182 in
863 3135 1149 3183 Salmantina'
1175 3136 1422 3183 Sacrorum
1444 3138 1694 3185 Canonum
1728 3131 1907 3182 Dostor
1933 3168 1950 3191 ,
1978 3129 2329 3183 Cathedraticus
2346 3165 2363 3189 ,

319 3204 370 3256 ’ἃ
399 3203 613 3256 Ecclefiae
642 3203 934 3255 Cathedralis
963 3205 1226 3255 Canonicus
1256 3205 1515 3255 Dostoralis
1544 3241 1559 3262 ,
1594 3209 1750 3254 Frater
1790 3200 2088 3252 Illustriffimi
2129 3199 2181 3253 &
2206 3205 2361 3251 Reve-

321 3275 571 3327 rendiffimi
608 3276 798 3326 Antonii
829 3268 1042 3344 Episcopi
1075 3272 1312 3326 Osmenfis
1360 3273 1607 3325 secundum
1653 3276 1838 3324 carnem
1886 3265 2147 3324 Germanus
2181 3306 2199 3330 ,
2238 3269 2360 3320 felici

321 3361 434 3397 voto
464 3346 693 3398 Definiror
727 3383 744 3406 ,
785 3345 833 3398 ὅ(
874 3344 1197 3414 consequenter
1238 3346 1296 3396 ad
1326 3348 1498 3396 litteras
1524 3345 1825 3397 Clementinae
1868 3343 2220 3396 Constitutionis
2251 3360 2360 3392 con-

323 3416 671 3470 Commiffarius
701 3420 942 3468 Generalis
978 3419 1258 3468 renuntiatus
1289 3415 1391 3476 est,·
1412 3415 1648 3485 postquam
1675 3415 1801 3483 prius
1823 3417 1868 3464 in
1893 3414 2072 3467 Ordine
2089 3411 2254 3463 officiis
2274 3416 2354 3462 Se-

319 3489 500 3539 cretarii
529 3490 769 3538 Generalis
788 3523 803 3546 ,
834 3487 1109 3539 Miffionarii
1129 3486 1385 3555 Apostolici
1403 3490 1553 3537 Orani
1569 3490 1615 3536 in
1637 3483 1812 3536 Affrica
1829 3522 1844 3543 ,
1867 3483 2179 3538 Commiffarii
2195 3481 2244 3534 ὅ(
2268 3485 2349 3532 Vi-

317 3559 516 3612 fitatoris
545 3559 784 3609 Generalis
813 3559 858 3606 in
888 3560 1129 3610 Provincia
1156 3560 1379 3609 Valentia?
1399 3557 1581 3609 funs'tus
1603 3554 1780 3615 fuisset,
1795 3556 1844 3609 ὅς
1860 3558 2022 3608 ultima
2042 3554 2234 3605 Ordinis
2252 3554 2348 3602 Co-

321 3633 453 3683 mitia
485 3631 728 3680 Generalia
752 3628 940 3680 astualis
966 3631 1052 3681 suae
1082 3630 1327 3680 Provincia:
1351 3627 1617 3681 Castellanae
1643 3626 1850 3678 Minister
1874 3623 2143 3678 acceffiffet.
2177 3624 2349 3682 Virum

322 3704 376 3752 de
406 3698 603 3753 Ecclesia
629 3698 678 3751 ’ἃ
701 3699 879 3750 Ordine
908 3705 1156 3758 meritum,
1188 3714 1240 3750 ut
1265 3699 1574 3750 Ferdinandus
1605 3703 1698 3750 VI.
1725 3697 2042 3769 gloriosiffime
2076 3693 2347 3763 sceptrum...

323 3773 582 3843 Hispanicae
614 3771 892 3823 Monarchiae
923 3785 1077 3823 tenens
1095 3807 1112 3831 ,
1139 3769 1196 3821 de
1227 3770 1409 3823 claustri
1447 3770 1641 3822 tenebris
1670 3805 1687 3829 ,
1719 3772 1765 3819 in
1794 3771 1896 3821 luce
1932 3767 1982 3819 ὅ(
2009 3766 2100 3817 sole
2135 3763 2348 3886 ΕσεΙῗίὶεε

2196 3853 2252 3886 co
2278 3861 2288 3872 ·
