2638 4088
1035 166 1659 290 Apostolica.

331 309 451 364 parte
463 305 683 350 Chariffimi
699 306 744 350 in
760 308 922 353 Christo
937 311 1030 355 Filii
1056 313 1175 355 nostri
1189 317 1316 355 Caro-

2120 207 2288 291 299

1376 310 1730 357 Ex-Provincialis
1744 314 1963 358 earundem
1980 315 2281 361 Provinciarum
2309 321 2347 361 in

332 363 390 416 li,
402 363 680 421 Hispaniarum
704 367 826 423 Regis
841 371 1078 424 Catholici,
1100 371 1232 415 Nobis
1243 385 1316 427 per
1374 370 1546 428 ipsarum
1565 370 1784 426 respective
1796 370 2044 416 Definitoriis
2055 401 2072 422 ,
2099 373 2136 412 &
2152 377 2345 428 Capitulis

329 420 526 467 dilectum
540 424 703 479 Filium,
720 427 916 470 Nobilem
931 429 1059 472 virum
1073 429 1313 473 modernum

330 483 491 525 Ducem
505 481 558 525 de
573 484 872 528 Medma-Coeli
887 513 900 528 .
917 487 1086 543 Reliqua
1098 488 1286 544 uust'tpra
1300 517 1312 527 .

328 542 437 584 Cum
453 551 587 585 autem
601 569 616 593 ,
644 544 744 587 ficut
757 548 832 600 pro
845 554 959 600 parte
974 546 1151 602 ejusdem
1166 544 1309 589 Caroli

328 598 449 656 Regis
464 614 538 656 per
555 599 760 656 praefatum
771 602 924 646 Ducem
937 603 1072 647 denuo
1094 604 1220 648 Nobis
1235 617 1311 645 nu-

329 671 407 715 per
421 658 643 716 expolitum
659 659 734 705 fuit
747 688 762 713 ,
779 661 820 705 in
838 662 1074 717 praeinsertis
1086 662 1226 707 nostris
1242 661 1311 704 lit-

327 717 426 760 teris
437 719 557 761 trium
576 719 879 763 Provinciarum
901 723 1138 779 Regnorum
1163 718 1308 763 utrius-

327 790 408 833 que
436 775 618 836 Castellae
643 777 737 820 dini
756 778 920 823 Ordinis
932 795 1100 837 ,nempe
1112 779 1311 830 Castellae,

325 834 477 878 veteris
509 837 546 877 δι
578 849 687 879 novae
703 848 966 893 nuncupate,
995 854 1069 882 nec
1085 837 1310 882 nonBoeti-

324 908 379 936 cae
405 896 445 936 δι
473 898 663 937 Navarrae
690 894 992 938 Provinciarum
1017 896 1198 940 distincita
1223 927 1239 948 ‚
1269 898 1308 939 δὲ

326 950 502 1008 expreffa
514 953 670 994 mentio
685 949 875 995 fananon
888 951 1027 1006 fuerit,
1041 956 1220 1012 quinimo
1234 968 1307 997 nec

322 1011 364 1053 in
378 1010 520 1053 iisdem
537 1009 686 1052 litteris
704 1010 903 1065 provisum
918 1012 1037 1056 fuerit
1049 1042 1064 1066 ,
1090 1014 1198 1070 quod
1212 1014 1307 1055 loco

319 1069 633 1125 supradictorum
646 1069 929 1114 Discretorum
940 1072 1306 1123 Conventualium,

319 1127 419 1171 ficut
446 1127 727 1184 praemittitur,
748 1126 993 1173 sublatorum
1018 1161 1034 1182 ,
1057 1132 1098 1173 δε
1123 1140 1303 1174 remoto-

320 1200 426 1235 rum,
444 1199 517 1241 pro
532 1196 717 1242 tempore
732 1187 944 1232 existentes
957 1188 1190 1234 earumdem
1206 1194 1302 1234 Pro.

321 1245 547 1289 vinciarum
577 1243 818 1289 Definitores
841 1250 879 1291 δι
894 1248 1117 1296 Custodes,
1133 1265 1207 1292 nec
1222 1263 1301 1292 non

317 1304 382 1346 hic
397 1302 567 1355 saltem,
592 1304 661 1360 qui
675 1305 879 1350 noviffime
908 1308 948 1350 in
977 1307 1056 1351 illis
1071 1308 1301 1353 Provincia·

316 1358 422 1405 latiis
444 1360 578 1428 officio
603 1363 821 1419 respective
849 1365 1003 1410 functus
1021 1366 1159 1417 fuerit,
1176 1368 1214 1410 in
1230 1381 1300 1410 ea-

316 1433 405 1464 rum
421 1418 676 1465 Definttoriis
689 1452 703 1474 ‚
731 1424 771 1465 ἃ.
799 1426 1000 1480 Capitulis
1030 1425 1299 1470 Provinciali-

318 1480 390 1523 bus
426 1489 566 1521 votum
592 1480 659 1525 seu
685 1481 911 1539 suffragium
935 1485 1152 1542 respective
1172 1484 1300 1528 habe-

315 1552 360 1582 re
398 1535 572 1581 debeant
594 1568 609 1591 ,
646 1542 985 1596 quemadmodum
1022 1544 1103 1598 ipse
1125 1545 1299 1589 Carolus

315 1599 408 1641 Rex
431 1611 504 1653 pro
517 1597 711 1653 peculiari
734 1598 805 1643 suo
823 1601 862 1644 in
881 1602 1081 1645 Ordinem
1093 1601 1299 1661 praefatum

314 1655 548 1699 devotionis
563 1655 723 1710 affeetu,
732 1658 772 1701 &
785 1673 998 1704 commune
1011 1660 1184 1718 ipsarum
1197 1665 1298 1706 Pro-

315 1714 537 1773 vinciarum
553 1715 703 1759 bonum
715 1718 981 1771 promovendi
993 1720 1124 1763 studio
1139 1720 1297 1770 ductus,

314 1772 444 1818 Nobis
465 1772 680 1829 supplicari
697 1772 873 1829 fecerat3
901 1791 946 1818 ac
960 1778 1133 1832 proinde
1147 1791 1296 1833 oppor-

313 1829 411 1876 tune
425 1830 464 1873 in
485 1831 681 1887 praemiss'is
693 1833 718 1876 ὲ
734 1834 862 1876 Nobis
879 1835 1100 1890 provideri,
1117 1850 1189 1878 nec
1215 1848 1295 1877 non

311 1899 506 1948 praeterea
522 1916 537 1941 ,
562 1890 670 1944 quod
685 1891 724 1934 in
741 1892 963 1936 Provinciis
989 1893 1161 1949 praefatis
1175 1893 1294 1949 Capi-

312 1949 399 1993 tula
417 1948 695 1992 Provincialia
709 1948 761 1992 dc
775 1950 1005 2007 sesquiaono
1032 1954 1069 1993 in
1095 1950 1293 2007 sesquian-

308 2021 403 2050 num
417 2006 616 2048 celebrari
630 2006 830 2057 debeant,
855 2008 1192 2064 quemadmodum
1222 2006 1292 2051 sel.

306 2063 466 2108 record.
482 2063 676 2106 Clemens
692 2065 799 2118 Papa
814 2067 865 2107 Χ.
883 2064 1145 2119 praedeceffor
1161 2065 1292 2106 noster

305 2137 381 2181 pro
394 2122 579 2164 omnibus
604 2119 779 2178 ejusdem
795 2123 960 2167 Ordinis
980 2123 1202 2167 Provinciis
1221 2135 1291 2178 per

305 2179 495 2239 quasdam
508 2232 510 2234 V
522 2179 605 2223 suas
632 2179 776 2223 itidem
801 2181 841 2223 in
871 2181 999 2225 forma
1013 2180 1154 2223 Brevis
1185 2195 1290 2223 anno

306 2239 435 2290 1676.
449 2239 618 2294 desuper
634 2238 840 2293 expeditas
872 2238 1031 2282 litteras
1045 2237 1291 2293 praescripfis-

307 2295 348 2340 se
361 2297 513 2339 dicitur
527 2323 542 2346 ,
553 2296 715 2339 decerni
739 2297 779 2337 &
801 2295 980 2339 ordinari
997 2296 1213 2351 plurimum
1227 2295 1297 2336 de-

304 2356 482 2398 fideret:
508 2357 595 2396 Nos
615 2354 682 2410 pio
703 2380 717 2403 ,
739 2366 787 2395 ac
813 2353 1006 2398 laudabili
1033 2354 1127 2397 dieti
1154 2351 1296 2396 Caroli

306 2415 435 2471 Regis
449 2412 646 2456 desiderio
659 2412 732 2454 hac
747 2412 784 2453 in
801 2427 843 2455 re
856 2439 869 2461 2
886 2415 1080 2470 quantum
1096 2425 1188 2454 cum
1207 2415 1295 2454 Do-

304 2474 415 2517 mino
431 2468 644 2527 possumus,
661 2469 940 2515 favorabiliter
959 2486 1135 2515 annuere
1151 2471 1293 2514 volen-

303 2542 365 2576 tes
381 2560 395 2583 ,
423 2529 782 2586 supplicationibus
805 2530 981 2587 ejusdem
1011 2529 1153 2574 Caroli
1170 2530 1294 2584 Regis

306 2590 471 2633 nomine
508 2589 639 2631 Nobis
667 2603 737 2645 per
764 2589 970 2642 praefatum
989 2592 1144 2632 Ducem
1178 2590 1294 2644 super

308 2651 392 2693 hoc
422 2645 633 2690 humiliter
653 2648 846 2702 porrectis
867 2649 1080 2698 inclinati,
1118 2645 1169 2688 de
1212 2661 1295 2688 me·

301 2716 463 2752 moratae
496 2706 839 2761 congregationis
865 2706 1145 2750 Cardinalium
1171 2703 1292 2748 confi-

300 2764 619 2815 li02aufiloritate
637 2764 869 2819 Apostolica
891 2773 1031 2807 tenore
1048 2762 1294 2818 praesemium

304 2823 558 2867 declaramus
590 2822 859 2865 remotionem
882 2851 896 2874 ,
931 2824 972 2864 δι
997 2821 1293 2866 abolitionem„-

306 2883 586 2926 Discretotum
601 2880 942 2924 Conventualium
953 2882 992 2922 io
1008 2880 1228 2924 Provinciis
1245 2896 1292 2923 u-

305 2939 485 2996 triusque
500 2937 680 2982 castella:
706 2942 888 2982 Fratrum
905 2938 1068 2981 Ordinis
1091 2939 1290 2983 Minorum

303 2998 484 3053 ejusdem
511 2997 642 3041 Sanni
672 2996 868 3042 Francisci
895 2998 1196 3054 Capucinorum
1233 2996 1292 3040 fa·

301 3055 383 3102 aas
403 3086 418 3110 ,
447 3064 492 3099 ut
529 3053 781 3111 praefertur,
804 3056 1091 3112 expeditasque
1119 3054 1289 3112 desuper

305 3117 465 3161 litteras
477 3114 629 3158 nostras
646 3115 889 3171 praeinsertas
903 3113 1184 3171 intelligendas
1196 3113 1290 3169 esse,

299 3189 382 3220 non
406 3174 535 3218 solum
563 3173 743 3230 respet‘tu
778 3174 1083 3217 provinciarum
1110 3174 1259 3218 Baeticae
1273 3203 1287 3226 ,

301 3235 428 3289 vulgo
442 3232 668 3276 Andalufiae
681 3263 697 3285 ,
725 3248 797 3276 nec
814 3235 894 3275 non
909 3235 1098 3276 Navarrae
1113 3260 1126 3283 ,
1140 3234 1180 3274 ἃ.
1193 3247 1286 3288 qua.

299 3301 421 3336 tenus
437 3305 538 3346 opus
553 3290 597 3332 fit
609 3293 923 3343 ,remotionem,
941 3292 1219 3343 abolitionem,
1237 3307 1284 3334 ac

300 3350 451 3398 nostras
470 3349 624 3392 litteras
640 3349 864 3405 hujusmodi
878 3350 925 3394 ad
942 3350 1083 3405 suprad
1090 3350 1285 3394 ictasPro-

300 3406 455 3452 vincias
483 3408 661 3459 Baeticae,
687 3410 930 3452 &Navarrae
956 3409 1217 3458 auctoritate,
1248 3411 1288 3450 δι

301 3476 446 3511 tenore
469 3465 643 3520 praefatis
665 3466 945 3519 extendimus,
967 3468 1007 3509 ἃ
1025 3467 1285 3520 ampliamus3

300 3522 500 3571 Praeterea
511 3522 648 3567 eadem
665 3524 902 3568 auctoritate
920 3526 1058 3569 harum
1083 3525 1184 3567 serie
1213 3524 1287 3566 de-

301 3584 501 3629 cernimus
513 3607 527 3628 a
541 3580 648 3637 quod
666 3583 753 3625 vice
769 3611 783 3633 ,
796 3583 836 3623 δι
861 3583 954 3625 loco
969 3582 1287 3638 praedietorum.»

302 3642 581 3689 Discretorum
601 3640 640 3681 in
655 3641 782 3682 tribus
798 3640 1020 3683 Provinciis
1048 3640 1284 3697 hujusmodi,

300 3702 400 3745 ficut
413 3698 687 3756 praemittitur,
702 3697 961 3752 sublatorum,
974 3701 1013 3741 &a
1025 3700 1285 3749 abolitorum,

298 3759 547 3804 Definitores
561 3787 577 3810 ,
591 3766 712 3815 atque
728 3756 924 3800 Custodes
937 3784 952 3810 ,
967 3758 1004 3799 &
1027 3756 1282 3815 immediatus

416 3821 520 3863 Tom.
531 3818 570 3863 V.

1375 438 1512 472 votum
1528 430 1702 472 habeant
1716 458 1731 482 ,
1755 431 2027 487 dictarumque
2044 430 2345 474 Provinciarum

1372 487 1564 543 Capitula
1577 489 1630 531 de
1646 487 1877 546 sesquianno
1892 492 1931 533 in
1945 488 2220 546 sesquiannum
2236 488 2347 530 dein-

1369 559 1462 601 ceps
1479 545 1676 589 celebrari
1689 549 1866 593 debeant
1879 579 1890 590 .
1906 550 2179 590 Decernentes
2198 547 2347 603 pariter

1370 604 1524 647 easdem
1548 607 1757 660 praesentes
1773 608 1929 651 litteras
1942 606 2097 661 semper
2113 605 2243 648 firmas
2257 632 2271 656 ,
2284 619 2349 646 va-

1370 662 1470 706 lidas
1487 665 1549 714 ,&
1561 664 1739 707 efficaces
1751 666 1918 709 existere
1932 694 1946 717 ,
1960 667 1998 707 &
2012 666 2099 707 fore
2117 695 2130 717 ,
2147 663 2348 720 suosque)

1369 721 1569 778 plenarios
1582 748 1595 769 ,
1608 724 1843 779 &integros
1856 724 2012 767 effeftus
2039 724 2202 773 sortiri,
2227 725 2265 765 &
2280 723 2351 763 ob·-

1370 781 1523 829 tinere,
1537 794 1582 821 ac
1595 780 1676 823 illis
1689 810 1703 831 ,
1716 783 1766 823 ad
1781 797 1879 837 quos
1896 782 2041 837 speetat
2058 811 2071 834 ,
2091 784 2131 825 δι
2160 796 2234 838 pro
2249 794 2349 825 tem-

1368 853 1469 895 pore
1483 838 1672 894 spectabit
1685 839 1726 880 in
1745 841 1928 882 omnibus
1942 869 1955 892 ,
1970 843 2009 882 δε
2022 855 2090 896 per
2102 842 2235 883 omnia
2259 839 2349 895 ple-

1369 897 1521 939 nissimi:
1536 895 1736 951 suffragari
1752 926 1765 949 ,
1780 900 1819 940 &
1831 899 1881 941 ab
1895 900 1951 941 eis
1974 899 2191 955 respetstive
2216 899 2352 941 invio-

1369 955 1553 999 labiliter
1565 953 1795 1009 observari3
1826 956 1955 1013 licque
1977 959 2018 1000 in
2047 957 2246 1013 praemiffis
2278 970 2350 1012 per

1366 1015 1640 1070 quoscumque
1663 1014 1829 1070 Judices
1856 1017 2085 1059 ordinarios
2102 1045 2115 1068 ,
2128 1018 2164 1058 ἃ
2181 1016 2351 1070 delega-

1368 1084 1431 1116 tos
1447 1101 1461 1123 ,
1487 1073 1607 1115 etiam
1631 1073 1834 1117 causarum
1861 1074 2350 1129 PalatiiApostoliciAu-

1364 1133 1518 1175 ditores
1540 1129 1743 1187 judicari,
1772 1134 1812 1174 δε
1837 1132 1997 1176 definiri
2023 1135 2174 1177 debere
2191 1148 2265 1185 ,ac
2294 1132 2351 1173 ir-

1365 1191 1489 1234 ritum
1502 1217 1516 1241 ,
1533 1190 1704 1232 &inane
1718 1218 1732 1240 ,
1747 1190 1770 1232 fi
1789 1192 1898 1234 secus
1914 1195 2025 1249 super
2036 1193 2096 1234 his
2112 1195 2133 1235 a
2148 1204 2351 1248 quoquam

1361 1250 1499 1307 quavis
1519 1249 1756 1292 austeritate
1780 1249 1950 1293 scienter
1973 1280 1989 1303 ,
2017 1251 2082 1292 vel
2110 1251 2342 1305 ignoranter

1361 1308 1580 1364 contigerit
1606 1309 1800 1352 attentari
1829 1339 1842 1349 .
1867 1310 2074 1364 Quocirca
2108 1307 2345 1350 Venerabili

1360 1370 1428 1411 Fr.
1445 1367 1656 1411 Friderico
1670 1394 1684 1417 ,
1710 1366 2022 1425 Archiepiscopo
2036 1365 2345 1416 Mediolanensi,

1359 1425 1573 1475 moderno,
1587 1427 1714 1480 &pro
1735 1435 1920 1482 tempore
1935 1425 2119 1468 existenti
2140 1425 2292 1474 nosti-0,
2309 1425 2349 1466 δι

1358 1485 1599 1540 Apostolicae
1630 1484 1746 1527 Sedis
1777 1486 1817 1526 in
1847 1485 1996 1540 Regnis
2030 1483 2348 1539 Hispaniarum,

1359 1544 1533 1596 Nuntio,
1549 1558 1620 1599 per
1636 1544 1843 1599 praesentes
1858 1544 2172 1594 committimus,
2186 1544 2225 1584 δι
2239 1556 2348 1583 man·

1357 1602 1497 1645 damus
1509 1633 1524 1657 ,
1537 1613 1731 1660 quatenus
1759 1602 1837 1657 ipse
1853 1617 1922 1658 per
1937 1602 1997 1651 se,
2022 1603 2084 1645 vel
2101 1616 2174 1657 per
2195 1601 2317 1643 alium
2330 1629 2347 1650 ,

1359 1661 1428 1705 seu
1451 1661 1553 1706 alios
1568 1693 1582 1715 ,
1607 1661 1709 1716 ipsas
1727 1660 1936 1717 praesentes
1963 1663 2121 1705 litteras
2136 1690 2150 1711 ‚
2166 1660 2259 1700 &in
2290 1658 2346 1699 eis

1357 1731 1550 1764 contenta
1563 1734 1848 1777 quaecumque,
1868 1723 1938 1764 ubi
1954 1749 1968 1772 ,
1991 1723 2030 1763 &
2058 1718 2215 1774 quando
2245 1730 2345 1772 opus

1358 1777 1554 1826 fuerit,&
1570 1778 1728 1832 quoties
1751 1792 1824 1832 pro
1848 1790 1961 1833 parte
1975 1775 2163 1820 interesse
2188 1777 2228 1816 in
2246 1789 2346 1830 prae-

1355 1835 1473 1878 miffis
1489 1837 1733 1885 habentium,
1754 1835 1820 1878 seu
1831 1835 1998 1893 alicujus
2011 1849 2151 1878 eorum
2170 1832 2345 1889 desuper

1356 1895 1481 1938 fuerit
1500 1894 1708 1951 requifitus
1722 1921 1738 1943 ,
1762 1893 1996 1938 solemniter
2024 1894 2232 1949 publicans
2249 1921 2265 1942 ,
2297 1892 2349 1933 il-

1353 1953 1481 2010 lisque
1502 1953 1539 1996 in
1554 1951 1752 2009 praemiffis
1771 1953 1941 1996 efficacis
1955 1951 2196 1998 defenfionis
2213 1950 2346 2005 praefi-

1352 2012 1423 2053 dio
1447 2010 1778 2061 assistens,faciat
1795 2015 2032 2056 auctoritate
2067 2011 2195 2054 nostra
2225 2010 2343 2060 illos,

1352 2070 1544 2108 &eorum
1569 2068 1791 2120 quemlibet
1815 2069 2060 2126 praesentium
2085 2070 2341 2124 litterarum,

1351 2126 1444 2166 &in
1461 2125 1520 2165 eis
1535 2132 1827 2165 contentorum
1853 2127 2077 2168 eorundem
2101 2125 2342 2172 commodo,

1349 2185 1390 2226 δι
1404 2182 1541 2225 effectu
1556 2180 1725 2237 pacifice
1744 2179 1851 2234 frui,
1862 2184 1902 2224 &
1914 2184 2091 2240 gaudere
2105 2196 2119 2235 3
2139 2185 2231 2224 Non
2249 2196 2343 2237 per-

1355 2243 1523 2282 mittens
1551 2240 1641 2282 illos
1664 2238 1864 2296 desuper&
1880 2256 2079 2298 quoquam
2106 2241 2246 2297 quavis
2277 2255 2345 2284 au.

1355 2297 1545 2339 ctoritate
1573 2298 1881 2351 quomodolibet
1909 2300 2088 2342 indebite
2114 2298 2346 2351 molestari,

1359 2353 1613 2412 perturbari,
1640 2351 1707 2393 vel
1737 2353 1979 2410 inquietari,
2006 2356 2340 2398 contradictores

1356 2412 1557 2470 quoslibet
1584 2411 1624 2451 δι
1650 2410 1824 2453 rebelles
1845 2426 1917 2466 per
1931 2413 2145 2454 sententias
2164 2439 2178 2462 ,
2199 2415 2342 2455 censu-

1357 2473 1645 2525 ras,&poenas
1665 2468 1979 2518 Ecclefiasticas‚
2003 2470 2161 2525 aliaque
2186 2484 2340 2525 oppor-

1357 2541 1453 2572 tuna
1481 2527 1658 2586 juris,&
1681 2525 1770 2568 faeti
1786 2528 1984 2579 remedia,
2008 2528 2339 2582 appellatione...

1355 2584 1567 2644 postpofita
1585 2614 1597 2636 ,
1611 2586 1925 2640 compescendo,
1943 2586 2204 2640 legitimisque
2227 2584 2340 2640 supet·

1357 2647 1416 2688 his
1443 2644 1637 2687 habendis
1663 2645 1826 2687 servatis
1851 2643 2090 2700 proceffibus
2108 2642 2335 2695 ,censuras,

1355 2708 1391 2747 &
1410 2718 1547 2761 poenas
1564 2700 1684 2757 ipsas,
1702 2705 1823 2746 etiam
1839 2706 1995 2747 iteratis
2012 2703 2162 2745 vicibus
2191 2714 2340 2755 aggra-,

1357 2763 1491 2806 vando
1507 2791 1521 2813 ,
1539 2763 1726 2803 invocato
1753 2765 1875 2805 etiam
1897 2764 1946 2804 ad
1962 2763 2058 2810 hoc,
2092 2760 2117 2802 fi
2135 2774 2232 2813 opus
2250 2759 2339 2805 sues

1355 2821 1595 2871 ritiauxilio
1610 2820 1762 2863 brachii
1785 2821 1972 2865 saecularis
1987 2849 1998 2860 .
2031 2822 2122 2862 Nou
2144 2817 2336 2860 obstanti-

1353 2883 1423 2924 bus
1445 2880 1694 2922 recchmem.
1708 2880 1899 2922 Bonisacii
1920 2883 2032 2932 Papae
2045 2877 2186 2918 octavi
2202 2905 2215 2927 ,
2230 2889 2335 2931 prae-

1350 2937 1562 2982 decefforis
1578 2937 1725 2993 pariter
1740 2940 1887 2989 nostri,
1900 2938 1953 2979 de
1975 2949 2050 2978 una
2064 2961 2078 2983 ‚
2101 2936 2138 2976 δι
2153 2933 2333 2978 Concilii

1352 2995 1562 3042 Generalis
1576 2996 1628 3038 de
1645 2996 1792 3039 duabus
1806 2996 1924 3038 dietis
1939 3023 1956 3045 ,
1978 2993 2197 3039 dummodo
2223 2993 2331 3034 ultra

1352 3069 1433 3099 tres
1447 3056 1575 3098 dietas
1590 3055 1732 3110 aliquis
1745 3054 1988 3096 auctoritate
2015 3049 2263 3107 ptaesentium
2289 3051 2331 3092 in

1349 3115 1544 3172 judicium
1559 3127 1639 3156 non
1653 3113 1852 3154 trahatur:
1867 3109 2034 3167 aliisque
2059 3108 2330 3153 Constitutio-

1349 3175 1461 3216 nibus
1477 3201 1490 3223 ,
1502 3173 1539 3213 ὅ(
1554 3169 1881 3213 Ordinationibus
1897 3168 2155 3225 Apostolicis,
2171 3183 2215 3211 ac
2229 3168 2333 3208 Pro-'-

1347 3231 1594 3278 vinciarum,
1617 3230 1657 3269 δε
1680 3227 1841 3270 Ordinis
1866 3225 2087 3284 hujusmodi
2106 3255 2120 3278 ‚
2148 3226 2326 3270 aliisve,

1345 3288 1590 3347 quibuslibet
1605 3317 1621 3338 ,
1637 3287 1755 3328 etiam
1770 3285 2001 3343 juramento
2015 3312 2028 3333 ,
2054 3285 2331 3328 confirmatio-

1347 3363 1396 3392 ne
1415 3345 1662 3401 Apostolica,
1677 3343 1741 3386 vel
1756 3344 1893 3401 quavis
1908 3342 2096 3387 firmitate
2111 3345 2186 3387 alia
2207 3345 2329 3386 robo-

1347 3408 1445 3451 ratis
1467 3405 1621 3447 statutis
1638 3431 1652 3453 ,
1677 3405 1715 3444 &
1739 3401 2088 3446 consuetudinibus
2114 3416 2129 3455 ;
2160 3415 2325 3445 necnon

1347 3465 1548 3513 omnibus,
1563 3464 1598 3504 &
1616 3460 1774 3516 singulis
1790 3461 1868 3503 illis
1880 3488 1894 3511 ,
1912 3463 2049 3519 quaein
2065 3462 2211 3503 litteris
2226 3473 2326 3515 prae-

1345 3523 1501 3567 insertis
1515 3519 1774 3564 conceffimus
1794 3533 1874 3563 non
1902 3520 2056 3562 obstare
2068 3544 2082 3568 ‚
2097 3519 2324 3573 caeterisque

1345 3581 1553 3625 contrariis
1582 3576 1891 3634 quibuscumque
1906 3608 1917 3619 .
1949 3577 2145 3620 Volumus
2174 3586 2323 3626 autem,

1344 3650 1388 3683 ut
1403 3637 1614 3682 earundem
1627 3635 1872 3691 praesentiurn
1885 3637 2108 3678 litterarum
2135 3634 2327 3677 transum-

1345 3699 1450 3754 ptis,
1475 3695 1541 3737 seu
1569 3694 1787 3749 exemplis,
1814 3696 1936 3736 etiam
1963 3693 2174 3748 impreffis,
2206 3706 2323 3736 manu

1345 3753 1507 3809 alicujus
1524 3752 1683 3799 Notarii
1706 3751 1855 3809 publici
1872 3752 2095 3807 subscriptis
2112 3780 2126 3802 ,
2140 3755 2180 3795 δι
2194 3752 2323 3809 figillo

1821 3813 1852 3856 P
1867 3824 1892 3867 p
1922 3827 1949 3855 ι
2177 3827 2270 3868 per-
