<?xml version="1.0" encoding="UTF-8"?>
<!DOCTYPE html PUBLIC "-//W3C//DTD XHTML 1.0 Transitional//EN"
    "http://www.w3.org/TR/xhtml1/DTD/xhtml1-transitional.dtd">
<html xmlns="http://www.w3.org/1999/xhtml" xml:lang="en" lang="en">
 <head>
  <title>
</title>
<meta http-equiv="Content-Type" content="text/html;charset=utf-8" />
  <meta name='ocr-system' content='tesseract 3.04.00' />
  <meta name='ocr-capabilities' content='ocr_page ocr_carea ocr_par ocr_line ocrx_word'/>
</head>
<body>
  <div class='ocr_page' id='page_1' title='image "./bullariumordinis05cath_0252.png"; bbox 0 0 2592 4094; ppageno 0'>
   <div class='ocr_carea' id='block_1_1' title="bbox 404 422 2410 1231">
    <p class='ocr_par' dir='ltr' id='par_1_1' title="bbox 404 422 2410 1231">
     <span class='ocr_line' id='line_1_1' title="bbox 404 422 2410 1231; baseline 0 2863"><span class='ocrx_word' id='word_1_1' title='bbox 404 422 2410 1231; x_wconf 95' lang='lat' dir='ltr'> </span> 
     </span>
    </p>
   </div>
   <div class='ocr_carea' id='block_1_2' title="bbox 953 1335 2396 1486">
    <p class='ocr_par' dir='ltr' id='par_1_2' title="bbox 953 1335 2396 1486">
     <span class='ocr_line' id='line_1_2' title="bbox 953 1335 2396 1486; baseline -0.01 0"><span class='ocrx_word' id='word_1_2' title='bbox 953 1335 2396 1486; x_wconf 87' lang='lat' dir='ltr'>UITANIAE</span> 
     </span>
    </p>
   </div>
   <div class='ocr_carea' id='block_1_3' title="bbox 363 1590 2426 3758">
    <p class='ocr_par' dir='ltr' id='par_1_3' title="bbox 719 1590 2425 1877">
     <span class='ocr_line' id='line_1_3' title="bbox 953 1590 2424 1671; baseline -0.007 -20.002"><span class='ocrx_word' id='word_1_3' title='bbox 953 1604 1102 1671; x_wconf 87' lang='lat' dir='ltr'>Epetit</span> <span class='ocrx_word' id='word_1_4' title='bbox 1130 1604 1186 1655; x_wconf 90' lang='lat' dir='ltr'>ab</span> <span class='ocrx_word' id='word_1_5' title='bbox 1221 1602 1312 1671; x_wconf 86' lang='lat' dir='ltr'>ipsa</span> <span class='ocrx_word' id='word_1_6' title='bbox 1340 1600 1570 1670; x_wconf 84' lang='lat' dir='ltr'>praepofita</span> <span class='ocrx_word' id='word_1_7' title='bbox 1596 1597 1827 1651; x_wconf 87' lang='lat' dir='ltr'>Tolosana</span> <span class='ocrx_word' id='word_1_8' title='bbox 1854 1596 2099 1648; x_wconf 88' lang='lat' dir='ltr'>Provincia</span> <span class='ocrx_word' id='word_1_9' title='bbox 2130 1592 2258 1645; x_wconf 90' lang='lat' dir='ltr'>suam</span> <span class='ocrx_word' id='word_1_10' title='bbox 2281 1590 2424 1651; x_wconf 83' lang='lat' dir='ltr'>bafin,</span> 
     </span>
     <span class='ocr_line' id='line_1_4' title="bbox 719 1660 2425 1741; baseline -0.008 -17"><span class='ocrx_word' id='word_1_11' title='bbox 719 1707 736 1734; x_wconf 46' lang='lat' dir='ltr'>s</span> <span class='ocrx_word' id='word_1_12' title='bbox 885 1682 890 1687; x_wconf 87' lang='lat'><strong><em>‘</em></strong></span> <span class='ocrx_word' id='word_1_13' title='bbox 970 1691 1077 1723; x_wconf 87' lang='lat' dir='ltr'>cum</span> <span class='ocrx_word' id='word_1_14' title='bbox 1109 1692 1197 1741; x_wconf 92' lang='lat' dir='ltr'>qua</span> <span class='ocrx_word' id='word_1_15' title='bbox 1227 1678 1555 1724; x_wconf 88' lang='lat' dir='ltr'>Conventuum</span> <span class='ocrx_word' id='word_1_16' title='bbox 1588 1670 1773 1720; x_wconf 85' lang='lat' dir='ltr'>suorum</span> <span class='ocrx_word' id='word_1_17' title='bbox 1803 1667 2089 1717; x_wconf 84' lang='lat' dir='ltr'>fundationes</span> <span class='ocrx_word' id='word_1_18' title='bbox 2116 1660 2425 1723; x_wconf 82' lang='lat' dir='ltr'>commiscuit,</span> 
     </span>
     <span class='ocr_line' id='line_1_5' title="bbox 855 1733 2424 1808; baseline -0.005 -19"><span class='ocrx_word' id='word_1_19' title='bbox 855 1788 858 1789; x_wconf 16' lang='lat'><em>⁷</em></span> <span class='ocrx_word' id='word_1_20' title='bbox 974 1741 1109 1808; x_wconf 85' lang='lat' dir='ltr'>usque</span> <span class='ocrx_word' id='word_1_21' title='bbox 1144 1745 1200 1793; x_wconf 89' lang='lat' dir='ltr'>ad</span> <span class='ocrx_word' id='word_1_22' title='bbox 1227 1762 1393 1792; x_wconf 87' lang='lat' dir='ltr'>annum</span> <span class='ocrx_word' id='word_1_23' title='bbox 1441 1739 1735 1791; x_wconf 85' lang='lat' dir='ltr'>millesimum</span> <span class='ocrx_word' id='word_1_24' title='bbox 1770 1735 2141 1787; x_wconf 70' lang='lat' dir='ltr'>sexcentesimum</span> <span class='ocrx_word' id='word_1_25' title='bbox 2175 1733 2424 1801; x_wconf 87' lang='lat' dir='ltr'>quadrage·</span> 
     </span>
     <span class='ocr_line' id='line_1_6' title="bbox 792 1803 2425 1877; baseline -0.006 -17"><span class='ocrx_word' id='word_1_26' title='bbox 792 1866 799 1877; x_wconf 64' lang='lat'><em>,</em></span> <span class='ocrx_word' id='word_1_27' title='bbox 866 1810 906 1871; x_wconf 44' lang='lat'>322</span> <span class='ocrx_word' id='word_1_28' title='bbox 975 1811 1210 1867; x_wconf 81' lang='lat' dir='ltr'>simum,ac</span> <span class='ocrx_word' id='word_1_29' title='bbox 1229 1829 1365 1860; x_wconf 88' lang='lat' dir='ltr'>unam</span> <span class='ocrx_word' id='word_1_30' title='bbox 1385 1810 1662 1875; x_wconf 83' lang='lat' dir='ltr'>eandemque</span> <span class='ocrx_word' id='word_1_31' title='bbox 1681 1809 1970 1856; x_wconf 89' lang='lat' dir='ltr'>Provinciam</span> <span class='ocrx_word' id='word_1_32' title='bbox 1994 1803 2190 1854; x_wconf 88' lang='lat' dir='ltr'>indiviso</span> <span class='ocrx_word' id='word_1_33' title='bbox 2206 1807 2425 1873; x_wconf 83' lang='lat' dir='ltr'>regimine</span> 
     </span>
    </p>

    <p class='ocr_par' dir='ltr' id='par_1_4' title="bbox 369 1871 2426 2901">
     <span class='ocr_line' id='line_1_7' title="bbox 839 1871 2426 1940; baseline -0.004 -13"><span class='ocrx_word' id='word_1_34' title='bbox 839 1876 907 1922; x_wconf 51' lang='lat'>2⁴⁴</span> <span class='ocrx_word' id='word_1_35' title='bbox 973 1878 1233 1929; x_wconf 85' lang='lat' dir='ltr'>constituit.</span> <span class='ocrx_word' id='word_1_36' title='bbox 1262 1880 1398 1929; x_wconf 62' lang='lat' dir='ltr'>Fac&#39;ta</span> <span class='ocrx_word' id='word_1_37' title='bbox 1433 1893 1586 1929; x_wconf 88' lang='lat' dir='ltr'>autem</span> <span class='ocrx_word' id='word_1_38' title='bbox 1615 1895 1669 1925; x_wconf 90' lang='lat' dir='ltr'>eo</span> <span class='ocrx_word' id='word_1_39' title='bbox 1703 1892 1820 1924; x_wconf 82' lang='lat' dir='ltr'>anno</span> <span class='ocrx_word' id='word_1_40' title='bbox 1843 1873 2064 1924; x_wconf 87' lang='lat' dir='ltr'>divifione</span> <span class='ocrx_word' id='word_1_41' title='bbox 2097 1909 2114 1933; x_wconf 93' lang='lat'><strong>,</strong></span> <span class='ocrx_word' id='word_1_42' title='bbox 2140 1871 2327 1922; x_wconf 87' lang='lat' dir='ltr'>effusam</span> <span class='ocrx_word' id='word_1_43' title='bbox 2346 1889 2426 1940; x_wconf 86' lang='lat' dir='ltr'>per</span> 
     </span>
     <span class='ocr_line' id='line_1_8' title="bbox 900 1945 2424 2014; baseline -0.005 -15"><span class='ocrx_word' id='word_1_44' title='bbox 900 1977 903 1984; x_wconf 50' lang='lat' dir='ltr'><em>s</em></span> <span class='ocrx_word' id='word_1_45' title='bbox 968 1952 1113 1999; x_wconf 85' lang='lat' dir='ltr'>varias</span> <span class='ocrx_word' id='word_1_46' title='bbox 1143 1964 1283 2000; x_wconf 87' lang='lat' dir='ltr'>terras</span> <span class='ocrx_word' id='word_1_47' title='bbox 1314 1953 1643 2000; x_wconf 89' lang='lat' dir='ltr'>Conventuum</span> <span class='ocrx_word' id='word_1_48' title='bbox 1676 1946 1864 1997; x_wconf 88' lang='lat' dir='ltr'>suorum</span> <span class='ocrx_word' id='word_1_49' title='bbox 1893 1946 2152 2014; x_wconf 85' lang='lat' dir='ltr'>congeriem</span> <span class='ocrx_word' id='word_1_50' title='bbox 2173 1979 2189 2002; x_wconf 89' lang='lat'><strong>,</strong></span> <span class='ocrx_word' id='word_1_51' title='bbox 2214 1946 2258 1993; x_wconf 89' lang='lat' dir='ltr'>in</span> <span class='ocrx_word' id='word_1_52' title='bbox 2286 1945 2424 1993; x_wconf 87' lang='lat' dir='ltr'>unita·</span> 
     </span>
     <span class='ocr_line' id='line_1_9' title="bbox 972 2016 2424 2087; baseline -0.003 -19"><span class='ocrx_word' id='word_1_53' title='bbox 972 2034 1064 2069; x_wconf 89' lang='lat' dir='ltr'>tem</span> <span class='ocrx_word' id='word_1_54' title='bbox 1092 2023 1286 2087; x_wconf 73' lang='lat' dir='ltr'>propriae</span> <span class='ocrx_word' id='word_1_55' title='bbox 1320 2022 1568 2078; x_wconf 81' lang='lat' dir='ltr'>Provinciae</span> <span class='ocrx_word' id='word_1_56' title='bbox 1598 2017 1897 2084; x_wconf 83' lang='lat' dir='ltr'>congregavit</span> <span class='ocrx_word' id='word_1_57' title='bbox 1923 2054 1939 2076; x_wconf 89' lang='lat'><strong>,</strong></span> <span class='ocrx_word' id='word_1_58' title='bbox 1983 2031 2237 2081; x_wconf 82' lang='lat' dir='ltr'>nomenque</span> <span class='ocrx_word' id='word_1_59' title='bbox 2275 2016 2424 2081; x_wconf 87' lang='lat' dir='ltr'>Aqui·</span> 
     </span>
     <span class='ocr_line' id='line_1_10' title="bbox 883 2083 2421 2150; baseline -0.001 -16.042"><span class='ocrx_word' id='word_1_60' title='bbox 883 2110 902 2136; x_wconf 55' lang='grc' dir='ltr'>μ,</span> <span class='ocrx_word' id='word_1_61' title='bbox 970 2090 1100 2134; x_wconf 84' lang='lat' dir='ltr'>taniae</span> <span class='ocrx_word' id='word_1_62' title='bbox 1130 2104 1187 2134; x_wconf 81' lang='lat' dir='ltr'>ex</span> <span class='ocrx_word' id='word_1_63' title='bbox 1214 2089 1387 2134; x_wconf 87' lang='lat' dir='ltr'>ditione</span> <span class='ocrx_word' id='word_1_64' title='bbox 1411 2120 1427 2142; x_wconf 89' lang='lat'><strong>,</strong></span> <span class='ocrx_word' id='word_1_65' title='bbox 1454 2089 1498 2132; x_wconf 90' lang='lat' dir='ltr'>in</span> <span class='ocrx_word' id='word_1_66' title='bbox 1531 2103 1666 2150; x_wconf 87' lang='lat' dir='ltr'>quam</span> <span class='ocrx_word' id='word_1_67' title='bbox 1703 2084 1969 2131; x_wconf 85' lang='lat' dir='ltr'>extenditur</span> <span class='ocrx_word' id='word_1_68' title='bbox 1995 2117 2011 2139; x_wconf 90' lang='lat'><strong>,</strong></span> <span class='ocrx_word' id='word_1_69' title='bbox 2057 2083 2104 2133; x_wconf 76' lang='grc' dir='ltr'>ἃ</span> <span class='ocrx_word' id='word_1_70' title='bbox 2132 2101 2231 2149; x_wconf 87' lang='lat' dir='ltr'>quae</span> <span class='ocrx_word' id='word_1_71' title='bbox 2266 2100 2319 2131; x_wconf 84' lang='lat' dir='ltr'>ex</span> <span class='ocrx_word' id='word_1_72' title='bbox 2353 2102 2421 2133; x_wconf 85' lang='lat' dir='ltr'>at·</span> 
     </span>
     <span class='ocr_line' id='line_1_11' title="bbox 967 2150 2417 2221; baseline -0.001 -18"><span class='ocrx_word' id='word_1_73' title='bbox 967 2155 1249 2204; x_wconf 88' lang='lat' dir='ltr'>moricorum</span> <span class='ocrx_word' id='word_1_74' title='bbox 1282 2168 1408 2221; x_wconf 86' lang='lat' dir='ltr'>parte</span> <span class='ocrx_word' id='word_1_75' title='bbox 1425 2152 1677 2210; x_wconf 88' lang='lat' dir='ltr'>conflatur,</span> <span class='ocrx_word' id='word_1_76' title='bbox 1697 2150 1884 2220; x_wconf 87' lang='lat' dir='ltr'>selegit.</span> <span class='ocrx_word' id='word_1_77' title='bbox 1924 2150 2185 2200; x_wconf 70' lang='lat' dir='ltr'>Secundum</span> <span class='ocrx_word' id='word_1_78' title='bbox 2215 2167 2380 2202; x_wconf 89' lang='lat' dir='ltr'>nomen</span> <span class='ocrx_word' id='word_1_79' title='bbox 2399 2187 2417 2213; x_wconf 87' lang='lat'><strong>,</strong></span> 
     </span>
     <span class='ocr_line' id='line_1_12' title="bbox 379 2219 2417 2291; baseline 0.001 -24"><span class='ocrx_word' id='word_1_80' title='bbox 379 2220 444 2267; x_wconf 82' lang='lat' dir='ltr'>ita</span> <span class='ocrx_word' id='word_1_81' title='bbox 477 2219 525 2270; x_wconf 75' lang='grc' dir='ltr'>ὅ(</span> <span class='ocrx_word' id='word_1_82' title='bbox 552 2219 615 2269; x_wconf 88' lang='lat' dir='ltr'>est</span> <span class='ocrx_word' id='word_1_83' title='bbox 649 2222 745 2272; x_wconf 86' lang='lat' dir='ltr'>laus</span> <span class='ocrx_word' id='word_1_84' title='bbox 777 2223 873 2281; x_wconf 83' lang='lat' dir='ltr'>ejus</span> <span class='ocrx_word' id='word_1_85' title='bbox 905 2244 918 2274; x_wconf 72' lang='grc' dir='ltr'><em>ε</em></span> <span class='ocrx_word' id='word_1_86' title='bbox 957 2229 1090 2277; x_wconf 84' lang='lat' dir='ltr'>Sicut</span> <span class='ocrx_word' id='word_1_87' title='bbox 1118 2227 1241 2274; x_wconf 85' lang='lat' dir='ltr'>enim</span> <span class='ocrx_word' id='word_1_88' title='bbox 1281 2225 1408 2273; x_wconf 86' lang='lat' dir='ltr'>Ditio</span> <span class='ocrx_word' id='word_1_89' title='bbox 1437 2225 1514 2274; x_wconf 90' lang='lat' dir='ltr'>illa</span> <span class='ocrx_word' id='word_1_90' title='bbox 1539 2260 1555 2283; x_wconf 93' lang='lat'>,</span> <span class='ocrx_word' id='word_1_91' title='bbox 1590 2228 1685 2288; x_wconf 85' lang='lat' dir='ltr'>jam</span> <span class='ocrx_word' id='word_1_92' title='bbox 1716 2221 1740 2268; x_wconf 72' lang='grc' dir='ltr'><em>ὲ</em></span> <span class='ocrx_word' id='word_1_93' title='bbox 1773 2223 1991 2275; x_wconf 85' lang='lat' dir='ltr'>Romanis</span> <span class='ocrx_word' id='word_1_94' title='bbox 2024 2221 2084 2270; x_wconf 93' lang='lat' dir='ltr'>ob</span> <span class='ocrx_word' id='word_1_95' title='bbox 2111 2239 2247 2289; x_wconf 83' lang='lat' dir='ltr'>aquas</span> <span class='ocrx_word' id='word_1_96' title='bbox 2280 2223 2417 2291; x_wconf 85' lang='lat' dir='ltr'>Aqui-</span> 
     </span>
     <span class='ocr_line' id='line_1_13' title="bbox 374 2289 2415 2361; baseline 0.002 -24"><span class='ocrx_word' id='word_1_97' title='bbox 374 2293 496 2337; x_wconf 78' lang='lat' dir='ltr'>tania</span> <span class='ocrx_word' id='word_1_98' title='bbox 514 2325 528 2346; x_wconf 94' lang='lat'><strong>,</strong></span> <span class='ocrx_word' id='word_1_99' title='bbox 557 2290 583 2337; x_wconf 71' lang='lat' dir='ltr'>a</span> <span class='ocrx_word' id='word_1_100' title='bbox 619 2309 841 2359; x_wconf 88' lang='lat' dir='ltr'>corrupto</span> <span class='ocrx_word' id='word_1_101' title='bbox 866 2295 1011 2346; x_wconf 87' lang='lat' dir='ltr'>verbo</span> <span class='ocrx_word' id='word_1_102' title='bbox 1039 2297 1196 2346; x_wconf 84' lang='lat' dir='ltr'>Armor</span> <span class='ocrx_word' id='word_1_103' title='bbox 1227 2295 1354 2361; x_wconf 87' lang='lat' dir='ltr'>regio</span> <span class='ocrx_word' id='word_1_104' title='bbox 1384 2298 1523 2344; x_wconf 84' lang='lat' dir='ltr'>maris</span> <span class='ocrx_word' id='word_1_105' title='bbox 1550 2331 1566 2352; x_wconf 90' lang='lat'><strong>,</strong></span> <span class='ocrx_word' id='word_1_106' title='bbox 1609 2294 1657 2344; x_wconf 77' lang='grc' dir='ltr'>ὅ(</span> <span class='ocrx_word' id='word_1_107' title='bbox 1690 2309 1910 2356; x_wconf 83' lang='lat' dir='ltr'>aquarum</span> <span class='ocrx_word' id='word_1_108' title='bbox 1937 2307 2194 2360; x_wconf 86' lang='lat' dir='ltr'>nuncupata</span> <span class='ocrx_word' id='word_1_109' title='bbox 2227 2326 2244 2349; x_wconf 92' lang='lat'>,</span> <span class='ocrx_word' id='word_1_110' title='bbox 2276 2294 2339 2343; x_wconf 88' lang='lat' dir='ltr'>ita</span> <span class='ocrx_word' id='word_1_111' title='bbox 2365 2289 2415 2346; x_wconf 64' lang='grc' dir='ltr'>δὲ</span> 
     </span>
     <span class='ocr_line' id='line_1_14' title="bbox 378 2356 2412 2433; baseline 0.003 -27"><span class='ocrx_word' id='word_1_112' title='bbox 378 2356 473 2425; x_wconf 86' lang='lat' dir='ltr'>ipsa</span> <span class='ocrx_word' id='word_1_113' title='bbox 499 2363 709 2410; x_wconf 85' lang='lat' dir='ltr'>Fratrum</span> <span class='ocrx_word' id='word_1_114' title='bbox 742 2363 982 2414; x_wconf 86' lang='lat' dir='ltr'>Provincia</span> <span class='ocrx_word' id='word_1_115' title='bbox 1017 2402 1033 2423; x_wconf 92' lang='lat'><strong>,</strong></span> <span class='ocrx_word' id='word_1_116' title='bbox 1070 2369 1244 2433; x_wconf 87' lang='lat' dir='ltr'>regioni</span> <span class='ocrx_word' id='word_1_117' title='bbox 1282 2382 1500 2430; x_wconf 83' lang='lat' dir='ltr'>aquarum</span> <span class='ocrx_word' id='word_1_118' title='bbox 1526 2363 1662 2432; x_wconf 70' lang='lat' dir='ltr'>digne</span> <span class='ocrx_word' id='word_1_119' title='bbox 1689 2361 1954 2411; x_wconf 88' lang='lat' dir='ltr'>affimilatur</span> <span class='ocrx_word' id='word_1_120' title='bbox 1973 2396 1988 2418; x_wconf 92' lang='lat'>,</span> <span class='ocrx_word' id='word_1_121' title='bbox 2021 2363 2043 2410; x_wconf 72' lang='lat' dir='ltr'>a</span> <span class='ocrx_word' id='word_1_122' title='bbox 2075 2380 2162 2428; x_wconf 87' lang='lat' dir='ltr'>qua</span> <span class='ocrx_word' id='word_1_123' title='bbox 2193 2379 2275 2411; x_wconf 89' lang='lat' dir='ltr'>ceu</span> <span class='ocrx_word' id='word_1_124' title='bbox 2308 2365 2412 2413; x_wconf 88' lang='lat' dir='ltr'>loco</span> 
     </span>
     <span class='ocr_line' id='line_1_15' title="bbox 376 2429 2413 2502; baseline -0.002 -15"><span class='ocrx_word' id='word_1_125' title='bbox 376 2429 628 2492; x_wconf 81' lang='lat' dir='ltr'>voluptatis</span> <span class='ocrx_word' id='word_1_126' title='bbox 654 2464 671 2486; x_wconf 79' lang='lat'><em>2</em></span> <span class='ocrx_word' id='word_1_127' title='bbox 696 2431 754 2479; x_wconf 86' lang='lat' dir='ltr'>ad</span> <span class='ocrx_word' id='word_1_128' title='bbox 789 2449 892 2482; x_wconf 85' lang='lat' dir='ltr'>oras</span> <span class='ocrx_word' id='word_1_129' title='bbox 923 2433 971 2485; x_wconf 70' lang='grc' dir='ltr'>ὃ(</span> <span class='ocrx_word' id='word_1_130' title='bbox 1001 2435 1217 2485; x_wconf 88' lang='lat' dir='ltr'>decursus</span> <span class='ocrx_word' id='word_1_131' title='bbox 1246 2440 1488 2501; x_wconf 86' lang='lat' dir='ltr'>Aquarum</span> <span class='ocrx_word' id='word_1_132' title='bbox 1518 2438 1718 2502; x_wconf 81' lang='lat' dir='ltr'>plantata</span> <span class='ocrx_word' id='word_1_133' title='bbox 1743 2468 1759 2490; x_wconf 89' lang='lat'><strong>,</strong></span> <span class='ocrx_word' id='word_1_134' title='bbox 1789 2433 2000 2497; x_wconf 80' lang='lat' dir='ltr'>egreditur</span> <span class='ocrx_word' id='word_1_135' title='bbox 2019 2430 2227 2498; x_wconf 84' lang='lat' dir='ltr'>fluvius,</span> <span class='ocrx_word' id='word_1_136' title='bbox 2253 2437 2413 2500; x_wconf 27' lang='lat' dir='ltr'>qui-in-</span> 
     </span>
     <span class='ocr_line' id='line_1_16' title="bbox 375 2498 2413 2578; baseline 0.003 -32"><span class='ocrx_word' id='word_1_137' title='bbox 375 2500 426 2546; x_wconf 83' lang='lat' dir='ltr'>de</span> <span class='ocrx_word' id='word_1_138' title='bbox 443 2498 662 2578; x_wconf 55' lang='lat' dir='ltr'>dividitur</span> <span class='ocrx_word' id='word_1_139' title='bbox 685 2504 732 2548; x_wconf 88' lang='lat' dir='ltr'>in</span> <span class='ocrx_word' id='word_1_140' title='bbox 754 2519 930 2568; x_wconf 76' lang='lat' dir='ltr'>quatuor</span> <span class='ocrx_word' id='word_1_141' title='bbox 954 2510 1092 2571; x_wconf 81' lang='lat' dir='ltr'>capita</span> <span class='ocrx_word' id='word_1_142' title='bbox 1112 2542 1129 2564; x_wconf 92' lang='lat'>,</span> <span class='ocrx_word' id='word_1_143' title='bbox 1161 2504 1235 2554; x_wconf 87' lang='lat' dir='ltr'>seu</span> <span class='ocrx_word' id='word_1_144' title='bbox 1265 2506 1483 2563; x_wconf 87' lang='lat' dir='ltr'>ditiones,</span> <span class='ocrx_word' id='word_1_145' title='bbox 1519 2506 1735 2555; x_wconf 89' lang='lat' dir='ltr'>videlicet</span> <span class='ocrx_word' id='word_1_146' title='bbox 1765 2505 2052 2560; x_wconf 87' lang='lat' dir='ltr'>Guiennam,</span> <span class='ocrx_word' id='word_1_147' title='bbox 2082 2503 2413 2562; x_wconf 80' lang='lat' dir='ltr'>Vascoviam.‚,</span> 
     </span>
     <span class='ocr_line' id='line_1_17' title="bbox 376 2569 2412 2643; baseline 0 -19"><span class='ocrx_word' id='word_1_148' title='bbox 376 2570 629 2635; x_wconf 72' lang='lat' dir='ltr'>Quercmm</span> <span class='ocrx_word' id='word_1_149' title='bbox 661 2604 679 2628; x_wconf 87' lang='lat'><strong>,</strong></span> <span class='ocrx_word' id='word_1_150' title='bbox 727 2569 775 2622; x_wconf 76' lang='grc' dir='ltr'>δι’</span> <span class='ocrx_word' id='word_1_151' title='bbox 806 2577 1052 2642; x_wconf 89' lang='lat' dir='ltr'>Roverque</span> <span class='ocrx_word' id='word_1_152' title='bbox 1087 2613 1102 2635; x_wconf 94' lang='lat'><strong>,</strong></span> <span class='ocrx_word' id='word_1_153' title='bbox 1150 2576 1312 2642; x_wconf 84' lang='lat' dir='ltr'>quibus</span> <span class='ocrx_word' id='word_1_154' title='bbox 1348 2578 1520 2624; x_wconf 81' lang='lat' dir='ltr'>Fratres</span> <span class='ocrx_word' id='word_1_155' title='bbox 1551 2594 1686 2643; x_wconf 85' lang='lat' dir='ltr'>aquas</span> <span class='ocrx_word' id='word_1_156' title='bbox 1713 2574 1768 2623; x_wconf 92' lang='lat' dir='ltr'>de</span> <span class='ocrx_word' id='word_1_157' title='bbox 1800 2572 2002 2623; x_wconf 85' lang='lat' dir='ltr'>fontibus</span> <span class='ocrx_word' id='word_1_158' title='bbox 2031 2573 2281 2623; x_wconf 84' lang='lat' dir='ltr'>Salvatoris</span> <span class='ocrx_word' id='word_1_159' title='bbox 2306 2574 2412 2624; x_wconf 89' lang='lat' dir='ltr'>hau·</span> 
     </span>
     <span class='ocr_line' id='line_1_18' title="bbox 372 2636 2409 2713; baseline 0.002 -24"><span class='ocrx_word' id='word_1_160' title='bbox 372 2636 491 2696; x_wconf 86' lang='lat' dir='ltr'>stas,</span> <span class='ocrx_word' id='word_1_161' title='bbox 519 2655 598 2705; x_wconf 86' lang='lat' dir='ltr'>per</span> <span class='ocrx_word' id='word_1_162' title='bbox 626 2642 785 2691; x_wconf 87' lang='lat' dir='ltr'>Sacras</span> <span class='ocrx_word' id='word_1_163' title='bbox 815 2644 1083 2703; x_wconf 81' lang='lat' dir='ltr'>Miffioncs‚</span> <span class='ocrx_word' id='word_1_164' title='bbox 1117 2661 1325 2713; x_wconf 86' lang='lat' dir='ltr'>exceptas</span> <span class='ocrx_word' id='word_1_165' title='bbox 1356 2644 1648 2695; x_wconf 86' lang='lat' dir='ltr'>confeffiones</span> <span class='ocrx_word' id='word_1_166' title='bbox 1682 2681 1698 2704; x_wconf 90' lang='lat'><strong>,</strong></span> <span class='ocrx_word' id='word_1_167' title='bbox 1734 2643 1783 2695; x_wconf 74' lang='grc' dir='ltr'>ἃ</span> <span class='ocrx_word' id='word_1_168' title='bbox 1810 2642 1964 2694; x_wconf 89' lang='lat' dir='ltr'>salutis</span> <span class='ocrx_word' id='word_1_169' title='bbox 1995 2642 2178 2693; x_wconf 86' lang='lat' dir='ltr'>confilia</span> <span class='ocrx_word' id='word_1_170' title='bbox 2202 2659 2409 2694; x_wconf 88' lang='lat' dir='ltr'>commu·</span> 
     </span>
     <span class='ocr_line' id='line_1_19' title="bbox 372 2708 2407 2785; baseline -0.002 -17"><span class='ocrx_word' id='word_1_171' title='bbox 372 2711 525 2759; x_wconf 88' lang='lat' dir='ltr'>nicant</span> <span class='ocrx_word' id='word_1_172' title='bbox 548 2743 566 2767; x_wconf 76' lang='lat'><em>2</em></span> <span class='ocrx_word' id='word_1_173' title='bbox 607 2708 656 2760; x_wconf 71' lang='grc' dir='ltr'>ἃ</span> <span class='ocrx_word' id='word_1_174' title='bbox 687 2729 797 2777; x_wconf 87' lang='lat' dir='ltr'>quas</span> <span class='ocrx_word' id='word_1_175' title='bbox 839 2715 1104 2781; x_wconf 69' lang='lat' dir='ltr'>Apostolict‘i</span> <span class='ocrx_word' id='word_1_176' title='bbox 1138 2717 1453 2785; x_wconf 75' lang='lat' dir='ltr'>praedicatione</span> <span class='ocrx_word' id='word_1_177' title='bbox 1477 2753 1493 2775; x_wconf 91' lang='lat'><strong>,</strong></span> <span class='ocrx_word' id='word_1_178' title='bbox 1539 2731 1756 2784; x_wconf 85' lang='lat' dir='ltr'>tanquam</span> <span class='ocrx_word' id='word_1_179' title='bbox 1789 2713 1963 2764; x_wconf 86' lang='lat' dir='ltr'>coelesti</span> <span class='ocrx_word' id='word_1_180' title='bbox 1992 2712 2150 2780; x_wconf 61' lang='lat' dir='ltr'>pluvia</span> <span class='ocrx_word' id='word_1_181' title='bbox 2187 2715 2407 2783; x_wconf 86' lang='lat' dir='ltr'>irrigant,</span> 
     </span>
     <span class='ocr_line' id='line_1_20' title="bbox 369 2781 2405 2857; baseline 0.003 -29"><span class='ocrx_word' id='word_1_182' title='bbox 369 2781 435 2829; x_wconf 89' lang='lat' dir='ltr'>ita</span> <span class='ocrx_word' id='word_1_183' title='bbox 462 2793 512 2829; x_wconf 89' lang='lat' dir='ltr'>ut</span> <span class='ocrx_word' id='word_1_184' title='bbox 542 2797 664 2830; x_wconf 89' lang='lat' dir='ltr'>nova</span> <span class='ocrx_word' id='word_1_185' title='bbox 692 2796 915 2835; x_wconf 72' lang='lat' dir='ltr'>virtutum</span> <span class='ocrx_word' id='word_1_186' title='bbox 944 2789 1150 2857; x_wconf 86' lang='lat' dir='ltr'>germina</span> <span class='ocrx_word' id='word_1_187' title='bbox 1182 2789 1227 2836; x_wconf 90' lang='lat' dir='ltr'>in</span> <span class='ocrx_word' id='word_1_188' title='bbox 1259 2785 1460 2853; x_wconf 85' lang='lat' dir='ltr'>specioso</span> <span class='ocrx_word' id='word_1_189' title='bbox 1489 2786 1693 2838; x_wconf 83' lang='lat' dir='ltr'>Ecclefiae</span> <span class='ocrx_word' id='word_1_190' title='bbox 1721 2802 1888 2853; x_wconf 87' lang='lat' dir='ltr'>campo</span> <span class='ocrx_word' id='word_1_191' title='bbox 1933 2786 1981 2833; x_wconf 92' lang='lat' dir='ltr'>in</span> <span class='ocrx_word' id='word_1_192' title='bbox 2011 2783 2106 2833; x_wconf 89' lang='lat' dir='ltr'>dies</span> <span class='ocrx_word' id='word_1_193' title='bbox 2147 2786 2405 2852; x_wconf 54' lang='lat' dir='ltr'>pullulare,</span> 
     </span>
     <span class='ocr_line' id='line_1_21' title="bbox 371 2850 645 2901; baseline 0 -1"><span class='ocrx_word' id='word_1_194' title='bbox 371 2850 615 2901; x_wconf 87' lang='lat' dir='ltr'>videantur</span> <span class='ocrx_word' id='word_1_195' title='bbox 632 2887 645 2900; x_wconf 93' lang='lat'><strong>.</strong></span> 
     </span>
    </p>

    <p class='ocr_par' dir='ltr' id='par_1_5' title="bbox 363 2920 2401 3758">
     <span class='ocr_line' id='line_1_22' title="bbox 515 2920 2401 2995; baseline 0.002 -24"><span class='ocrx_word' id='word_1_196' title='bbox 515 2920 731 2991; x_wconf 83' lang='lat' dir='ltr'>Tanquam</span> <span class='ocrx_word' id='word_1_197' title='bbox 748 2926 860 2974; x_wconf 82' lang='lat' dir='ltr'>cedri</span> <span class='ocrx_word' id='word_1_198' title='bbox 884 2926 1021 2976; x_wconf 82' lang='lat' dir='ltr'>libani</span> <span class='ocrx_word' id='word_1_199' title='bbox 1036 2931 1156 2979; x_wconf 85' lang='lat' dir='ltr'>circa</span> <span class='ocrx_word' id='word_1_200' title='bbox 1182 2928 1259 2977; x_wconf 84' lang='lat' dir='ltr'>has</span> <span class='ocrx_word' id='word_1_201' title='bbox 1292 2945 1418 2995; x_wconf 82' lang='lat' dir='ltr'>aquas</span> <span class='ocrx_word' id='word_1_202' title='bbox 1456 2927 1660 2980; x_wconf 59' lang='lat' dir='ltr'>floruere</span> <span class='ocrx_word' id='word_1_203' title='bbox 1689 2928 1847 2995; x_wconf 85' lang='lat' dir='ltr'>primae</span> <span class='ocrx_word' id='word_1_204' title='bbox 1875 2923 2146 2975; x_wconf 85' lang='lat' dir='ltr'>Nobilitatis</span> <span class='ocrx_word' id='word_1_205' title='bbox 2174 2925 2277 2975; x_wconf 87' lang='lat' dir='ltr'>Filii</span> <span class='ocrx_word' id='word_1_206' title='bbox 2307 2957 2323 2981; x_wconf 87' lang='lat'>,</span> <span class='ocrx_word' id='word_1_207' title='bbox 2352 2921 2401 2975; x_wconf 72' lang='grc' dir='ltr'>δε</span> 
     </span>
     <span class='ocr_line' id='line_1_23' title="bbox 369 2989 2399 3066; baseline 0 -27"><span class='ocrx_word' id='word_1_208' title='bbox 369 2989 512 3041; x_wconf 83' lang='lat' dir='ltr'>effuso</span> <span class='ocrx_word' id='word_1_209' title='bbox 542 2989 672 3060; x_wconf 87' lang='lat' dir='ltr'>super</span> <span class='ocrx_word' id='word_1_210' title='bbox 705 3011 865 3045; x_wconf 89' lang='lat' dir='ltr'>eorum</span> <span class='ocrx_word' id='word_1_211' title='bbox 896 2996 1046 3046; x_wconf 87' lang='lat' dir='ltr'>semen</span> <span class='ocrx_word' id='word_1_212' title='bbox 1087 2999 1244 3066; x_wconf 87' lang='lat' dir='ltr'>spiritu</span> <span class='ocrx_word' id='word_1_213' title='bbox 1262 3033 1276 3054; x_wconf 91' lang='lat'><strong>,</strong></span> <span class='ocrx_word' id='word_1_214' title='bbox 1310 2997 1598 3063; x_wconf 55' lang='lat' dir='ltr'>germinkrunt</span> <span class='ocrx_word' id='word_1_215' title='bbox 1626 3003 1737 3046; x_wconf 86' lang='lat' dir='ltr'>inter</span> <span class='ocrx_word' id='word_1_216' title='bbox 1767 2996 2244 3064; x_wconf 70' lang='lat' dir='ltr'>herbas,quqsisblicer</span> <span class='ocrx_word' id='word_1_217' title='bbox 2257 2998 2399 3059; x_wconf 75' lang='lat' dir='ltr'>juxta</span> 
     </span>
     <span class='ocr_line' id='line_1_24' title="bbox 363 3063 2400 3138; baseline -0.001 -27"><span class='ocrx_word' id='word_1_218' title='bbox 363 3063 690 3130; x_wconf 58' lang='lat' dir='ltr'>praeterfluentes</span> <span class='ocrx_word' id='word_1_219' title='bbox 721 3082 846 3133; x_wconf 77' lang='lat' dir='ltr'>aquas</span> <span class='ocrx_word' id='word_1_220' title='bbox 879 3087 891 3116; x_wconf 93' lang='lat'>:</span> <span class='ocrx_word' id='word_1_221' title='bbox 921 3068 1139 3118; x_wconf 55' lang='lat' dir='ltr'>Floruere</span> <span class='ocrx_word' id='word_1_222' title='bbox 1160 3104 1176 3125; x_wconf 93' lang='lat'>‚</span> <span class='ocrx_word' id='word_1_223' title='bbox 1212 3071 1287 3115; x_wconf 90' lang='lat' dir='ltr'>Fr.</span> <span class='ocrx_word' id='word_1_224' title='bbox 1320 3069 1634 3138; x_wconf 86' lang='lat' dir='ltr'>Archangelus</span> <span class='ocrx_word' id='word_1_225' title='bbox 1663 3069 1721 3118; x_wconf 84' lang='lat' dir='ltr'>de</span> <span class='ocrx_word' id='word_1_226' title='bbox 1741 3065 1970 3134; x_wconf 62' lang='lat' dir='ltr'>Monpene*</span> <span class='ocrx_word' id='word_1_227' title='bbox 1989 3102 2004 3124; x_wconf 84' lang='lat'><strong>,</strong></span> <span class='ocrx_word' id='word_1_228' title='bbox 2023 3084 2074 3114; x_wconf 86' lang='lat' dir='ltr'>ex</span> <span class='ocrx_word' id='word_1_229' title='bbox 2101 3066 2232 3130; x_wconf 88' lang='lat' dir='ltr'>stirpe</span> <span class='ocrx_word' id='word_1_230' title='bbox 2259 3065 2400 3133; x_wconf 84' lang='lat' dir='ltr'>regia,</span> 
     </span>
     <span class='ocr_line' id='line_1_25' title="bbox 368 3130 2398 3204; baseline -0.002 -20"><span class='ocrx_word' id='word_1_231' title='bbox 368 3135 424 3184; x_wconf 89' lang='lat' dir='ltr'>de</span> <span class='ocrx_word' id='word_1_232' title='bbox 454 3150 543 3197; x_wconf 89' lang='lat' dir='ltr'>quo</span> <span class='ocrx_word' id='word_1_233' title='bbox 572 3130 680 3182; x_wconf 86' lang='lat' dir='ltr'>forti</span> <span class='ocrx_word' id='word_1_234' title='bbox 713 3136 882 3204; x_wconf 71' lang='lat' dir='ltr'>egress&#39;a</span> <span class='ocrx_word' id='word_1_235' title='bbox 917 3137 979 3187; x_wconf 88' lang='lat' dir='ltr'>est</span> <span class='ocrx_word' id='word_1_236' title='bbox 1004 3138 1201 3188; x_wconf 90' lang='lat' dir='ltr'>dulcedo</span> <span class='ocrx_word' id='word_1_237' title='bbox 1228 3138 1331 3186; x_wconf 86' lang='lat' dir='ltr'>vitae</span> <span class='ocrx_word' id='word_1_238' title='bbox 1367 3136 1522 3196; x_wconf 86' lang='lat' dir='ltr'>bonae,</span> <span class='ocrx_word' id='word_1_239' title='bbox 1551 3138 1598 3189; x_wconf 76' lang='grc' dir='ltr'>ὃ(</span> <span class='ocrx_word' id='word_1_240' title='bbox 1633 3141 1675 3186; x_wconf 93' lang='lat' dir='ltr'>in</span> <span class='ocrx_word' id='word_1_241' title='bbox 1697 3142 1940 3186; x_wconf 80' lang='lat' dir='ltr'>Conventa</span> <span class='ocrx_word' id='word_1_242' title='bbox 1971 3138 2129 3186; x_wconf 81' lang='lat' dir='ltr'>Mellis</span> <span class='ocrx_word' id='word_1_243' title='bbox 2159 3136 2303 3184; x_wconf 77' lang='lat' dir='ltr'>dulcis</span> <span class='ocrx_word' id='word_1_244' title='bbox 2319 3150 2398 3181; x_wconf 85' lang='lat' dir='ltr'>an-</span> 
     </span>
     <span class='ocr_line' id='line_1_26' title="bbox 367 3199 2399 3276; baseline -0.001 -23"><span class='ocrx_word' id='word_1_245' title='bbox 367 3222 427 3253; x_wconf 92' lang='lat' dir='ltr'>no</span> <span class='ocrx_word' id='word_1_246' title='bbox 458 3211 602 3254; x_wconf 84' lang='lat'>1611.</span> <span class='ocrx_word' id='word_1_247' title='bbox 632 3202 777 3254; x_wconf 87' lang='lat' dir='ltr'>secuta</span> <span class='ocrx_word' id='word_1_248' title='bbox 808 3206 872 3256; x_wconf 85' lang='lat' dir='ltr'>est</span> <span class='ocrx_word' id='word_1_249' title='bbox 900 3226 1023 3258; x_wconf 88' lang='lat' dir='ltr'>mors</span> <span class='ocrx_word' id='word_1_250' title='bbox 1055 3207 1237 3259; x_wconf 86' lang='lat' dir='ltr'>suavis:</span> <span class='ocrx_word' id='word_1_251' title='bbox 1267 3210 1343 3255; x_wconf 88' lang='lat' dir='ltr'>Fr.</span> <span class='ocrx_word' id='word_1_252' title='bbox 1375 3209 1691 3276; x_wconf 86' lang='lat' dir='ltr'>Archangelus</span> <span class='ocrx_word' id='word_1_253' title='bbox 1713 3207 1770 3255; x_wconf 88' lang='lat' dir='ltr'>de</span> <span class='ocrx_word' id='word_1_254' title='bbox 1804 3206 2017 3273; x_wconf 81' lang='lat' dir='ltr'>Maignos</span> <span class='ocrx_word' id='word_1_255' title='bbox 2037 3223 2118 3263; x_wconf 77' lang='lat' dir='ltr'>,ex</span> <span class='ocrx_word' id='word_1_256' title='bbox 2149 3199 2399 3273; x_wconf 50' lang='lat' dir='ltr'>praecelsa„</span> 
     </span>
     <span class='ocr_line' id='line_1_27' title="bbox 367 3272 2392 3346; baseline -0.002 -20"><span class='ocrx_word' id='word_1_257' title='bbox 367 3280 554 3325; x_wconf 83' lang='lat' dir='ltr'>Ducum</span> <span class='ocrx_word' id='word_1_258' title='bbox 584 3272 627 3321; x_wconf 90' lang='lat' dir='ltr'>d&#39;</span> <span class='ocrx_word' id='word_1_259' title='bbox 645 3277 853 3340; x_wconf 87' lang='lat' dir='ltr'>Epernon</span> <span class='ocrx_word' id='word_1_260' title='bbox 887 3282 1113 3346; x_wconf 88' lang='lat' dir='ltr'>parentela</span> <span class='ocrx_word' id='word_1_261' title='bbox 1130 3314 1145 3337; x_wconf 92' lang='lat'><strong>,</strong></span> <span class='ocrx_word' id='word_1_262' title='bbox 1168 3278 1216 3329; x_wconf 81' lang='lat'>&amp;</span> <span class='ocrx_word' id='word_1_263' title='bbox 1239 3277 1460 3334; x_wconf 88' lang='lat' dir='ltr'>Familia,</span> <span class='ocrx_word' id='word_1_264' title='bbox 1487 3296 1585 3343; x_wconf 87' lang='lat' dir='ltr'>quae</span> <span class='ocrx_word' id='word_1_265' title='bbox 1613 3273 1818 3327; x_wconf 80' lang='lat' dir='ltr'>Ecclefiae</span> <span class='ocrx_word' id='word_1_266' title='bbox 1848 3275 2140 3324; x_wconf 87' lang='lat' dir='ltr'>Cardinalem</span> <span class='ocrx_word' id='word_1_267' title='bbox 2158 3309 2174 3332; x_wconf 90' lang='lat'><strong>,</strong></span> <span class='ocrx_word' id='word_1_268' title='bbox 2208 3273 2392 3323; x_wconf 79' lang='lat' dir='ltr'>Tolosae</span> 
     </span>
     <span class='ocr_line' id='line_1_28' title="bbox 366 3341 2394 3415; baseline -0.001 -19"><span class='ocrx_word' id='word_1_269' title='bbox 366 3343 793 3413; x_wconf 86' lang='lat' dir='ltr'>Archiepiscopurn,</span> <span class='ocrx_word' id='word_1_270' title='bbox 815 3349 1094 3415; x_wconf 71' lang='lat' dir='ltr'>Reipublicae</span> <span class='ocrx_word' id='word_1_271' title='bbox 1117 3355 1301 3401; x_wconf 86' lang='lat' dir='ltr'>Venetae</span> <span class='ocrx_word' id='word_1_272' title='bbox 1332 3348 1606 3396; x_wconf 89' lang='lat' dir='ltr'>Generalem</span> <span class='ocrx_word' id='word_1_273' title='bbox 1623 3383 1638 3404; x_wconf 93' lang='lat'><strong>,</strong></span> <span class='ocrx_word' id='word_1_274' title='bbox 1656 3347 1850 3395; x_wconf 85' lang='lat' dir='ltr'>Franciae</span> <span class='ocrx_word' id='word_1_275' title='bbox 1875 3345 2182 3394; x_wconf 85' lang='lat' dir='ltr'>Marechallos</span> <span class='ocrx_word' id='word_1_276' title='bbox 2200 3380 2214 3401; x_wconf 91' lang='lat'><strong>,</strong></span> <span class='ocrx_word' id='word_1_277' title='bbox 2243 3341 2290 3393; x_wconf 79' lang='grc' dir='ltr'>ὅτ</span> <span class='ocrx_word' id='word_1_278' title='bbox 2310 3345 2394 3407; x_wconf 50' lang='lat' dir='ltr'>Pae</span> 
     </span>
     <span class='ocr_line' id='line_1_29' title="bbox 365 3412 2391 3487; baseline -0.001 -22"><span class='ocrx_word' id='word_1_279' title='bbox 365 3434 434 3465; x_wconf 89' lang='lat' dir='ltr'>res</span> <span class='ocrx_word' id='word_1_280' title='bbox 458 3413 548 3465; x_wconf 83' lang='lat' dir='ltr'>&amp;c.</span> <span class='ocrx_word' id='word_1_281' title='bbox 567 3451 582 3474; x_wconf 90' lang='lat'><strong>,</strong></span> <span class='ocrx_word' id='word_1_282' title='bbox 617 3433 668 3464; x_wconf 88' lang='lat' dir='ltr'>ac</span> <span class='ocrx_word' id='word_1_283' title='bbox 696 3418 925 3487; x_wconf 84' lang='lat' dir='ltr'>Religioni</span> <span class='ocrx_word' id='word_1_284' title='bbox 943 3418 1100 3469; x_wconf 82' lang='lat' dir='ltr'>nostrae</span> <span class='ocrx_word' id='word_1_285' title='bbox 1122 3455 1137 3477; x_wconf 92' lang='lat'>‚</span> <span class='ocrx_word' id='word_1_286' title='bbox 1174 3433 1226 3469; x_wconf 91' lang='lat' dir='ltr'>ut</span> <span class='ocrx_word' id='word_1_287' title='bbox 1246 3414 1362 3466; x_wconf 87' lang='lat' dir='ltr'>infra</span> <span class='ocrx_word' id='word_1_288' title='bbox 1389 3415 1606 3465; x_wconf 86' lang='lat' dir='ltr'>referetur</span> <span class='ocrx_word' id='word_1_289' title='bbox 1624 3451 1639 3473; x_wconf 89' lang='lat'><strong>,</strong></span> <span class='ocrx_word' id='word_1_290' title='bbox 1671 3413 1860 3484; x_wconf 87' lang='lat' dir='ltr'>infignes</span> <span class='ocrx_word' id='word_1_291' title='bbox 1893 3413 2020 3463; x_wconf 91' lang='lat' dir='ltr'>dedit</span> <span class='ocrx_word' id='word_1_292' title='bbox 2050 3412 2391 3464; x_wconf 55' lang='lat' dir='ltr'>Benefafflres.</span> 
     </span>
     <span class='ocr_line' id='line_1_30' title="bbox 366 3481 2392 3554; baseline 0 -19"><span class='ocrx_word' id='word_1_293' title='bbox 366 3483 680 3553; x_wconf 87' lang='lat' dir='ltr'>Fr.Josephus</span> <span class='ocrx_word' id='word_1_294' title='bbox 696 3488 861 3542; x_wconf 85' lang='lat' dir='ltr'>,laicus</span> <span class='ocrx_word' id='word_1_295' title='bbox 877 3524 892 3546; x_wconf 92' lang='lat'><strong>,</strong></span> <span class='ocrx_word' id='word_1_296' title='bbox 912 3493 1071 3538; x_wconf 85' lang='lat' dir='ltr'>Frater</span> <span class='ocrx_word' id='word_1_297' title='bbox 1100 3488 1380 3538; x_wconf 84' lang='lat' dir='ltr'>Marchionis</span> <span class='ocrx_word' id='word_1_298' title='bbox 1412 3487 1468 3535; x_wconf 89' lang='lat' dir='ltr'>de</span> <span class='ocrx_word' id='word_1_299' title='bbox 1491 3485 1634 3554; x_wconf 81' lang='lat' dir='ltr'>Jaffes</span> <span class='ocrx_word' id='word_1_300' title='bbox 1654 3520 1668 3542; x_wconf 92' lang='lat'><strong>,</strong></span> <span class='ocrx_word' id='word_1_301' title='bbox 1703 3488 1779 3552; x_wconf 89' lang='lat' dir='ltr'>qui</span> <span class='ocrx_word' id='word_1_302' title='bbox 1811 3485 1994 3533; x_wconf 87' lang='lat' dir='ltr'>humilis</span> <span class='ocrx_word' id='word_1_303' title='bbox 2023 3481 2167 3534; x_wconf 68' lang='lat' dir='ltr'>sacius</span> <span class='ocrx_word' id='word_1_304' title='bbox 2181 3519 2197 3543; x_wconf 88' lang='lat'><strong>,</strong></span> <span class='ocrx_word' id='word_1_305' title='bbox 2230 3481 2392 3535; x_wconf 86' lang='lat' dir='ltr'>manfit</span> 
     </span>
     <span class='ocr_line' id='line_1_31' title="bbox 364 3554 2385 3622; baseline -0.003 -16"><span class='ocrx_word' id='word_1_306' title='bbox 364 3556 569 3606; x_wconf 82' lang='lat' dir='ltr'>sublimis</span> <span class='ocrx_word' id='word_1_307' title='bbox 593 3592 605 3604; x_wconf 91' lang='lat'><strong><em>.</em></strong></span> <span class='ocrx_word' id='word_1_308' title='bbox 635 3556 853 3606; x_wconf 56' lang='lat' dir='ltr'>Floruere</span> <span class='ocrx_word' id='word_1_309' title='bbox 879 3561 955 3607; x_wconf 88' lang='lat' dir='ltr'>alii</span> <span class='ocrx_word' id='word_1_310' title='bbox 984 3578 1037 3608; x_wconf 86' lang='lat' dir='ltr'>ex</span> <span class='ocrx_word' id='word_1_311' title='bbox 1065 3561 1266 3608; x_wconf 82' lang='lat' dir='ltr'>Familiis</span> <span class='ocrx_word' id='word_1_312' title='bbox 1297 3592 1312 3615; x_wconf 91' lang='lat'><strong>,</strong></span> <span class='ocrx_word' id='word_1_313' title='bbox 1342 3558 1397 3604; x_wconf 88' lang='lat' dir='ltr'>du</span> <span class='ocrx_word' id='word_1_314' title='bbox 1424 3555 1591 3605; x_wconf 85' lang='lat' dir='ltr'>‘Bernet</span> <span class='ocrx_word' id='word_1_315' title='bbox 1617 3591 1633 3612; x_wconf 90' lang='lat'><strong>,</strong></span> <span class='ocrx_word' id='word_1_316' title='bbox 1656 3556 1706 3603; x_wconf 86' lang='lat' dir='ltr'>de</span> <span class='ocrx_word' id='word_1_317' title='bbox 1738 3555 1904 3622; x_wconf 76' lang='lat' dir='ltr'><em>Gafiq.</em></span> <span class='ocrx_word' id='word_1_318' title='bbox 1926 3556 1976 3604; x_wconf 84' lang='lat' dir='ltr'>de</span> <span class='ocrx_word' id='word_1_319' title='bbox 2005 3554 2154 3603; x_wconf 85' lang='lat' dir='ltr'>Soulon</span> <span class='ocrx_word' id='word_1_320' title='bbox 2186 3559 2212 3604; x_wconf 71' lang='grc' dir='ltr'><em>ἃ</em></span> <span class='ocrx_word' id='word_1_321' title='bbox 2239 3554 2385 3619; x_wconf 60' lang='lat' dir='ltr'>‘Ray-</span> 
     </span>
     <span class='ocr_line' id='line_1_32' title="bbox 364 3624 2388 3695; baseline -0.003 -19"><span class='ocrx_word' id='word_1_322' title='bbox 364 3628 522 3676; x_wconf 79' lang='lat' dir='ltr'>mundis</span> <span class='ocrx_word' id='word_1_323' title='bbox 543 3664 557 3685; x_wconf 91' lang='lat'><strong>,</strong></span> <span class='ocrx_word' id='word_1_324' title='bbox 579 3627 628 3676; x_wconf 86' lang='lat' dir='ltr'>de</span> <span class='ocrx_word' id='word_1_325' title='bbox 675 3627 829 3675; x_wconf 82' lang='lat' dir='ltr'>Ferron</span> <span class='ocrx_word' id='word_1_326' title='bbox 848 3662 863 3684; x_wconf 92' lang='lat'><strong>,</strong></span> <span class='ocrx_word' id='word_1_327' title='bbox 887 3630 936 3677; x_wconf 88' lang='lat' dir='ltr'>de</span> <span class='ocrx_word' id='word_1_328' title='bbox 961 3628 1133 3695; x_wconf 71' lang='lat' dir='ltr'>CaHeja</span> <span class='ocrx_word' id='word_1_329' title='bbox 1151 3665 1166 3687; x_wconf 90' lang='lat'><strong>,</strong></span> <span class='ocrx_word' id='word_1_330' title='bbox 1197 3631 1246 3678; x_wconf 87' lang='lat' dir='ltr'>de</span> <span class='ocrx_word' id='word_1_331' title='bbox 1266 3628 1482 3694; x_wconf 68' lang='lat' dir='ltr'>l&#39;Estange</span> <span class='ocrx_word' id='word_1_332' title='bbox 1505 3663 1520 3684; x_wconf 90' lang='lat'>,</span> <span class='ocrx_word' id='word_1_333' title='bbox 1554 3629 1604 3676; x_wconf 86' lang='lat' dir='ltr'>de</span> <span class='ocrx_word' id='word_1_334' title='bbox 1630 3624 1808 3693; x_wconf 71' lang='lat' dir='ltr'>Dietffe</span> <span class='ocrx_word' id='word_1_335' title='bbox 1837 3626 1887 3674; x_wconf 82' lang='lat' dir='ltr'>de</span> <span class='ocrx_word' id='word_1_336' title='bbox 1919 3625 2113 3692; x_wconf 78' lang='lat' dir='ltr'>Chriffim</span> <span class='ocrx_word' id='word_1_337' title='bbox 2149 3661 2166 3685; x_wconf 83' lang='lat'><strong>,</strong></span> <span class='ocrx_word' id='word_1_338' title='bbox 2201 3626 2252 3675; x_wconf 87' lang='lat' dir='ltr'>de</span> <span class='ocrx_word' id='word_1_339' title='bbox 2285 3625 2388 3674; x_wconf 81' lang='lat' dir='ltr'>Por·</span> 
     </span>
     <span class='ocr_line' id='line_1_33' title="bbox 364 3694 2389 3758; baseline -0.001 -15"><span class='ocrx_word' id='word_1_340' title='bbox 364 3700 432 3744; x_wconf 85' lang='lat' dir='ltr'>tal</span> <span class='ocrx_word' id='word_1_341' title='bbox 450 3733 464 3754; x_wconf 90' lang='lat'><strong>,</strong></span> <span class='ocrx_word' id='word_1_342' title='bbox 494 3697 543 3747; x_wconf 85' lang='lat' dir='ltr'>de</span> <span class='ocrx_word' id='word_1_343' title='bbox 570 3698 755 3748; x_wconf 83' lang='lat' dir='ltr'>Pichard</span> <span class='ocrx_word' id='word_1_344' title='bbox 769 3734 785 3756; x_wconf 92' lang='lat'><strong>,</strong></span> <span class='ocrx_word' id='word_1_345' title='bbox 808 3698 858 3746; x_wconf 82' lang='lat' dir='ltr'>de</span> <span class='ocrx_word' id='word_1_346' title='bbox 883 3700 926 3746; x_wconf 87' lang='lat' dir='ltr'>la</span> <span class='ocrx_word' id='word_1_347' title='bbox 947 3700 1216 3749; x_wconf 82' lang='lat' dir='ltr'>Bernardiere</span> <span class='ocrx_word' id='word_1_348' title='bbox 1245 3697 1284 3746; x_wconf 84' lang='lat' dir='ltr'>le</span> <span class='ocrx_word' id='word_1_349' title='bbox 1316 3697 1452 3745; x_wconf 85' lang='lat' dir='ltr'>Franc</span> <span class='ocrx_word' id='word_1_350' title='bbox 1483 3733 1498 3755; x_wconf 94' lang='lat'>‚</span> <span class='ocrx_word' id='word_1_351' title='bbox 1527 3698 1578 3746; x_wconf 85' lang='lat' dir='ltr'>de</span> <span class='ocrx_word' id='word_1_352' title='bbox 1605 3695 1793 3746; x_wconf 82' lang='lat' dir='ltr'>Lauture</span> <span class='ocrx_word' id='word_1_353' title='bbox 1814 3732 1830 3756; x_wconf 93' lang='lat'>,</span> <span class='ocrx_word' id='word_1_354' title='bbox 1857 3697 1907 3746; x_wconf 88' lang='lat' dir='ltr'>de</span> <span class='ocrx_word' id='word_1_355' title='bbox 1933 3694 2103 3747; x_wconf 59' lang='grc' dir='ltr'>Μαι</span> <span class='ocrx_word' id='word_1_356' title='bbox 2134 3731 2152 3758; x_wconf 83' lang='grc'><em>,</em></span> <span class='ocrx_word' id='word_1_357' title='bbox 2179 3697 2229 3746; x_wconf 86' lang='lat' dir='ltr'>de</span> <span class='ocrx_word' id='word_1_358' title='bbox 2258 3694 2389 3743; x_wconf 81' lang='lat' dir='ltr'>Bede-</span> 
     </span>
    </p>
   </div>
   <div class='ocr_carea' id='block_1_4' title="bbox 364 3766 1546 3838">
    <p class='ocr_par' dir='ltr' id='par_1_6' title="bbox 364 3766 1546 3838">
     <span class='ocr_line' id='line_1_34' title="bbox 364 3766 1546 3838; baseline 0.004 -26"><span class='ocrx_word' id='word_1_359' title='bbox 364 3767 509 3824; x_wconf 87' lang='lat' dir='ltr'>cbam,</span> <span class='ocrx_word' id='word_1_360' title='bbox 532 3770 579 3818; x_wconf 79' lang='lat' dir='ltr'>de</span> <span class='ocrx_word' id='word_1_361' title='bbox 608 3767 737 3820; x_wconf 86' lang='lat' dir='ltr'>Mons</span> <span class='ocrx_word' id='word_1_362' title='bbox 762 3769 812 3819; x_wconf 86' lang='lat' dir='ltr'>de</span> <span class='ocrx_word' id='word_1_363' title='bbox 837 3768 881 3817; x_wconf 86' lang='lat' dir='ltr'>la</span> <span class='ocrx_word' id='word_1_364' title='bbox 907 3768 1101 3838; x_wconf 71' lang='lat' dir='ltr'>Casffide</span> <span class='ocrx_word' id='word_1_365' title='bbox 1125 3806 1143 3831; x_wconf 89' lang='lat'>‚</span> <span class='ocrx_word' id='word_1_366' title='bbox 1166 3770 1216 3819; x_wconf 80' lang='lat' dir='ltr'>dc</span> <span class='ocrx_word' id='word_1_367' title='bbox 1243 3766 1432 3836; x_wconf 84' lang='lat' dir='ltr'>Duftour</span> <span class='ocrx_word' id='word_1_368' title='bbox 1453 3773 1546 3834; x_wconf 57' lang='lat' dir='ltr'>&amp;a</span> 
     </span>
    </p>
   </div>
   <div class='ocr_carea' id='block_1_5' title="bbox 374 1339 940 2173">
    <p class='ocr_par' dir='ltr' id='par_1_7' title="bbox 374 1339 940 2173">
     <span class='ocr_line' id='line_1_35' title="bbox 374 1339 940 2173; baseline 0 0"><span class='ocrx_word' id='word_1_369' title='bbox 374 1339 940 2173; x_wconf 95' lang='lat' dir='ltr'> </span> 
     </span>
    </p>
   </div>
   <div class='ocr_carea' id='block_1_6' title="bbox 2203 3832 2328 3876">
    <p class='ocr_par' dir='ltr' id='par_1_8' title="bbox 2203 3832 2328 3876">
     <span class='ocr_line' id='line_1_36' title="bbox 2203 3832 2328 3876; baseline -0.024 0"><span class='ocrx_word' id='word_1_370' title='bbox 2203 3832 2328 3876; x_wconf 88' lang='lat' dir='ltr'>Nobi-</span> 
     </span>
    </p>
   </div>
  </div>
 </body>
</html>
