2756 4074
472 190 581 246 xl!

467 297 696 368 Episcopo
713 295 942 361 Bajocensi
956 332 972 355 ,
990 293 1039 346 ὅ(
1054 292 1185 343 alteri
1205 306 1264 340 ex
1279 291 1388 340 Pro·

394 369 665 423 vincialibus
705 370 1051 419 Provinciarum
1090 361 1385 414 nostrarum...

394 439 674 495 Turonensis
692 475 708 498 ,
744 441 818 489 vel
837 437 1103 494 Tolosanae,
1138 446 1218 483 aut
1230 433 1284 482 iis
1301 433 1384 482 im-

395 511 559 583 peditis
573 547 590 570 ,
629 508 898 561 Guardiano
932 502 1220 573 subrogando
1239 538 1255 563 ,
1294 507 1383 554 Ca-

399 584 599 652 pitulum
628 583 737 631 RR.
755 582 843 631 ΡΡ.
863 578 1235 629 Recolleetorum
1268 578 1382 625 Bur-

396 654 561 723 digalae
579 650 856 701 celebratum
873 647 1131 704 annullare,
1167 643 1217 698 ἃ
1233 663 1381 695 novos

396 725 663 793 Superiores
693 721 859 790 eligere
885 717 1140 768 committit
1169 752 1183 767 .
1237 715 1383 769 Urba-

398 813 473 844 uus
499 790 632 843 VIII.
1319 805 1382 852 75

474 863 596 914 Asta
615 855 864 911 P.Ministri
877 862 1114 911 Generalis
1127 872 1288 910 contra
1299 864 1387 910 De-

397 948 569 984 cretum
589 927 876 981 Nannetense
907 929 963 980 de
984 933 1238 983 Provinciae
1266 931 1385 981 divi-

398 1004 519 1053 sione
531 996 710 1052 editum
725 1002 931 1052 annullat
944 1037 960 1062 ,
995 1001 1285 1071 eundemque
1301 1003 1391 1052 Mi·

395 1073 586 1124 nistrum
602 1090 685 1142 pro
701 1072 931 1123 exaftiore
947 1070 1268 1124 informatione
1283 1071 1391 1123 dan·

396 1145 454 1194 da
472 1143 530 1194 ad
550 1146 743 1194 Almam
758 1142 940 1200 Urbem
956 1159 1167 1196 revocat.
1197 1143 1390 1195 Innocen-

397 1219 484 1266 tius
503 1214 572 1266 X.
1321 1233 1384 1281 75

401 1335 406 1340 .
471 1290 722 1337 Decretum
757 1285 1019 1338 Definitorii
1034 1288 1272 1339 Generalis
1300 1288 1389 1338 de,

396 1356 626 1412 Divifione
657 1358 910 1409 Provinciae
925 1394 940 1418 ,
961 1359 1009 1411 ὅ(
1031 1358 1350 1410 Resolutiones
1366 1360 1392 1409 a

399 1429 620 1497 Capitulo
649 1430 863 1478 Generali
892 1427 1065 1490 fafias,
1102 1448 1208 1481 cum
1230 1432 1392 1480 articu-

398 1500 454 1548 lis
473 1498 806 1549 moderationis
820 1500 1031 1568 expreffis
1045 1537 1061 1561 ,
1077 1501 1299 1571 approbat
1310 1538 1326 1560 ,
1342 1500 1392 1554 <St

394 1571 650 1619 executioni
683 1569 946 1622 demandari
959 1571 1118 1636 jubet.
1157 1570 1301 1622 Idem.
1325 1582 1392 1634 76

464 1642 661 1690 Litteras
691 1643 952 1693 Innocentii
967 1647 1032 1697 X.
1054 1643 1390 1696 Praedecefforis

391 1710 511 1761 circa
545 1711 902 1763 controversiam
937 1715 1192 1766 Provinciae
1222 1712 1391 1766 servari

392 1784 650 1831 committit
666 1817 682 1839 ,
721 1787 898 1833 Fratres
915 1785 1174 1838 diffidentes
1189 1803 1279 1835 non
1298 1805 1391 1835 am·

394 1850 515 1914 plius
534 1851 681 1897 audiri
702 1853 918 1907 mandat,
936 1870 989 1897 ac
1001 1853 1142 1900 causae
1159 1854 1391 1899 silentium

393 1921 611 1986 imponit.
651 1917 898 1966 Alexander
922 1917 1031 1967 VII.
1324 1922 1352 1967 8
1367 1938 1388 1969 1

466 1986 524 2034 A'
543 1983 778 2032 Fratribus
799 1984 889 2030 loci
906 1983 1060 2032 Sanfii
1082 1985 1267 2052 Agnani
1287 2002 1391 2034 con-

392 2054 600 2107 fessiones
620 2052 900 2103 Monialium
918 2053 1111 2103 Ordinis
1124 2053 1391 2104 Cistercien·

392 2127 450 2178 fis
479 2128 524 2175 in
539 2122 643 2174 casu
664 2121 952 2175 Infirmitatis
977 2125 1022 2173 in
1049 2142 1208 2175 earum
1226 2128 1392 2176 Mona·

394 2197 531 2248 sterio
550 2194 696 2245 audiri
717 2195 954 2247 concedit.
974 2195 1162 2247 Clemens
1178 2195 1274 2248 IX.
1325 2199 1352 2244 8
1362 2217 1387 2261 3

467 2271 604 2319 Sacra
626 2269 824 2316 Rituum
845 2269 1164 2337 congregatio
1183 2303 1198 2327 ,
1234 2267 1293 2318 ad
1328 2286 1393 2318 re·

396 2340 615 2391 lationem
638 2339 829 2398 mortis,
845 2337 904 2387 ob
920 2338 1083 2387 Fidem
1103 2340 1393 2391 Catholicam

399 2411 552 2461 Servis
584 2411 670 2459 Dei
702 2412 792 2460 FF.
818 2409 1148 2480 Agathangelo
1174 2410 1394 2461 Vindoci-

399 2479 519 2530 nensi
537 2516 552 2538 ,
590 2479 639 2532 <St
660 2478 874 2531 Caffiano
907 2480 1182 2532 Nannetensi
1215 2481 1394 2531 Miffio-

399 2553 533 2601 nariis
556 2553 599 2600 in
612 2551 849 2620 AEthiopia
874 2552 1038 2612 illatae,
1075 2571 1183 2603 cum
1207 2557 1267 2604 D.
1288 2556 1397 2606 Pro-

398 2637 578 2673 motore
595 2621 837 2693 respondet
855 2659 867 2674 .
905 2643 995 2674 cum
1010 2639 1107 2674 nota
1120 2659 1133 2674 .
1330 2629 1358 2675 8
1368 2645 1392 2689 3

466 2695 670 2764 Utrique
683 2697 937 2747 Provinciae
951 2695 1185 2747 Custodiae
1198 2713 1395 2765 parem-2

394 2769 750 2824 Conventuum‚
767 2764 815 2818 &
830 2769 1133 2832 Superiorum
1152 2785 1397 2818 numerum

392 2835 603 2905 affignari
624 2873 639 2894 ,
676 2837 792 2888 duos
810 2838 1084 2890 Definitores
1107 2858 1162 2890 ex
1191 2839 1397 2906 qualibet

397 2905 575 2975 semper
604 2910 747 2976 eligi,
784 2908 833 2960 &
849 2909 1117 2960 Ministrum
1135 2911 1396 2960 Provincia-

394 2977 485 3025 lem
516 2979 777 3026 alternatim
813 2977 970 3030 affumi
1006 2980 1219 3030 concedit
1253 3016 1267 3030 .
1304 2982 1397 3029 Cle-

400 3065 509 3095 mens
527 3044 624 3098 XI.
1052 3060 1056 3066 '
1329 3055 1397 3102 86

474 3117 821 3184 Indulgentiam
851 3117 1096 3185 plenariam
1127 3135 1394 3192 perpetuam

398 3186 444 3236 in
464 3186 662 3237 Ecclesia
683 3191 896 3243 Fratrum
922 3193 1011 3240 loci
1031 3197 1078 3243 S.
1096 3195 1278 3264 Agnani
1310 3211 1395 3262 pro

395 3258 470 3307 die
490 3260 970 3310 Commemorationis
986 3261 1394 3323 Defunetorum&

397 3342 495 3379 tota
513 3331 635 3379 illius
658 3330 845 3381 Oetava
863 3327 999 3381 semel
1019 3334 1390 3386 lucrifaciendam

398 3400 664 3468 impertitur
682 3436 695 3451 .
735 3402 922 3452 Clemens
940 3399 1065 3457 XII.
1323 3410 1387 3456 88

468 3474 631 3522 Altare
644 3475 842 3541 Capellae
857 3469 1116 3544 Sepulturae
1133 3482 1318 3530 Ducum
1333 3479 1390 3529 de

403 3540 699 3616 Feauvilliers
718 3580 733 3603 ,
747 3562 1001 3611 eorumque
1016 3551 1283 3620 Conjugum
1295 3548 1389 3602 ἃς.

404 3624 448 3655 m
466 3614 659 3665 Ecclesia
680 3619 892 3667 Fratrum
910 3617 1021 3668 dieti
1040 3620 1130 3668 loci
1151 3623 1389 3693 S.Agnani

401 3679 666 3736 constructae
711 3705 796 3756 pro
828 3689 1068 3740 animabus
1101 3696 1393 3744 eorundem...

403 3751 590 3799 Ducum
610 3754 699 3805 διε.
730 3762 774 3807 in
798 3773 1071 3831 perpetuum
1094 3765 1356 3836 privilegiat
1375 3796 1389 3815 .

401 3815 545 3882 Idem,
581 3840 667 3873 cum
682 3842 803 3879 nota.
1316 3837 1380 3882 88

1437 2844 1442 2849 '
1457 2838 1618 2884 centius
1633 2836 1704 2886 X.

933 145 1975 240 ELENCH‘US.

1483 361 1887 415 PROVINCIA
1918 359 2372 413 NORMANNIAE
2385 395 2398 409 .

1513 505 1815 553 Conventum
1833 501 1883 556 ὃ(
1898 499 2144 554 Ecclesiam
2164 505 2429 553 PP.Servo·

1440 588 1543 621 rum
1565 577 1715 624 Beatae
1735 577 1897 624 Mariae
1915 573 1970 624 de
1983 574 2178 623 Belletes
2193 573 2237 622 in
2251 572 2435 625 Civitas

1445 656 1490 691 te
1512 643 1739 696 Harflorii
1758 642 1968 696 situatam
1981 680 1997 704 ,
2017 644 2269 695 Provinciae
2281 640 2437 710 quoad

1448 712 1580 763 usum
1596 712 1703 766 fasti
1720 718 1996 786 incorporat.
2004 713 2259 764 Innocentius
2277 712 2347 765 X.
2365 730 2434 774 97

1516 784 1719 853 Epistola
1733 791 1835 839 Sac.
1848 787 2239 857 Congregationis
2260 781 2408 852 Episc.
2421 789 2438 842 ,⁴

1452 851 1502 907 ὅ(
1519 859 1689 927 Regul.
1724 856 2003 928 Episcopum
2039 854 2410 910 Abrincensenu
2424 887 2444 912 ,

1446 928 1628 978 Fratres
1654 931 1700 979 in
1717 930 1910 982 collesta
1929 926 2231 996 eleemosynae
2261 924 2444 976 turban-

1451 1011 1549 1048 tem
1562 1035 1578 1058 ,
1615 1019 1668 1050 ac
1696 999 2004 1052 visitationem
2035 1017 2196 1050 eorum
2228 992 2444 1048 Ecclesia.

1450 1087 1558 1120 rum
1574 1073 1869 1124 minitantem
1889 1108 1904 1131 ,
1941 1073 1968 1121 a
1983 1069 2172 1123 consilio
2187 1067 2442 1126 dehortari,

1451 1146 1494 1192 A
1501 1140 1741 1210 postolicus
1757 1145 1962 1195 Nuntius
1973 1138 2226 1195 Parifiensis
2235 1138 2444 1205 jubetur,

1447 1231 1537 1263 cum
1553 1229 1674 1266 nota.
2377 1226 2445 1269 97

1520 1287 1598 1335 Fr.
1623 1285 1875 1338 Nicolaum
1909 1284 1966 1335 de
1985 1280 2175 1335 Fallefia
2201 1277 2395 1350 benigne
2422 1277 2449 1327 ὲ

1452 1353 1496 1406 se
1510 1372 1751 1425 exceptum
1772 1392 1789 1416 ,
1824 1356 1874 1410 ὅ(
1888 1355 1944 1406 de
1961 1357 2154 1426 pietatte
2170 1354 2313 1405 Ducis
2328 1354 2448 1402 Lon-

1451 1428 1631 1496 gavillae
1662 1426 1950 1479 disserentem
1976 1462 1992 1486 ‚
2030 1444 2141 1476 cum
2175 1426 2444 1493 voluptate-2

1451 1497 1663 1549 auditum
1679 1496 1795 1557 esse,
1830 1498 1982 1551 eidem
2004 1498 2126 1548 Duci
2144 1494 2375 1548 renuntiat
2391 1526 2405 1543 .
2437 1494 2440 1498 ’

1451 1570 1698 1619 Alexander
1726 1568 1852 1622 VII..
2379 1580 2448 1625 99

1523 1642 1650 1691 Tum
1666 1642 1693 1691 ὲ
1707 1640 1944 1693 Fratribus
1960 1638 2121 1690 nostris
2136 1674 2152 1698 ,
2166 1651 2271 1688 tum
2287 1638 2313 1687 ὲ
2333 1639 2443 1687 RR.

1452 1714 1542 1762 ΡΡ.
1575 1714 1726 1764 Tertii
1759 1714 1954 1764 Ordinis
1983 1748 2000 1772 ,
2054 1709 2286 1764 Habitum
2316 1708 2448 1772 hujus

1453 1783 1667 1841 Ordinis,
1681 1783 1983 1835 Saecularibus
2004 1783 2048 1831 in
2078 1781 2275 1850 propriis
2294 1780 2452 1829 Eccle-

1454 1849 1527 1895 fiis
1559 1850 1807 1913 respective
1830 1851 2028 1899 conferri
2042 1850 2288 1898 confirmat
2305 1883 2318 1896 .
2357 1847 2451 1896 Cle·

1453 1934 1563 1967 mens
1583 1914 1679 1969 IX.
2357 1935 2450 1966 100

1527 1987 1781 2033 Decretum
1800 1986 1880 2035 SS.
1898 1985 2094 2034 Rituum
2110 1987 2455 2053 congregatio·

1453 2053 1552 2110 nis,
1589 2070 1682 2120 quo
1707 2053 1989 2104 Monialibus
2018 2053 2448 2107 Monasteriorum..

1453 2123 1647 2173 Ordinis
1673 2128 1719 2175 S.
1743 2128 1794 2177 P.
1812 2123 2038 2175 Francisci
2053 2161 2069 2185 ,
2109 2126 2332 2175 Civitatis
2354 2130 2451 2178 Ro-

1453 2193 1761 2264 thomagenfis
1789 2231 1805 2255 ,
1843 2196 2085 2265 &Oppidi
2106 2195 2454 2264 Lupovarienfis

1454 2267 1664 2316 recitatio
1678 2264 1965 2319 Officiorum
1986 2266 2261 2318 Sanstorum
2284 2270 2458 2318 Calen-

1453 2336 1568 2387 darii
1588 2338 1817 2405 Capucini
1840 2338 2110 2389 conceditur
2125 2374 2143 2399 ,
2181 2337 2450 2406 Apostolica

1454 2406 1802 2460 confirmatione
1813 2412 1965 2462 munit
1976 2407 2310 2462 .Inn0cen.XIL
2352 2430 2374 2461 1
2385 2428 2414 2459 o
2423 2427 2442 2462 1

1508 2551 1908 2604 PROVINCIA
1945 2552 2357 2605 BRITANNIAE
2383 2586 2396 2602 .

1508 2692 1763 2745 Decretum
1779 2693 2042 2746 Definitorii
2055 2695 2299 2753 Generalis
2318 2694 2374 2744 de
2389 2691 2456 2745 di·-

1458 2761 1632 2814 visione
1648 2768 1901 2819 Provinciae
1918 2764 2012 2817 &c.
2026 2764 2272 2819 confirmat
2286 2802 2299 2816 .
2334 2763 2455 2816 Inno-

2357 2854 2456 2898 109

1528 2908 1666 2956 Sacra
1702 2907 1901 2957 Rituum
1917 2907 2266 2975 congregatio,
2299 2906 2461 2958 circa..

1458 2974 1846 3031 Beatificationem
1873 3012 1890 3036 ,
1926 2973 1976 3027 ἃ
1995 2977 2290 3043 Martyrium
2317 2980 2452 3030 Servi

1457 3049 1546 3098 Dei
1564 3083 1580 3106 ,
1618 3052 1694 3098 Fr.
1718 3048 1918 3100 Caffiani
1947 3044 2250 3101 Nannetenfis
2282 3080 2299 3104 ,
2336 3046 2451 3099 Mis-

1454 3117 1637 3171 fionarii
1656 3119 1908 3189 Apostolici
1938 3134 2046 3172 cum
2067 3122 2125 3168 R.
2141 3121 2447 3173 Promotore..

1453 3187 1697 3258 respondet
1709 3226 1722 3242 .
2348 3210 2368 3240 1
2379 3211 2449 3253 09

1522 3264 1614 3311 Pro
1632 3259 1904 3311 restituenda
1923 3258 2175 3310 Provinciae
2194 3264 2454 3329 tranquilli-

1453 3343 1545 3381 tate
1573 3346 1664 3382 tres
1694 3329 2040 3383 Commiffarios
2070 3328 2307 3381 constituit
2341 3368 2358 3391 ,
2403 3333 2455 3388 ἃ

1452 3401 1635 3453 causam
1654 3401 1821 3454 diffidii
1841 3401 1896 3454 ab
1915 3404 1967 3452 iis
1984 3402 2220 3453 terminari
2238 3403 2447 3454 mandat.

1450 3473 1701 3525 Alexander
1720 3471 1860 3527 VIII.
2347 3494 2367 3524 1
2381 3494 2448 3537 09

1519 3549 1597 3596 Fr.
1614 3545 1919 3598 Timotheum
1935 3543 1962 3594 ὲ
1978 3543 2130 3596 Flexia
2147 3580 2163 3603 ,
2179 3545 2361 3597 Gall-ias
2377 3565 2449 3601 re·-

1448 3632 1677 3687 petentem
1700 3652 1717 3679 ‚
1752 3615 1988 3668 Cardinali
2007 3615 2064 3666 de
2081 3617 2301 3686 Polignac
2319 3634 2446 3668 com·

1452 3689 1642 3741 mendat
1658 3725 1670 3739 .
1710 3687 1894 3738 Clemens
1909 3685 2005 3741 XI.
2349 3704 2369 3734 ι
2384 3706 2444 3737 10

1520 3765 1644 3814 Item
1660 3764 1720 3812 R.
1739 3763 1789 3812 P.
1803 3758 2028 3811 Michaissi
2045 3759 2088 3810 le
2103 3758 2304 3816 Tellier‚
2319 3754 2347 3808 ἂ
2360 3761 2441 3810 So-

2291 3828 2383 3876 cie·
