2704 4120
474 203 580 286 16

409 350 466 392 cis
492 348 533 388 in
563 344 817 390 contrarium
841 341 1125 403 praemissorum
1149 338 1410 398 quomodoli-

410 410 483 449 bet
507 406 698 449 conceffis
722 432 738 455 ,
781 403 1026 448 confirmatis
1054 428 1070 452 ,
1108 402 1147 442 δι
1181 399 1378 443 innovatis
1394 426 1405 444 Q

409 462 566 522 Qibus
580 464 764 507 omnibus
787 465 827 505 &
841 462 1005 519 lingulis,
1017 489 1032 512 ,
1063 459 1225 502 illorum
1240 469 1402 502 tenores

409 520 664 580 praesentibus
675 535 750 577 pro
762 521 883 577 plene
893 524 933 568 ὃς
943 519 1186 564 sufficienter
1198 517 1401 575 expreffis,

408 580 512 623 &ad
533 581 699 622 verbum
714 581 870 626 insertis
885 580 1080 624 habentes
1095 605 1110 630 ,
1139 577 1220 623 iliis
1243 578 1343 622 alias
1366 577 1407 622 in

408 639 480 683 suo
495 637 643 680 robore
658 637 934 693 permansuris,
949 635 999 678 ad
1026 636 1276 692 praesentium
1307 636 1406 683 effc-

409 700 517 741 &um
532 698 604 739 hac
622 697 711 740 vise
726 697 936 743 dumtaxat
954 693 1180 750 specialiter
1194 697 1231 740 δι
1245 695 1403 750 expres.

412 757 456 800 se
468 756 714 812 derogamus
725 781 740 805 ,
756 755 990 811 caeterisque
1000 755 1215 802 contrariis
1229 754 1401 812 quibus-

411 829 584 871 cumque
596 844 610 857 .

528 877 682 917 Datum
710 875 850 917 Romae
864 869 969 928 apud
997 872 1182 919 sannam
1198 874 1400 917 Mariam.-

416 932 614 989 Maiorem
629 933 697 976 sub
710 932 861 977 annulo
876 928 1094 974 Piscatoris
1121 933 1189 975 die
1203 947 1242 974 x.
1275 934 1401 974 Οέὶο-

411 993 493 1035 bris
515 1007 548 1034 M
566 1008 593 1036 n
608 1006 630 1034 c
644 1007 665 1034 ι,
679 1005 703 1036 x
716 1006 742 1035 x
762 1006 777 1035 ι
794 1007 826 1039 1-
860 988 1118 1041 pontificatus
1142 992 1266 1038 nostri
1294 1005 1403 1039 anno

412 1062 536 1095 tertio
548 1079 561 1094 .

989 1162 1024 1203 1.
1041 1161 1094 1203 G.
1108 1158 1255 1204 Slufius
1268 1181 1286 1196 -

472 1290 720 1348 Autograph.
749 1293 791 1333 in
816 1290 940 1335 Arcb.
954 1293 1097 1332 secret.
1125 1294 1245 1345 Brev.
1267 1288 1400 1348 Apost.

525 1349 663 1410 regest-
672 1350 804 1409 Mens-⁸
814 1353 867 1400 θ’
881 1347 1123 1406 Anu-praed.

411 1481 1402 1514 αι’-ι--ι-αω-ισι-ιι--ι--ιι--υ--ι-ἑ-

410 1602 676 1655 Ρτεάἰᾶαω
716 1603 1108 1655 Constitutionem
1150 1598 1351 1651 infirmat
1384 1636 1400 1660 ‚

460 1673 530 1726 ,ἀ
546 1674 780 1727 Fratribus
822 1674 981 1725 nostris
1001 1673 1233 1727 Habitum
1253 1673 1403 1724 Tertii

479 1746 674 1797 Ordinis
694 1744 901 1796 Personis
920 1744 1221 1797 Saecularibus
1241 1740 1406 1795 utriuss·

477 1833 566 1881 que
581 1815 853 1875 sexfisJ‘uxta
883 1830 1116 1881 receptum
1147 1820 1240 1877 jam
1269 1812 1403 1866 usum

476 1881 684 1934 conferre
699 1884 836 1932 licere
847 1883 1047 1932 declarat
1065 1917 1080 1933 .

411 2012 908 2062 CLEMEVNS
995 2011 1257 2056 PAPA
1341 2011 1408 2055 X.

589 2127 662 2172 Ad
660 2135 897 2185 perpetuam
909 2125 969 2168 rei
983 2125 1235 2167 memoriam.

505 2237 740 2281 Ollicitudo
755 2234 966 2280 pastoralis
979 2233 1114 2277 Officii
1129 2263 1143 2285 ,
1157 2248 1239 2292 quo
1253 2233 1408 2277 Catho-

521 2298 606 2342 licae
631 2296 818 2342 Ecclefiae
843 2294 1027 2352 regimini
1054 2294 1204 2339 Divina
1236 2290 1409 2349 Dispofi·

412 2371 527 2400 tione
543 2356 824 2412 praefidemus,
851 2359 937 2399 Nos
961 2354 1180 2404 admonet,
1208 2363 1252 2396 ut
1286 2350 1410 2396 Chri-

413 2413 646 2461 ssifidelium
671 2416 817 2458 divinis
839 2411 1039 2471 obsequ-iis
1056 2412 1129 2455 sub
1154 2413 1266 2455 suavi
1293 2409 1408 2454 Reli-

413 2476 546 2534 gionis
559 2475 656 2533 jugo
666 2476 1016 2529 mancipatorum,
1042 2471 1261 2528 uberesiwe
1276 2472 1410 2514 bono-

412 2549 509 2580 rum
525 2548 695 2591 operum
712 2533 881 2583 fruetus,
894 2531 1092 2588 aspirante
1120 2530 1277 2587 superni
1294 2529 1410 2572 favo-

413 2595 470 2638 ris
482 2593 582 2637 aura
597 2592 783 2651 proferre
796 2592 945 2651 jugiter
963 2591 1230 2646 satagentium
1247 2619 1261 2641 ,
1291 2589 1407 2645 quiev-

415 2654 447 2697 ti
461 2679 475 2702 s
500 2656 540 2696 &
559 2651 770 2710 Religiosae
795 2650 1088 2707 tranquillitati
1104 2648 1319 2692 consulere
1336 2649 1410 2690 stu·

415 2712 560 2755 dentes
571 2741 585 2764 ,
599 2728 661 2761 ea,
673 2725 757 2768 quae
772 2711 903 2753 litium
919 2707 1238 2752 dirimendarum
1254 2735 1268 2758 ,
1299 2720 1406 2751 ama-

417 2770 591 2828 bilisque
618 2769 848 2813 concordiae
868 2766 1117 2812 stabiliendae
1143 2765 1275 2810 studio
1301 2767 1410 2809 inter·

417 2843 485 2873 eos
511 2829 682 2885 provide
705 2838 907 2873 conventa
939 2825 1016 2870 effe
1034 2825 1255 2870 noscuntur
1281 2855 1297 2877 ,
1326 2825 1410 2883 quo

416 2889 568 2933 firmius
582 2897 832 2945 perennent,
860 2901 933 2930 nec
962 2886 1153 2930 recidivis
1182 2885 1408 2949 contentio-J

417 2948 537 2991 nibus
576 2962 746 3004 unquam
778 2947 919 3003 agitari
961 2944 1103 3001 poffint
1130 2974 1146 2995 ,
1179 2943 1408 3000 Apostolici

420 3007 649 3048 muniminis
676 3006 905 3063 patrocinio
928 3003 1255 3047 constabiliamus
1278 3032 1291 3044 .
1329 3003 1410 3046 Ex·

420 3063 515 3119 poni
531 3062 723 3119 fiquidem
742 3065 872 3106 Nobis
902 3077 1028 3118 nuper
1054 3059 1239 3104 fecerunt
1258 3059 1413 3103 Dileffl,

422 3120 819 3172 Filii‚Bonaventura
833 3120 1413 3170 aReci›neto,Procurat·orGe-

423 3179 572 3223 neralis
613 3180 778 3222 Ordinis
817 3181 1005 3222 Fratrum
1043 3179 1245 3223 Minorum
1278 3177 1409 3222 San-eti

424 3238 627 3284 Francisci
657 3236 960 3293 Capucinorum
985 3247 1307 3295 nuncupatorum
1332 3265 1347 3287 ,
1373 3239 1413 3278 &-

425 3301 592 3342 Fratres
609 3298 742 3340 Tertii
768 3295 934 3339 Ordinis
957 3295 1133 3350 ejusdem
1146 3298 1276 3341 Sanni
1292 3298 1414 3339 Pran-

424 3357 517 3398 cisci
532 3354 875 3413 Congregationis
894 3355 1139 3408 Gallicanae,
1155 3355 1297 3413 Qubd,
1319 3356 1411 3399 curn

426 3415 581 3458 dudum
603 3417 708 3458 inter
725 3418 887 3457 Fratres
906 3414 1081 3457 Minores
1107 3415 1337 3472 Capucinos
1361 3428 1412 3456 ex

424 3488 533 3524 una,
557 3477 596 3517 ἃ.
629 3477 787 3517 Fratres
819 3473 953 3516 Tertii
979 3473 1145 3517 Ordinis
1173 3479 1411 3530 congrega-

424 3534 544 3577 tionis
557 3534 777 3578 Gallicanae
801 3531 1026 3587 hujusmodi
1055 3547 1103 3574 ex
1126 3533 1256 3578 altera
1284 3533 1410 3587 parti·

426 3592 526 3642 bus,
550 3590 824 3637 controverfia
838 3592 952 3648 super
971 3591 1058 3649 jure
1071 3591 1306 3636 conferendi
1322 3593 1410 3633 Ha-

424 3650 555 3695 bitum
572 3653 700 3697 Tertii
715 3650 880 3695 Ordinis
895 3651 1025 3695 sanni
1044 3652 1242 3695 Francisci
1269 3648 1406 3707 perso—

427 3711 488 3750 nis
504 3709 747 3755 saecularibus
760 3710 965 3769 utriusque
976 3708 1088 3754 sextis
1103 3721 1215 3755 extra
1224 3714 1411 3766 Congre-

428 3770 631 3822 gationem
656 3771 927 3832 degentibus,
952 3771 1312 3827 &ordinariorum
1343 3767 1410 3827 jug

1099 193 1801 284 Monumenta

1469 339 1688 386 risdic'tioni
1704 338 1900 397 subditis,
1924 344 2201 396 exortafuifset
2224 355 2242 405 3
2272 347 2465 412 variaque

1467 403 1650 444 Decreta
1662 402 1683 444 τὶ
1701 405 2097 461 congregationibus
2109 413 2259 458 Sanciae
2270 414 2465 457 Romanae

1466 460 1658 504 Ecclesiae
1688 462 1969 507 Cardinalium
1998 496 2012 519 ,
2053 481 2099 510 ac
2136 471 2256 516 etiam
2294 473 2466 517 Litterae

1462 520 1701 577 Apostolicae
1723 522 1775 565 ad
1791 526 1973 571 Partium
1994 524 2251 583 praefatarum
2281 528 2469 576 favorem

1468 579 1638 637 desuper
1676 579 1897 638 respeffive
1923 583 2197 641 emanassent,
2226 602 2299 632 nec
2330 599 2470 635 tamen

1466 640 1748 688 controversia
1763 641 1987 698 hujusmodi
2001 645 2135 689 adhuc
2148 649 2465 704 conquieviflet·,

1464 697 1625 742 Eaedem
1641 701 1783 743 Partes
1797 730 1811 754 ,
1836 699 2020 755 fraternae
2032 705 2247 753 charitatis
2258 708 2367 753 inter
2381 711 2470 752 Or-

1462 758 1578 808 dines
1605 759 1787 813 praesatos
1818 762 2102 814 conservandae
2145 764 2278 809 studio
2307 795 2322 820 2
2347 781 2469 814 acce-

1462 816 1655 863 dentibus
1680 819 1804 863 etiam
1829 822 2184 867 exhortationibus
2219 824 2489 870 dilectorum·
2576 828 2583 832 “

1463 875 1644 919 filiorum
1669 878 1893 923 nostrorum
1915 882 2059 938 Jacobi
2087 882 2350 942 Rospigiiofii
2379 911 2396 935 ‚
2426 887 2468 928 &

1463 933 1632 980 Cae-saris
1669 936 1853 982 Destrees
1882 942 2471 1000 nuncupatorum,ejusdem-av

1462 996 1614 1044 Sandiae
1653 997 1845 1045 Romana
1885 1001 2072 1047 Eccleliae
2111 1004 2464 1058 Presbyterorum.

1462 1054 1776 1110 cardinalium
1800 1071 1848 1106 ac
1878 1058 2160 1104 intercessione
2188 1061 2325 1105 dilecti
2355 1060 2468 1115 Filii,

1463 1112 1626 1157 Nobilis
1653 1115 1972 1167 Viri,moderni
2002 1121 2125 1163 Ducis
2165 1121 2354 1165 Destrees
2383 1134 2464 1179 pro

1461 1172 1708 1216 Chariffimo
1730 1175 1770 1216 in
1786 1176 1950 1220 Christo
1975 1177 2079 1223 Filio
2095 1180 2231 1224 nostro
2245 1180 2464 1225 Ludovico

1461 1234 1712 1276 Francorum
1739 1235 1858 1292 Rege
1881 1237 2210 1284 Christianiffimo
2235 1240 2340 1296 apud
2359 1243 2465 1287 Nos:

1459 1293 1501 1334 &
1527 1291 1675 1336 Sedem
1708 1294 1986 1350 Apostolicam
2012 1299 2198 1341 Oratoris
2224 1326 2239 1351 ,
2279 1299 2329 1342 ad
2361 1312 2466 1341 con-

1464 1351 1651 1395 cordiam
1676 1351 1793 1408 super
1815 1354 2017 1410 praemiffis
2044 1357 2064 1412 (
2096 1360 2309 1401 reservato
2336 1366 2476 1399 tamen

1462 1410 1632 1468 desuper
1651 1411 1786 1456 nostro
1807 1440 1821 1462 ,
1837 1414 1877 1456 δε
1892 1413 2008 1457 dietae
2023 1416 2119 1459 Sedi
2133 1427 2154 1458 *s
2173 1413 2476 1471 beneplacito)

1461 1470 1746 1524 devenerunt,
1771 1481 1819 1515 ut
1827 1473 2018 1528 stimet,
2049 1485 2134 1518 tam
2146 1474 2338 1533 pra-satis
2364 1477 2475 1517 Fra·

1460 1530 1591 1574 tribus
1630 1531 1853 1578 Minoribus
1893 1534 2103 1587 Capucim's
2132 1563 2146 1586 ,
2203 1535 2324 1589 qudm
2356 1530 2471 1575 disits

1461 1588 1681 1635 Fratribus
1711 1591 1835 1634 Tertii
1866 1592 2024 1637 Ordinis
2040 1593 2156 1640 diffie,
2188 1591 2474 1649 congregatio·

1461 1653 1522 1693 m's
1536 1649 1757 1692 Gallicane
1766 1651 1886 1694 liceat
1901 1652 2098 1695 Habitum
2128 1650 2351 1711 pra-fatum
2381 1652 2476 1692 Per-

1450 1711 1562 1770 sonis
1562 1708 1822 1766 famularibus
1844 1710 2052 1767 utriusque
2063 1712 2190 1768 stxffs
2205 1711 2336 1768 juxta
2355 1707 2471 1770 usum

1463 1770 1570 1825 apud
1577 1768 1672 1827 sitos
1695 1769 1902 1829 respenive
1936 1779 2138 1826 receptum
2166 1766 2343 1829 conferre
2374 1795 2389 1819 ,
2428 1767 2468 1808 Sc

1465 1828 1564 1871 alias
1580 1856 1594 1878 ,
1624 1829 1749 1882 prout
1764 1828 1920 1883 plenius
1934 1830 2166 1872 continetur
2190 1829 2232 1871 in
2260 1828 2464 1884 scriptura

1464 1881 1636 1937 desuper
1648 1884 1853 1935 confecta,
1876 1887 2030 1927 tenoris
2047 1915 2062 1937 ,
2086 1888 2153 1942 qui
2166 1886 2374 1942 sequitur,
2406 1882 2470 1926 via

1467 1941 1636 1984 delicet.
1654 1943 1702 1986 In
1715 1941 1896 1987 Nomine
1912 1943 2095 1996 Domini,
2107 1956 2248 1987 coram
2276 1942 2474 1992 Eminen-

1468 1999 1622 2039 tiffimis
1634 2000 1925 2041 cardinalibus
1953 2001 2059 2042 infra
2089 2002 2307 2042 nominatis
2321 2030 2336 2053 ,
2351 2003 2474 2043 Anno

1470 2054 1635 2099 Domini
1662 2053 1875 2097 millesimo
1912 2053 2153 2112 sexagefimo
2179 2057 2477 2115 septuagesimo

1468 2115 1611 2170 quinto
1632 2112 1701 2156 die
1727 2111 1834 2157 {exta
1868 2114 2078 2158 Februarii
2101 2145 2115 2169 ‚
2139 2111 2372 2161 confeaum
2411 2117 2470 2159 est

1467 2176 1610 2218 Romae
1625 2171 1789 2230 praesens
1804 2174 2115 2217 instrumentum
2133 2205 2147 2228 ,
2173 2178 2213 2218 &
2226 2179 2274 2219 ab
2290 2187 2464 2233 utraque

1469 2242 1585 2289 par-te
1601 2241 1862 2290 acceptatum
1888 2234 1928 2276 in
1957 2233 2137 2291 sequenti
2162 2233 2291 2281 forma
2309 2265 2321 2278 .
2360 2235 2470 2285 Ct‘lm

1468 2293 1550 2352 jam
1564 2293 1634 2336 diu
1651 2293 1791 2336 Patres
1805 2292 2036 2348 Capucinos
2062 2295 2268 2340 interz&
2297 2294 2467 2338 Tertia-

1468 2353 1551 2396 rios
1570 2352 1796 2407 Regulares
1809 2381 1823 2404 ,
1843 2352 2009 2407 ‚quaestio
2022 2363 2113 2396 nata
2127 2355 2172 2396 sit
2187 2354 2243 2397 de
2254 2383 2270 2406 ,
2292 2356 2332 2396 ἃ.
2348 2352 2468 2409 super

1467 2411 1559 2470 jure
1573 2426 1648 2453 con
1656 2411 1813 2454 serendi
1829 2412 2026 2458 Habitum
2041 2413 2174 2457 Tertii
2189 2413 2356 2459 Ordinis
2368 2416 2472 2463 Sanq

1466 2473 1518 2515 ἂί
1535 2469 1733 2514 Francisci
1750 2469 1935 2515 Personis
1955 2472 2209 2518 sacularibus
2223 2470 2470 2528 utriusque.-

1466 2531 1579 2575 sexus
1594 2538 1710 2572 extra
1721 2532 2097 2586 Congregationem
2123 2531 2370 2588 degentibus
2385 2558 2401 2581 2
2430 2532 2472 2574 8⁶

1467 2589 1781 2634 ordinariorum
1808 2588 2068 2646 jurisdictioni
2095 2590 2265 2634 subditis
2293 2616 2309 2640 ,
2341 2601 2470 2644 eaque

1468 2650 1741 2695 controverfia
1756 2647 1894 2692 multis
1906 2648 2171 2693 intercedenti
2183 2651 2259 2695 bus
2272 2649 2470 2692 Eminen-¹

1467 2708 1705 2753 tiffimorum
1727 2707 2035 2761 cardinalium,
2061 2718 2150 2753 tum
2181 2708 2294 2753 Sacri
2313 2706 2469 2751 Conci.

1470 2770 1514 2812 lii
1544 2767 1882 2822 Interpretationi
1905 2796 1920 2818 ,
1951 2776 2038 2811 tum
2065 2770 2356 2826 Episcoporum
2379 2792 2394 2816 2
2425 2766 2466 2808 δε

1470 2827 1746 2884 Regularium
1769 2825 2149 2871 consultationibus
2165 2829 2471 2885 praepositorum

1471 2888 1658 2929 Decretis
1670 2915 1684 2937 ‚
1700 2901 1744 2928 ac
1758 2883 2094 2930 Sanaiffimorum
2112 2885 2356 2933 Pontificum
2373 2887 2472 2928 Bre-

1473 2946 1587 2988 vibus
1611 2971 1626 2994 ,
1661 2943 1844 2987 nondum
1872 2945 2034 2997 penitus
2057 2947 2284 3000 compotita
2319 2946 2389 2986 fit:
2420 2955 2471 2985 ne

1472 3001 1728 3046 diuturniore
1741 3001 2008 3047 contentione
2027 3014 2103 3055 pax
2117 3031 2133 3054 ,
2158 3004 2199 3044 δε
2213 3001 2388 3045 charitas
2405 2999 2470 3043 in-

1475 3073 1537 3106 ter
1550 3062 1677 3104 dirtos
1691 3059 1867 3104 Ordines
1882 3059 2114 3103 labefactari
2139 3069 2264 3118 queat
2278 3088 2292 3111 ,
2319 3058 2470 3103 utrius-

1474 3136 1551 3178 que
1579 3120 1748 3164 Ordinis
1778 3119 2116 3163 Procuratoribus-
2135 3146 2150 3168 ,
2187 3118 2352 3173 pietatis
2372 3147 2387 3171 ,
2426 3119 2468 3161 δε

1475 3179 1703 3224 concordiae
1715 3178 1845 3222 studi-o
1863 3206 1877 3228 ,
1899 3177 2119 3221 accedente
2131 3178 2399 3230 auctoritate,
2428 3179 2471 3220 δε

1476 3238 1823 3282 exhortationibus
1839 3235 2249 3280 Eminentiffimorum
2266 3237 2470 3282 Cardina-

1475 3298 1574 3340 lium
1590 3296 1844 3350 Rospigliofii
1859 3324 1875 3345 ,
1896 3296 1936 3336 δε
1952 3294 2135 3342 Οείξτὲες
2154 3324 2167 3347 ‚
2192 3309 2350 3339 necnon
2382 3296 2468 3337 Ex-

1475 3353 1742 3399 cellentiffimi
1758 3354 1884 3397 Ducis
1904 3353 2106 3406 Destrees,
2115 3354 2166 3401 ad
2182 3357 2368 3401 Sanctam
2392 3358 2465 3398 Se-

1474 3415 1570 3458 dem
1610 3411 1932 3457 Extraordinarii
1974 3414 2099 3470 Regis
2145 3412 2465 3461 christianissimi

1475 3474 1661 3517 Oratoris
1676 3501 1690 3524 ,
1714 3486 1799 3514 eam
1815 3481 1972 3514 exortas
2000 3471 2071 3519 illa
2095 3474 2146 3518 de
2167 3486 2211 3515 re
2239 3473 2332 3521 lites
2348 3488 2463 3516 com-

1470 3532 1673 3590 ponendi,
1693 3532 1731 3573 δε
1748 3530 1902 3572 futuras
1917 3531 2176 3586 imposterum
2205 3532 2463 3587 amputandi,

1470 3593 1666 3648 optimam
1681 3589 1881 3633 rationem
1894 3590 1997 3632 inire
2030 3590 2184 3646 placuit
2216 3605 2229 3635 5
2254 3592 2462 3650 utstiliuc

1465 3659 1551 3695 tum
1570 3653 1703 3693 Patres
1715 3651 1917 3703 capucini,
1942 3659 2030 3692 tum
2047 3653 2239 3695 Tertiarii
2249 3650 2462 3708 faeculari.

1471 3711 1541 3753 bus
1555 3708 1762 3766 utriusque
1761 3706 1881 3764 fixus
1904 3709 2094 3756 Habitum
2108 3709 2243 3754 SanHi
2258 3707 2463 3766 Francssi

1471 3767 1676 3830 conferant
1689 3771 1891 3823 utrinque,
1895 3768 2017 3828 juxta
2030 3770 2144 3828 usum
2166 3769 2274 3826 apud
2269 3767 2367 3822 suos
2397 3778 2480 3813 νβ’

2227 3834 2377 3883 COplum
2391 3853 2407 3879 ³
