2638 4088
1057 131 1629 220 Valentiae.

2122 171 2271 253 341

317 268 389 312 sub
406 268 694 325 indignationis
712 271 850 314 nostrae
869 271 1052 314 omnibus
1065 272 1134 320 a&
1150 271 1314 327 lingulis
1376 286 1490 316 tione
1504 271 1684 315 adhibita
1706 271 1948 315 decernatur
1963 304 1973 315 .
2000 279 2090 320 Non
2106 284 2350 326 obstantibus

316 330 607 385 Superioribus
622 357 636 379 ,
652 331 864 374 Fratribus
877 360 894 383 ,
922 332 960 372 &
977 331 1154 387 personis
1172 330 1311 387 praefa-

315 389 372 432 tis
387 417 402 440 ,
417 398 463 432 ut
497 391 557 432 Te
582 401 772 447 tanquam
809 390 1073 434 Vifitstorem
1099 392 1135 432 A
1142 391 1306 445 postoli-

316 462 428 501 eum,
441 450 479 490 &
495 448 824 493 Reformatorem
840 450 861 490 d
880 448 1009 491 Nobis
1023 475 1038 499 ‚
1067 458 1111 491 ut
1138 448 1304 504 praefer·

316 518 384 550 tur
399 508 663 563 ,deputatum
680 518 922 556 reverenter
953 506 1207 562 suscipientes
1220 536 1234 559 ,
1264 510 1306 550 δι

315 566 650 622 recognoscentes
659 597 676 620 ,
695 567 787 609 Tibi
803 567 841 608 in
858 568 1044 608 omnibus
1059 567 1125 615 ,&
1140 566 1303 621 lingulis

313 625 514 682 praemisfis
529 624 716 684 prompte
731 630 897 681 pareant
911 653 927 676 ‚
947 626 988 667 δε
1000 625 1272 679 obsequantur
1284 653 1299 676 ‚

314 695 468 741 tuaque
484 684 654 730 salubria
672 686 822 727 monita
833 686 875 727 δι
890 684 1075 729 mandata
1088 683 1298 727 humiliter

311 746 509 800 recipiant
530 775 545 798 ‚
583 747 624 788 Bt.
653 743 873 789 efficaciter
903 743 1127 801 adimplere
1153 755 1301 799 procu-

311 818 357 848 re
365 814 407 845 nt
421 834 437 856 ‚
465 804 643 860 alioquin
671 802 910 847 sententiam
925 831 940 854 ‚
969 802 1047 845 sive
1071 815 1270 856 poenam„
1283 829 1300 853 ,

311 876 428 919 quam
447 862 526 905 rite
547 861 687 906 tuleris
702 890 717 914 ,
742 860 806 904 seu
833 861 1016 904 statueris
1040 861 1079 902 in
1094 859 1298 912 rebelles,

309 931 442 964 ratam
469 922 701 964 habebimus
713 948 729 971 ‚
739 922 777 961 8*
796 920 990 966 faciemus
1016 920 1195 963 Auctore
1209 923 1299 962 Do-

311 981 422 1023 mino
439 979 559 1036 usque
571 980 621 1023 ad
637 976 941 1024 satisfactionem
962 978 1205 1034 condignam
1237 980 1300 1021 in-

309 1039 561 1089 ‘violabiliter
574 1035 779 1080 observari
794 1066 807 1078 .

430 1097 629 1139 Volumus
641 1104 778 1143 autem
793 1125 807 1148 ,
830 1105 898 1147 ut,
920 1096 946 1139 fl
960 1111 1046 1153 quae
1060 1096 1247 1152 graviora
1262 1095 1302 1138 in

309 1155 543 1212 hujusmodi
558 1155 799 1200 Vifitatione
813 1156 1027 1211 repereris,
1045 1156 1115 1198 illa
1128 1156 1178 1208 ad
1197 1159 1302 1207 Nos,

307 1215 375 1258 stu
388 1215 769 1272 'congregationem
785 1215 1092 1258 venerabilium
1107 1217 1298 1258 Fratrum

308 1270 535 1317 nostrorum
560 1277 602 1318 S.
617 1273 666 1314 R.
684 1276 734 1316 E.
751 1273 1032 1317 Cardinaliurn
1057 1275 1233 1331 negotiis
1258 1276 1299 1319 δε

1373 332 1641 387 Apostolicis,
1663 346 1708 375 ac
1735 334 1773 374 in
1789 331 2100 385 universalibus,
2125 343 2348 384 Provincia—

1369 392 1552 446 libusque
1564 419 1579 442 ,
1591 393 1631 434 ἃ
1647 391 1917 447 synodalibus
1934 393 2132 433 Conciliis
2150 399 2267 440 editis
2282 412 2347 453 ge.

1367 450 1573 492 neralibus
1586 476 1601 499 ‚
1617 452 1679 492 vel
1699 451 1938 507 specialibus
1952 449 2313 498 Constitutionibus
2330 486 2347 507 ,

1366 511 1404 551 &
1419 508 1752 552 ordinationibus
1765 537 1780 561 ‚
1806 524 1881 552 nec
1898 523 1978 552 non
2004 507 2208 552 dictorum
2230 514 2351 555 Ordi-

1365 568 1428 611 nis
1450 569 1488 609 8c
1518 569 1766 619 Provinciae,
1788 570 1913 611 etiam
1939 568 2168 624 juramento
2195 569 2275 610 διε.
2304 585 2348 612 ac

1359 640 1448 671 cum
1464 626 1668 682 quibusvis
1693 629 1816 669 etiam
1841 628 2196 683 derogatoriarum
2225 626 2350 669 dero-

1359 686 1527 741 gatoriis
1540 713 1556 735 ,
1570 684 1735 741 aliisque
1749 685 2353 740 efficacioribus,efficaciffimis,

1361 746 1402 786 δι
1418 742 1588 791 insolitis
1602 742 1784 788 clausulis
1801 772 1814 796 ,
1828 746 2159 802 irritantibusque
2177 774 2192 797 ‚
2204 747 2244 787 &
2256 745 2348 788 aliis

1361 801 1547 845 Decretis
1560 830 1576 852 ,
1589 805 1711 845 etiam
1722 812 1835 846 motu
1848 830 1863 852 ‚
1878 803 2041 850 scientia
2053 835 2069 858 ‚
2083 808 2124 848 δε
2137 803 2349 862 potestatis

1361 860 1615 919 plenitudine
1630 861 1792 917 paribus
1807 888 1822 911 ‚
1848 864 1888 904 δε
1911 863 2011 907 aliis
2031 862 2349 921 quomodolibet

1359 923 1399 963 in
1413 920 1662 964 contrarium
1677 917 1962 976 praemifforum
1991 922 2184 966 conceffis
2201 951 2217 975 ,
2248 935 2350 964 con-

1363 978 1531 1021 firmatis
1546 980 1612 1029 ‚&
1628 977 1855 1023 innovatis.
1882 981 2042 1041 Qibus
2064 982 2279 1032 omnibus,
2309 982 2350 1022 &

1362 1040 1415 1080 fin
1423 1036 1525 1094 gulis
1539 1039 1617 1079 &c-
1633 1039 1815 1095 expresse
1829 1022 2073 1096 derogamus
2085 1071 2104 1093 ,
2116 1037 2351 1096 eaeterisque

1360 1096 1577 1141 contrariis
1590 1096 1905 1156 quibuscumque
1917 1127 1932 1143 0

1475 1157 1625 1209 Datum
1652 1159 1794 1200 Romae
1819 1158 1926 1220 apud
1961 1161 2145 1203 Sanctam
2179 1157 2350 1201 Mariam

1360 1213 1562 1273 Maiorem
1587 1215 1657 1259 sub
1686 1217 1848 1260 Annulo
1866 1215 2078 1261 Piscatoris
2098 1217 2166 1260 die
2178 1231 2216 1259 x.
2235 1220 2347 1260 Mar-

1356 1275 1401 1317 tii
1438 1291 1471 1318 M
1488 1292 1516 1319 n
1532 1290 1557 1318 c
1574 1291 1599 1318 c
1617 1290 1639 1318 x
1653 1290 1674 1318 t.
1689 1288 1726 1317 v.
1770 1274 2031 1319 Pontificatfis
2074 1276 2198 1318 nostri
2231 1289 2339 1318 anno

307 1332 668 1378 consultationibus
693 1333 1015 1390 Episcoporum,
1045 1335 1086 1376 δι
1112 1332 1295 1390 Regula·
1353 1333 1521 1391 quinto.

305 1392 412 1435 rium
426 1383 765 1449 praepofitatmsub
780 1400 853 1435 tuo
869 1390 998 1449 figino
1008 1390 1138 1436 clausa
1153 1405 1295 1449 quamq

306 1450 482 1507 primum
497 1451 711 1506 diligenter
724 1450 970 1495 transmittas
982 1479 997 1503 ‚
1012 1462 1056 1493 ut
1073 1450 1207 1507 ,quod
1223 1451 1293 1494 de-

307 1508 427 1567 super
440 1510 700 1563 statuendum
729 1506 850 1570 fuerit
865 1539 881 1564 ,
907 1518 1064 1564 matura
1088 1510 1292 1571 delibera-

1410 1457 1536 1496 Breve
1550 1451 1779 1511 formatum
1807 1455 1849 1494 in
1871 1452 2042 1495 Archivo
2060 1447 2241 1506 generali
2265 1453 2346 1492 Or·

1468 1513 1570 1564 dinis
1587 1516 1774 1562 Armatio
1805 1511 2015 1561 Provincia
2030 1510 2228 1555 Valentiae
2244 1538 2256 1550 .

435 3786 558 3839 Tom.
571 3786 625 3840 Vs

2087 3788 2241 3840 PRO-
