2756 4074
784 195 1285 287 ELEN

295 346 401 397 an'ni
426 344 483 396 de
511 344 720 410 injune'iis
743 348 1024 418 poenitentiis
1050 348 1110 400 ad
1123 349 1287 400 decen-

293 418 424 467 nium
442 419 702 470 relaxantur
714 453 727 467 .
1185 428 1280 472 162

290 487 467 540 Eadem
482 491 752 541 austeritate
765 524 782 547 ,
818 492 876 538 In
886 489 1088 554 ejusdem
1103 489 1283 541 Domfis

289 562 491 628 Capella
510 597 524 619 ,
559 565 603 612 in
633 566 778 612 Beatae
803 562 1012 631 Virginis
1031 564 1194 612 Mariae
1220 559 1284 612 fe-

287 629 567 688 stivitatibus
597 667 614 692 ‚
643 649 697 681 ac
729 632 775 679 in
805 628 918 682 festo
950 633 1106 684 Sansti
1135 634 1281 685 Patris

281 700 514 753 Francisci
530 740 548 763 ,
585 701 781 754 Litanias
797 704 1063 763 Marianas,
1099 719 1179 756 aut
1209 718 1280 754 ter

280 774 565 825 Orationem
590 774 886 824 Dominicam
902 810 919 835 ,
956 793 1008 825 ac
1035 777 1280 827 Salutatio-

285 861 395 894 nem
414 846 688 914 Angelicam
711 843 804 896 διε.
834 847 1124 898 recitantibus
1156 882 1173 906 ,
1207 846 1279 896 de-

284 916 537 974 cemanni,
573 913 622 968 ὅ(
651 915 851 967 totidem
878 916 1174 990 quadragenae
1192 917 1280 968 dea

282 984 496 1050 inJ'unstis
513 986 795 1055 poenitentiis
818 989 864 1040 in
880 1004 1156 1059 perpetuum
1173 991 1283 1039 rela-

284 1071 450 1107 xantur
462 1093 476 1107 .
1184 1069 1276 1111 162

287 1158 292 1161 >
355 1129 650 1196 Emptionem
667 1167 685 1191 ,
718 1129 769 1183 δι
791 1134 1101 1184 Donationem
1122 1150 1206 1200 pro
1221 1130 1281 1182 fa·

282 1196 411 1249 briea
433 1199 615 1252 Domiis
631 1206 848 1254 Fratrum
884 1204 934 1254 in
973 1207 1080 1255 loco
1111 1202 1280 1255 lnsulae

278 1267 424 1320 fastas
452 1270 715 1324 confirmari
746 1277 1006 1328 committit
1032 1311 1049 1334 ,
1085 1274 1134 1327 ἃ
1166 1276 1279 1326 duo·

280 1339 431 1391 decim
448 1340 608 1395 saltem
631 1349 813 1397 Fratres
829 1348 878 1397 in
894 1347 980 1399 hac
998 1348 1171 1399 morari
1186 1347 1275 1398 san*

279 1413 344 1461 cit
361 1413 384 1462 .’
412 1412 586 1465 ‘Paulus
609 1415 663 1468 V.
1176 1429 1270 1482 163

349 1484 646 1538 AuRoritate
674 1488 946 1558 Apostolica
970 1526 987 1549 ,
1026 1492 1276 1542 Recitanti-

279 1555 366 1606 bus
384 1556 430 1606 in
453 1558 648 1628 Capella
666 1559 828 1611 nostrae
841 1563 1055 1614 Dominae
1078 1561 1129 1612 de
1142 1560 1275 1614 Mon·

280 1641 382 1695 taegu
408 1645 680 1700 nuncupatae
697 1667 714 1691 ,
751 1634 844 1682 loci
862 1628 1135 1687 Tarasconis
1153 1670 1168 1692 ,
1202 1636 1279 1685 Li·

279 1700 424 1749 tanias
441 1703 587 1752 Beatae
609 1705 848 1775 Virginis,
885 1719 967 1756 aut
994 1718 1064 1757 ter
1086 1707 1277 1758 Oratio-

278 1785 383 1820 nem
398 1774 697 1827 Dominicam
713 1812 729 1835 ,
765 1773 815 1827 δι
827 1777 1163 1829 Salutationem
1179 1782 1275 1828 An-

277 1842 477 1909 gelicam
508 1845 557 1893 in
583 1847 743 1896 Natali
773 1848 965 1895 Domini
990 1844 1278 1911 NostriJesu

275 1908 448 1960 Christi
474 1944 493 1968 ,
538 1909 863 1965 festivitatibus
898 1911 1096 1974 eJusdem
1131 1915 1278 1963 Beatae

279 1979 523 2045 Virginis,
560 1978 611 2028 ὅ(
641 1979 831 2046 singulis
862 1979 1023 2025 diebus
1057 1980 1278 2029 Sabbathi

277 2046 440 2097 decem
466 2047 603 2105 anni,
638 2044 688 2098 δι
717 2044 915 2097 totidem
946 2044 1278 2115 quadragenae,

276 2119 379 2169 aliis
396 2114 510 2169 vero
529 2115 689 2169 diebus
706 2115 1007 2186 quadraginta
1021 2115 1116 2166 dies
1140 2116 1197 2167 de
1211 2119 1278 2168 in-

269 2187 439 2254 iuncstis
466 2189 751 2258 poenitentiis
782 2191 829 2239 in
853 2203 1130 2258 perpetuum
1160 2190 1275 2243 rela-

276 2273 448 2312 xantur
464 2295 480 2311 .
1178 2271 1241 2317 16
1247 2282 1272 2326 5

348 2336 548 2383 Deci-eto
563 2333 670 2381 Sac.
686 2331 1076 2402 Congregationis
1095 2331 1244 2401 Episc.
1261 2369 1277 2393 ,

281 2401 520 2474 &Reguh
553 2405 733 2454 Fratres
768 2405 814 2453 in
832 2405 1072 2462 Civitate,
1103 2403 1153 2457 ἅ
1178 2408 1274 2456 Co·

274 2475 449 2525 mitatu
467 2472 784 2526 Avenionenfi
811 2473 904 2525 ἃς.
935 2478 1140 2527 Crucem
1171 2493 1272 2544 pro-

275 2547 425 2615 priam
453 2546 499 2595 in
527 2543 891 2599 Procefl'ionibus
917 2563 1001 2614 pro
1021 2548 1154 2600 libitu
1172 2565 1274 2615 por-

275 2631 375 2668 tare
401 2614 521 2687 posse
554 2652 571 2676 ,
598 2615 656 2667 ad
682 2615 912 2667 instantias
941 2617 1239 2668 Consulum...
1254 2655 1272 2681 ‚

271 2686 323 2740 ὅ(
339 2686 726 2759 Confiliariorum
760 2690 979 2742 Civitatis
1003 2692 1268 2742 Valreacen-

275 2757 333 2810 fis
346 2759 604 2811 declaratur
621 2797 634 2810 .
1170 2770 1234 2816 16
1235 2770 1271 2811 6

343 2833 532 2881 Litteris
565 2828 845 2898 Apostolicis
878 2866 896 2889 ,
935 2828 1151 2880 Vifitatio
1182 2835 1270 2882 Ec-

274 2899 416 2953 clesrae
433 2903 648 2953 Fratrum
659 2898 716 2949 ab
729 2898 957 2969 Episcopo
973 2899 1271 2953 Sisteronenfi

272 2974 323 3021 vi
340 2966 457 3023 farsia
471 2970 742 3039 reprobatur
756 3006 773 3029 ,
802 2969 851 3023 ὅ(
875 2968 1153 3053 Episcopum
1179 2972 1268 3025 de,

264 3040 378 3094 ‚laeso
411 3043 723 3113 Regularium
754 3043 998 3113 privilegio
1041 3047 1216 3095 moneri
1248 3081 1264 3104 ,

273 3116 431 3165 Viee-
456 3118 633 3186 Legato
670 3113 979 3167 Avenionenfi
1015 3117 1268 3170 committi-

275 3199 351 3238 tur
365 3221 383 3245 ,
418 3205 508 3237 cum
525 3203 623 3238 nota
638 3221 652 3236 .
1169 3197 1264 3250 167

340 3260 542 3310 Decreto
568 3262 671 3309 sac.
690 3259 977 3328 Congregat.
1011 3254 1069 3307 de
1103 3259 1271 3327 Propa-

271 3328 421 3397 ganda
438 3330 549 3383 Fide
563 3345 721 3381 coram
741 3328 1031 3382 Santstiffimo
1054 3345 1071 3378 1
1088 3350 1107 3380 1
1119 3367 1130 3380 .
1148 3333 1270 3384 Mar·

273 3399 327 3448 tii
361 3409 506 3466 1641.
542 3400 704 3455 habitae
729 3437 745 3458 ,
772 3401 799 3451 a
829 3399 1126 3454 Miffionariis
1162 3406 1267 3454 Pro·

274 3469 435 3523 vinciae
464 3510 481 3533 ,
515 3468 830 3540 eleemosynas
859 3487 1066 3544 tempore
1119 3491 1268 3541 perce-

275 3541 439 3606 ptionis
465 3541 703 3598 fruRuum
728 3542 943 3594 collestas
962 3578 978 3604 ,
1004 3543 1265 3600 conservari

276 3607 397 3679 posse
415 3614 684 3671 conceditur
700 3650 714 3667 .
1170 3627 1269 3679 169

345 3685 671 3746 Carmenta,&
699 3688 787 3738 alia
814 3688 1065 3739 materialia
1093 3692 1266 3742 veteris

276 3753 458 3806 Domus
476 3756 663 3807 Pertufii
680 3793 697 3816 ,
727 3776 805 3828 per
838 3759 1067 3826 Syndicos
1094 3760 1264 3819 vendi,

275 3823 325 3878 ὅ(
355 3827 402 3875 in
434 3824 707 3879 solutionem
751 3828 1013 3880 debitorum
1043 3829 1102 3880 ob
1131 3829 1261 3883 fabri·

1336 195 1843 289 CHvs.
2151 235 2275 293 xv

1346 367 1448 399 cam
1467 368 1636 403 novam
1666 348 2014 402 contrafiorum
2041 354 2248 402 converti
2276 353 2339 400 in-

1346 420 1509 491 dulget
1523 458 1537 473 .
1559 421 1760 475 Urbanus
1786 419 1922 472 VIII.
2239 433 2337 482 169

1395 493 1592 561 Epistola
1606 497 1752 546 Sacrae
1768 491 2156 562 Congregationis
2169 494 2336 541 Conci-

1343 563 1393 611 lii
1410 599 1425 622 ,
1444 568 1500 614 In
1517 567 1649 624 locis,
1668 565 1746 616 ubi
1764 568 1943 616 Fratres
1958 566 2230 613 Conventus
2246 578 2337 612 non

1339 633 1535 692 habent,
1555 638 1782 687 Parochos
1800 673 1816 697 ,
1836 638 1913 687 vel
1933 635 2141 686 Vicarios
2164 650 2249 702 pro
2273 650 2338 681 re-

1339 703 1541 754 videnda
1555 705 1921 772 Qaestuantium
1941 708 2124 756 licentia
2146 704 2336 773 deputa-

1340 774 1652 844 ri,Episcopus
1671 777 1892 843 Aquensis
1907 792 2120 827 monetur
2138 774 2257 828 &ca
2270 792 2335 835 70

1414 847 1564 897 Lirem
1580 844 1630 898 <St
1645 846 1828 897 causam
1857 849 1978 897 circa
1996 845 2337 904 testamentum.

1341 919 1643 987 qquoannes
1664 919 1870 989 Angelus
1888 921 2090 967 Deveras
2122 923 2334 968 Domum

1340 990 1535 1057 propriae
1550 989 1841 1040 habitationis
1857 1025 1872 1048 ,
1896 987 2210 1056 summamque
2226 988 2340 1039 duo·

1340 1077 1446 1110 rum
1464 1061 1664 1110 millium
1682 1058 1914 1111 scutorum
1934 1076 2019 1128 pro
2049 1063 2207 1109 Domo
2236 1063 2335 1109 No·

1339 1131 1526 1181 vitiatus
1562 1133 1608 1181 in
1647 1134 1855 1184 Civitate
1892 1127 2199 1182 Avenionenfi
2230 1146 2339 1179 eon-

1338 1200 1550 1254 struenda
1566 1221 1674 1254 cum
1697 1221 1833 1254 onere
1863 1199 2009 1254 Miffae
2038 1202 2338 1270 perpetuaele-

1339 1276 1503 1345 gavit,
1526 1275 1550 1324 a
1569 1275 1854 1326 Monialibus
1884 1273 2079 1326 Ordinis
2103 1277 2152 1324 S.
2173 1276 2334 1342 Augu·

1340 1346 1442 1396 stini
1464 1348 1711 1406 excitatas,
1729 1346 1786 1397 ad
1806 1345 1848 1396 se
1878 1359 2044 1397 avocat
2059 1380 2076 1403 ,
2103 1341 2337 1394 filentium

1337 1419 1537 1486 imponit
1550 1454 1568 1478 ,
1582 1416 1631 1470 δε
1647 1419 1906 1470 Cardinalis
1921 1416 2218 1485 Vice·Legati
2247 1412 2340 1464 sen·

1336 1491 1528 1541 tentiam
1563 1488 1808 1542 confirmat
1839 1525 1852 1539 .
1891 1489 2082 1540 Clemens
2107 1486 2177 1538 Χ.
2214 1505 2339 1538 cum...

1331 1575 1430 1611 nota
1446 1597 1458 1610 .
2237 1576 2335 1619 ¹70

1409 1630 1681 1684 Restristam
1714 1636 1840 1703 prius
1871 1631 2138 1683 facultatem
2172 1627 2335 1677 circa..

1337 1705 1568 1755 Moniales
1586 1707 1806 1758 Civitatis
1823 1701 2112 1756 Maffilienfis
2125 1701 2151 1751 ἃ
2166 1702 2337 1749 Fratri·

1337 1773 1422 1825 bus
1435 1775 1755 1846 gubernandas
1772 1789 2013 1846 perpetuat
2029 1810 2045 1832 ,
2064 1771 2114 1824 <St
2138 1770 2336 1821 adinstar

1338 1845 1613 1897 Monasterii
1629 1846 1881 1896 Parisienfis
1897 1849 1975 1892 has
1992 1847 2166 1899 vivere,
2180 1841 2229 1890 ὃ(
2247 1846 2339 1890 Ca·

1337 1911 1539 1978 pellanos
1557 1909 1650 1964 διο.
1667 1914 1774 1983 eligi
1794 1911 1957 1961 debere
1985 1909 2128 1960 sancit
2144 1945 2158 1959 .
2186 1907 2304 1959 Idem
2321 1946 2339 1970 ,

1337 1993 1428 2026 cum
1446 1992 1546 2022 nota
1561 2009 1576 2026 .
2236 1999 2255 2025 ι
2267 1997 2325 2039 73

1410 2048 1612 2094 Deci-eto
1650 2048 1797 2096 Sacrae
1832 2045 2034 2095 Rituum
2067 2048 2339 2115 Congrega·

1337 2115 1474 2165 tionis
1491 2118 1578 2175 ,In
1605 2115 1805 2168 Ecclesia
1833 2112 2105 2168 Conventfis
2129 2119 2335 2179 Tarasci,

1341 2183 1575 2238 Officium
1590 2189 1648 2239 de
1662 2193 1710 2240 S.
1729 2190 1918 2240 Martha
1933 2223 1949 2246 ‚
1986 2206 2070 2239 ceu
2101 2191 2338 2243 Patrona-a

1341 2260 1584 2327 Principali
1597 2296 1613 2321 ,
1630 2259 1679 2312 ὅ(
1696 2277 1786 2314 non
1812 2260 1869 2311 de
1895 2262 2203 2312 S-Armando
2226 2263 2336 2311 reci·

1338 2332 1424 2382 tari
1439 2330 1605 2384 debere
1631 2332 1888 2386 declaratur
1906 2367 1920 2381 .
2239 2335 2332 2383 180

1412 2399 1657 2472 Rescripto
1690 2402 1966 2460 Pontifici0,
1998 2403 2159 2453 Mariae
2190 2407 2334 2455 Annae

1334 2474 1361 2525 ὲ
1382 2474 1595 2524 Bullione
1613 2511 1630 2535 ,
1649 2477 1791 2525 Ducis
1813 2477 1991 2530 Uzetiae
2009 2476 2213 2544 Conjugi
2233 2512 2248 2534 ,
2265 2474 2334 2525 in-

1333 2542 1507 2617 greffus
1534 2547 1579 2595 in
1618 2550 1830 2600 Domum
1862 2550 2079 2599 Fratrum
2109 2546 2332 2596 Civitatis

1335 2618 1515 2670 Uzetiae
1540 2616 1807 2687 indulgetur
1822 2654 1835 2668 .
2230 2618 2287 2665 18
2302 2633 2320 2666 r

1403 2689 1589 2740 Litteris
1607 2687 1882 2758 Apostolicis
1899 2725 1916 2748 ‚
1951 2692 2131 2739 Fratres
2150 2687 2333 2737 Civita-

1332 2759 1388 2808 tis
1448 2758 1778 2813 Avenionenfis
1819 2761 2055 2812 exaffione
2104 2758 2296 2828 gabellae
2311 2792 2330 2815 ,

1331 2828 1559 2884 molestari
1576 2831 1844 2901 prohibetur
1858 2868 1872 2884 .
2229 2847 2247 2876 1
2260 2830 2286 2874 8
2302 2846 2323 2877 1

1400 2902 1597 2956 Panium
1622 2904 1649 2951 ὲ
1670 2907 1746 2951 Fr.
1768 2900 2036 2953 Cherubino
2062 2898 2118 2947 de
2147 2900 2326 2956 Noves,

1329 2990 1413 3022 ceu
1429 2973 1627 3029 Nuntio,
1644 2971 1943 3040 postulatum,
1961 2969 2169 3024 Henrico
2188 2972 2326 3017 Fran-

1329 3040 1448 3093 cisco
1477 3045 1687 3093 Xaverio
1712 3039 1767 3090 de
1786 3039 2003 3091 Belsunce
2021 3036 2116 3089 ὅτε.
2141 3037 2326 3106 Episco-

1329 3131 1389 3181 po
1421 3111 1680 3166 Maffilienfi
1703 3110 2019 3186 affignandum
2049 3107 2134 3159 effe
2159 3126 2319 3159 renun-

1327 3188 1411 3238 tiat
1424 3222 1435 3235 .
1451 3186 1633 3238 Clemens
1655 3180 1779 3240 XII.
2218 3200 2236 3230 1
2249 3184 2275 3229 8
2291 3201 2309 3231 1

1402 3256 1561 3307 Libros
1600 3253 1624 3304 ὲ
1654 3255 1938 3309 Bibliotheca
1978 3255 2194 3302 Fratrum
2228 3254 2319 3302 loci

1329 3325 1599 3381 Tarasconis
1612 3362 1629 3385 ,
1657 3325 1767 3377 curli
1786 3324 1984 3387 ejusdem
2001 3328 2079 3374 Er.
2095 3324 2320 3374 Cherubi-

1329 3402 1373 3450 ni
1390 3399 1414 3448 a
1435 3399 1588 3450 Noves
1603 3396 1695 3450 ὅτε.
1713 3399 1965 3448 collocatos
1980 3432 1996 3455 ,
2028 3395 2203 3444 extrahi
2238 3394 2318 3443 sub

1328 3468 1522 3526 censuris
1538 3505 1553 3528 ,
1570 3468 1618 3526 ἃ
1633 3471 1781 3545 poenis
1794 3468 2006 3543 prohibet
2022 3502 2035 3516 .
2072 3464 2187 3515 Idem
2199 3501 2215 3524 ,
2230 3483 2318 3583 cgm

1329 3558 1453 3592 nota.
2219 3555 2238 3585 ι
2289 3557 2314 3586 2

1395 3611 1606 3668 Eundem
1631 3616 1706 3667 Fr.
1730 3607 2073 3666 Cherubinum,
2096 3610 2316 3659 Procura-

1327 3699 1477 3736 torem
1494 3682 1760 3739 Miffionum
1794 3682 2082 3733 Gallicarum
2099 3713 2115 3735 ,
2144 3676 2194 3728 ἃ
2210 3682 2317 3745 Hy-

1324 3756 1483 3808 berniae
1498 3754 1589 3807 &c.
1602 3754 1849 3807 constituit.
1865 3749 2088 3809 Idem,cum
2097 3765 2207 3798 nota.
2218 3769 2236 3799 ι
2248 3755 2312 3814 84

1391 3828 1746 3882 sacramentales
1770 3823 1997 3873 fidelium
2019 3818 2313 3871 confeffiones

2118 3909 2235 3941 excl-
