2638 4088
1015 127 1609 250 Aragoniae.

2102 170 2262 255 343

299 279 464 314 eorum
497 279 582 315 aere
611 266 1090 327 construRO,sacrum
1125 273 1281 320 velum
1311 268 1810 340 suscepiffet‚nostrum
1838 271 1986 323 induit
2012 278 2265 341 Habitum,
2283 285 2331 334 &

296 331 424 403 gesta
454 335 540 386 suae
576 336 842 388 Profeffioni
873 337 1069 408 perfesta
1095 341 1269 391 virtute
1292 341 1629 392 conformavit.

442 409 610 466 ViroS,
639 410 717 476 qui
741 411 785 458 in
819 409 1024 460 doctrina
1051 444 1066 467 ,
1091 410 1140 462 ὅτ
1168 412 1393 461 librorum
1425 413 1622 462 editione
1653 414 1966 463 excelluerunt
1998 449 2013 471 ,
2049 417 2155 481 aptzi
2186 421 2326 470 laudis

293 476 495 541 epitome
527 497 648 528 nova
677 481 967 547 Scriptorum
993 481 1184 529 Ordinis
1216 482 1502 532 Bibliotheca
1526 498 1890 535 commemorat.
1919 484 1983 533 Es
2007 486 2224 535 virtutem
2251 507 2327 538 au-

293 558 389 597 tem
415 549 530 597 hanc
566 554 642 599 Fr.
669 551 932 600 Ludovicus
960 552 987 599 a
1012 548 1360 620 Caesaraugusta
1379 589 1394 610 ,
1427 554 1667 621 Carpenfis
1696 555 1804 604 alias
1837 557 2066 605 vocitatus
2085 589 2102 613 ,
2125 552 2331 623 perfecit,

293 631 347 667 ut
372 616 580 670 affeffum
604 619 860 670 Definitorii
883 621 1123 672 Generalis
1147 639 1266 670 anno
1307 632 1455 685 1637.
1489 627 1712 674 meruerit
1744 662 1756 674 .
1792 628 1905 684 Quo
1937 627 1982 674 in
2002 644 2191 677 munere
2223 629 2332 674 Suc·

291 687 509 740 cefforem
540 690 699 740 habuit
728 695 804 740 Fr.
835 690 1141 742 Timotheum
1167 692 1193 739 a
1222 693 1435 743 Rodenas
1452 730 1468 753 ,
1500 694 1665 745 nobilis
1697 695 1902 746 Familiae
1933 715 2147 755 ramum,
2170 694 2219 748 8<
2240 714 2333 746 ma·

289 771 390 827 gnae
416 763 598 812 virtutis
630 763 839 822 Virum,
871 780 989 813 anno
1022 780 1169 823 1702.
1200 763 1398 813 elestum

470 931 800 996 Provincia
852 931 983 998 haec
1037 953 1148 1019 per
1187 932 1478 1020 Regnum
1526 933 1856 1021 Aragoniae
1894 935 2178 1027 protensa
2233 957 2336 1000 nu-

563 1042 757 1089 metat

706 1213 949 1266 Conventus
978 1214 1179 1265 Fratrum

1798 1239 1985 1271 xvut.

706 1330 933 1400 Mffones
957 1337 1386 1388 excra'Provinciam
1416 1341 1462 1387 in
1493 1338 1691 1388 America
1704 1373 1721 1398 ,

843 1408 899 1455 &⁶
929 1407 1078 1476 Regno
1110 1406 1299 1457 Cumanae
1317 1444 1328 1457 .

702 1523 960 1594 Monasteria
981 1526 1244 1580 Monialium
1259 1564 1271 1577 .

281 1705 867 1728 —————-

282 1846 600 1897 Concordiam
629 1851 738 1898 RR.
757 1852 847 1901 ΡΡ.
880 1854 1159 1904 Carmelitas
1178 1852 1278 1904 Dis-

351 1918 576 1967 calceatos
598 1920 853 1971 inter--et
885 1925 1065 1973 Fratres
1097 1922 1277 1976 nostros

347 1988 466 2037 circa
508 1988 686 2038 Domt‘is
715 1995 1050 2044 Conventualis
1076 1994 1278 2046 constru-

349 2058 549 2107 &ionem
573 2061 619 2107 in
642 2061 836 2127 Oppido
858 2061 914 2110 de
951 2066 1188 2115 Tamarite
1218 2065 1276 2116 fa·

346 2126 468 2175 stam
485 2163 502 2185 ,
532 2125 717 2178 firmat.

273 2255 762 2310 URBANUs
826 2261 1044 2322 PAPAg
1090 2262 1277 2312 VIII.

437 2371 506 2415 Ad
519 2381 755 2428 perpetuam
784 2375 845 2415 ret·
867 2373 1094 2415 memoriam
1107 2401 1120 2415 .

411 2489 635 2532 Niversalis
657 2490 843 2535 Ecclefiae
858 2491 1073 2546 regimini,
1091 2492 1211 2535 nullis
1224 2493 1274 2535 li-

425 2550 492 2591 cet
523 2549 666 2595 nostris
684 2547 998 2607 ,suffragantibus
1030 2553 1182 2593 meritis
1201 2580 1215 2602 ,
1248 2554 1268 2593 ἐ
1289 2563 1291 2566 ’

276 2608 456 2651 Domino
473 2609 729 2664 praepofitbin
745 2610 786 2652 id
803 2609 1038 2666 potiffimum
1058 2610 1274 2667 vigilantiae

276 2666 419 2709 nostrae
435 2667 605 2710 studium
626 2669 874 2713 intendimus
889 2699 905 2723 ‚
918 2678 962 2711 ut
978 2670 1087 2714 inter
1103 2670 1274 2712 Christi·

271 2724 416 2768 fideles
428 2727 636 2782 quoslibet
653 2757 666 2779 ,
680 2726 896 2781 praesertim
911 2729 1011 2770 vero
1029 2729 1190 2772 Divinis
1205 2730 1274 2772 ob-

273 2783 422 2839 sequiis
440 2787 509 2828 sub
525 2785 632 2828 suavi
661 2785 890 2842 Religionis
903 2786 1001 2842 jugo
1020 2788 1270 2845 mancipatos

273 2844 494 2886 concordia
522 2846 684 2900 vigeat,
710 2846 751 2886 &
778 2859 852 2900 pax
874 2847 1027 2889 Christi
1054 2845 1214 2891 exultet
1230 2848 1269 2890 in

275 2900 465 2944 cordibus
495 2914 638 2947 eorum
652 2932 664 2944 .
692 2906 990 2965 Quapropter,
1019 2903 1044 2946 fi
1060 2920 1144 2962 quae
1171 2920 1270 2962 pro-

273 2969 413 3016 pterea
431 2962 560 3004 litium
574 2992 587 3014 ‚
604 2964 640 3004 &
659 2960 951 3008 discordiarum
966 2965 1127 3013 semotis
1139 2964 1274 3008 anfra-

277 3019 407 3061 ffibus
425 3018 524 3065 faeta
543 3019 654 3064 fuisse
669 3024 935 3077 comperimus
948 3050 962 3072 ‚
990 3038 1061 3073 ea,
1088 3040 1138 3067 ne
1153 3026 1192 3067 in
1207 3039 1272 3067 re·

276 3078 418 3120 cidivae
434 3081 712 3124 contentionis
730 3082 825 3126 vitia
841 3082 1107 3138 prolabantur
1122 3113 1136 3135 ,
1154 3084 1269 3139 Apo-

273 3137 417 3180 stolicae
438 3139 576 3182 nostrae
591 3139 914 3184 confirmationis
931 3143 1078 3185 robore
1091 3156 1270 3186 commu-

272 3196 433 3246 nimus,
466 3210 588 3254 prout
604 3198 868 3255 conspicimus
898 3201 938 3242 in
959 3202 1135 3244 Domino
1162 3201 1267 3244 salu..

274 3255 404 3298 briter
417 3258 610 3312 expedire
624 3288 635 3300 .

393 3316 626 3371 Expositum
652 3316 848 3373 fiquidem
876 3321 1006 3362 Nobis
1035 3333 1161 3375 nuper
1187 3318 1262 3365 fuit

272 3383 349 3427 pro
373 3384 488 3428 parte
502 3377 742 3422 dilectorum
765 3379 961 3421 Filiorum
981 3381 1166 3424 Fratrum
1180 3381 1261 3420 Or-

273 3430 382 3473 dinis
398 3433 528 3478 Beatae
552 3435 688 3477 Mariae
702 3436 754 3479 de
771 3438 965 3485 carmelo
985 3436 1260 3484 Discalceato-

273 3503 365 3532 rum
382 3502 729 3551 nuncupatorum,
762 3498 1105 3553 Congregationis
1123 3494 1259 3546 Hispa—

273 3548 431 3593 niarum
445 3580 461 3603 ,
474 3566 520 3595 ac
538 3555 727 3596 Fratrum
749 3554 915 3601 Ordinis
940 3557 1146 3597 Minorum
1162 3558 1257 3596 San„

274 3608 328 3650 cti
349 3610 551 3654 Francisci
578 3610 876 3667 Capuciuorum
907 3623 1259 3668 nuncupatorum,

272 3669 495 3711 Provinciae
524 3670 762 3722 Aragoniae‚
790 3672 897 3726 quod
924 3673 1009 3728 post
1028 3673 1187 3727 longam
1206 3670 1256 3712 li·
1316 3670 1392 3711 do:

1820 1410 1967 1460 varias
1982 1443 1994 1457 .

1838 1544 1919 1579 lv.

1103 1716 1338 1734 *ιι-
1348 1715 2334 1734 ’---------ι-

1337 1853 1422 1895 &os
1437 1851 1561 1894 etiam
1587 1854 1710 1896 Filios
1728 1855 1912 1897 Priorem
1928 1881 1942 1906 ,
1967 1853 2007 1895 &
2031 1855 2337 1895 Conventunu

1337 1910 1565 1967 primodicffti
1594 1914 1764 1955 Ordinis
1793 1912 1942 1968 Oppidi
1972 1914 2024 1956 de
2051 1913 2259 1954 Tamarite
2283 1908 2335 1948 de

1339 1971 1475 2015 littera
1492 1970 1699 2016 Illerdenfi
1718 1972 1912 2015 Dioecefis
1928 1986 1976 2014 ex
1991 1985 2067 2016 una
2084 1999 2098 2022 ,
2118 1971 2157 2011 &
2173 1971 2336 2012 Fratres

1338 2032 1571 2084 Capucinos
1596 2032 1804 2086 praedietos
1824 2045 1871 2078 ex
1892 2031 2028 2077 altera
2045 2029 2252 2086 partibus,
2266 2026 2336 2091 de,

1339 2089 1380 2126 &
1407 2089 1521 2139 stlper
1548 2088 1790 2135 fundatione
1821 2105 1930 2133 novae
1952 2087 2105 2135 Domus
2123 2086 2336 2141 Regularis

1339 2156 1414 2196 per
1430 2142 1559 2184 dictos
1582 2149 1744 2191 Fratres
1758 2149 1990 2201 capucinos
2013 2149 2055 2189 in
2079 2148 2188 2188 dicto
2203 2142 2337 2200 Oppi·

1336 2201 1391 2244 do
1408 2197 1591 2244 facienda
1605 2229 1620 2251 ‚
1634 2204 1698 2245 cui
1713 2203 1826 2261 juxta
1838 2205 2160 2246 Conllitutiones
2178 2203 2334 2244 felsec.

1337 2259 1566 2305 Clementis
1583 2263 1705 2306 vul.
1719 2288 1733 2315 2
1748 2265 1787 2309 &
1803 2264 1998 2318 Gregorii
2017 2264 2112 2306 XV.
2131 2264 2337 2303 Romano-

1339 2328 1430 2356 rum
1447 2316 1694 2361 Pontificum
1718 2321 2052 2372 praedecefforum
2078 2321 2305 2362 nostrorum
2319 2346 2335 2369 ‚

1338 2386 1385 2415 ac
1402 2371 1576 2414 nostram
1595 2373 1767 2428 desuper
1783 2377 1935 2417 editam
1949 2401 1963 2422 ,
1988 2377 2221 2432 primodiffi
2236 2378 2336 2417 F-ra-

1337 2441 1419 2474 tres
1435 2431 1475 2474 se
1500 2433 1761 2486 opponebant
1776 2432 1847 2475 sub
1860 2442 2056 2488 praetextu
2080 2432 2332 2491 praejudicii,

1335 2491 1445 2546 quod
1466 2489 1730 2546 eleemosynae
1746 2505 1827 2534 non
1858 2490 2084 2539 sufficerent
2098 2518 2112 2540 ‚
2137 2492 2176 2535 δι
2194 2489 2332 2534 dilecti

1333 2549 1426 2593 Filii
1456 2548 1733 2599 Univerfitas,
1758 2552 1798 2591 δι
1828 2550 2012 2597 homines
2037 2548 2132 2594 dieti
2146 2548 2297 2606 Oppidi
2316 2576 2330 2600 ‚

1333 2607 1546 2650 occafione
1581 2607 1766 2663 praedit-*ta
1792 2607 2081 2656 introducendi
2110 2606 2212 2666 ipsos
2229 2610 2330 2650 Fra-

1335 2676 1417 2708 tres
1433 2668 1669 2724 Capucinos
1693 2667 1729 2709 in
1745 2667 1952 2710 nonnullis
1969 2681 2018 2709 ex
2048 2665 2245 2720 praemiffis
2260 2691 2274 2714 ι,
2287 2668 2328 2708 &

1334 2727 1544 2768 conventis
1559 2740 1651 2769 cum
1665 2727 1870 2771 Fratribus
1893 2724 2141 2782 primodie-tis
2164 2724 2203 2765 in
2217 2723 2324 2766 limi-

1333 2800 1382 2828 ne
1400 2784 1648 2831 fundationis
1671 2783 1849 2828 deficere
1872 2784 2165 2838 intendebant,
2189 2779 2325 2829 licet&

1331 2857 1401 2898 40.
1419 2844 1584 2887 circiter
1602 2845 1715 2892 annis
1731 2844 2032 2888 observassent:
2065 2842 2229 2887 tandem
2249 2853 2320 2882 Ve-

1333 2906 1381 2948 ro
1409 2903 1530 2946 causa
1547 2903 1767 2961 hujusmodi
1796 2906 1845 2948 ad
1869 2902 2130 2951 Venerabiles,
2158 2902 2319 2947 Fratres

1333 2963 1485 3005 nostros
1512 2966 1552 3007 S.
1568 2966 1619 3006 R.
1636 2964 1957 3011 E-Cardinales,
1987 2960 2158 3018 negotiis
2174 2960 2319 3013 Regu-

1332 3020 1475 3064 larium
1492 3022 1720 3078 praepofitos
1733 3022 1958 3071 devoluta,
1986 3023 2144 3063 Fratres
2168 3017 2316 3060 utrius.-

1331 3096 1407 3133 que
1421 3082 1588 3124 Ordinis
1611 3080 1829 3135 hujusmodi
1844 3079 1894 3121 ad
1909 3079 2094 3128 tollenda.
2111 3074 2312 3127 scandala,

1330 3143 1369 3184 &
1390 3139 1631 3194 Religiosam
1648 3139 1887 3186 charitatem
1913 3139 2113 3196 perpetuo
2127 3138 2314 3236 ‚Xraeser-

1330 3201 1402 3241 tim
1426 3200 1463 3239 in
1487 3198 1594 3241 dicto
1609 3196 1769 3253 Oppido
1784 3196 2092 3242 conservandam
2119 3211 2140 3238 a
2185 3193 2310 3236 infra-

1323 3257 1512 3313 scriptam
1530 3256 1600 3298 sub
1622 3254 1754 3298 nostro
1766 3282 1780 3303 a
1795 3257 1834 3299 δε
1859 3257 1973 3298 Sedis
1987 3255 2226 3311 Apostolicae
2241 3254 2307 3297 be-

1322 3316 1526 3371 neplacito
1555 3315 1815 3366 devenerunt
1838 3315 2127 3366 concordiam,
2158 3313 2306 3356 videli-

1321 3385 1386 3418 cet
1400 3402 1413 3424 ,
1427 3374 1534 3429 quod
1550 3377 1594 3419 P.
1609 3374 1853 3417 Procurator
1871 3373 2086 3417 Generalis
2102 3373 2304 3420 Carmeli-

1320 3444 1447 3477 tarum
1461 3428 1986 3483 Discalceatorum,nomine
2002 3433 2096 3480 diffl
2116 3431 2172 3477 sui
2190 3434 2303 3473 Con-

1322 3491 1464 3535 ventus
1480 3492 1630 3546 praestat,
1646 3489 1753 3535 suum
1769 3490 2001 3537 consensum
2015 3520 2029 3543 ,
2057 3501 2101 3536 ut
2128 3493 2205 3535 ΡΡ.
2222 3491 2301 3532 Ca·

1323 3552 1453 3608 pucini
1484 3549 1652 3593 fundent
1669 3552 1930 3594 Conventum
1958 3551 1996 3597 in
2011 3551 2119 3595 dieto
2136 3549 2298 3604 Oppido

1319 3610 1387 3653 sub
1402 3608 1634 3653 conditione
1650 3610 1712 3655 a&
1727 3623 1805 3651 non
1827 3611 1946 3655 aliter
1961 3639 1974 3661 ,
2000 3624 2071 3655 nec
2096 3608 2178 3651 alio
2204 3623 2294 3650 mo-

1420 3668 1546 3727 Qod
1576 3667 1847 3718 Univerfitas‚
1872 3668 1937 3711 seu
1956 3666 2181 3710 Confilium
2197 3667 2292 3710 dini

273 3739 359 3771 tem
373 3729 413 3771 in
437 3729 616 3786 partibus
629 3728 794 3781 diverfis
812 3731 1019 3781 instantiis,
1034 3732 1138 3772 inter
1154 3729 1255 3771 dile·
1316 3726 1611 3784 Oppid521urati
1626 3727 1702 3768 &c.
1716 3727 1934 3782 dignentur
1946 3727 2127 3782 praestare
2142 3752 2154 3775 2
2165 3729 2206 3769 δε
2219 3728 2293 3770 mi-

2179 3790 2240 3831 ni—
