2638 4088
1085 131 1594 247 Castellae.
1663 182 1666 185 >
2127 148 2284 251 363

332 274 698 327 contenderunt.
726 279 796 327 Ex
811 274 955 326 fundo
984 277 1128 326 erexit
1154 278 1288 326 illum
1317 277 1366 325 in
1396 279 1603 328 Civitate
1642 274 1869 326 Toletana
1896 278 1954 326 ad
1991 282 2135 346 ripam
2163 288 2351 336 celebris

322 344 531 398 fluminis
549 349 671 418 Tagi
702 346 1093 399 Eminentiffimus
1128 350 1464 397 D.Bernardus
1495 346 1729 398 Sandoval
1750 347 1798 400 ὃς
1829 352 2016 405 Roxas,
2043 354 2354 422 Archiepisco-

315 432 405 488 pus
421 419 694 478 ToletanuS,
710 417 1083 470 Excellentiffimi
1103 421 1244 469 Ducis
1277 417 1333 467 de
1354 422 1519 467 Lerma
1538 416 1853 469 Consobrinus
1871 455 1887 477 ,
1911 417 2086 486 fuitque
2108 422 2224 469 illius
2254 424 2354 490 pos-

317 485 451 538 seffio
465 505 515 552 4.
532 490 697 541 Martii
731 501 821 541 161
836 508 878 543 1.
895 492 972 538 Fr.
993 489 1172 539 Didaco
1188 489 1214 538 a
1232 490 1447 557 Quiroga
1466 486 1583 537 infra
1600 490 1967 539 commendando
1983 489 2088 539 data
2116 491 2163 537 in
2193 508 2348 543 monu-

317 572 530 609 mentum
546 561 733 620 amoris,
754 578 849 628 quo
867 562 1045 609 Fratres
1062 561 1125 609 ita
1150 559 1362 627 deperiit,
1384 573 1436 608 ut
1465 557 1554 609 fine
1585 561 1637 608 iis
1666 563 1818 611 vivere
1845 579 1934 610 non
1958 559 2078 628 posse
2100 559 2350 610 videretur:

319 628 429 680 hinc
446 629 495 682 ὃ(
514 630 947 682 Excellentiffimam
964 628 1202 681 Ducissam
1217 628 1271 679 de
1291 631 1561 680 Terranova
1581 630 1638 679 ad
1655 635 1953 682 Conventum
1969 629 2353 699 Complutensern

316 697 673 753 construendum
698 719 819 752 anno
845 709 992 764 1613.
1011 696 1219 751 induxit.
1249 698 1496 768 Postquam
1530 700 1578 751 ὅ(
1612 701 2019 751 Excellentissimus
2050 703 2262 751 Marchio
2296 701 2354 750 de

318 769 470 823 Pobar
503 771 552 824 ὅς
586 772 791 841 Malpica
827 777 1131 825 Conventum
1163 774 1208 821 in
1235 772 1364 822 Villa
1394 771 1450 821 de
1480 772 1665 829 Cubas,
1693 775 1892 839 quinque
1933 775 2074 821 leucis
2106 774 2130 823 a
2153 773 2353 822 Matrito

314 839 472 893 diffita
490 878 507 901 ,
531 839 579 894 ἃ
597 844 740 893 aliurn
782 843 828 893 in
855 844 1043 894 Ditione
1065 841 1272 894 Castellae
1299 843 1468 892 veteris
1485 878 1500 901 ,
1530 840 1578 893 ὅ(
1612 842 1907 892 celeberrima
1929 845 2130 894 Civitate
2149 846 2355 894 Salman-

320 912 418 962 tina
435 912 770 964 Illustriffimus
801 915 1071 981 D-joannes
1102 913 1158 964 de
1187 915 1312 963 Mier
1347 912 1396 964 ὅ(
1433 914 1640 980 Noriega
1660 917 1756 973 jam
1787 910 2036 963 fundassent
2060 949 2076 971 ,
2106 913 2352 983 regiaque-2

318 985 593 1035 Conventus
633 980 880 1033 aedificandi
913 981 1134 1034 facultate
1176 984 1234 1033 ad
1272 985 1566 1044 Provinciam„
1603 985 1815 1033 Baeticam
1861 983 1937 1033 seu
1972 985 2232 1035 Andalufiae
2275 1004 2352 1034 ex-

313 1053 438 1102 tensss
470 1087 488 1111 ,
523 1051 888 1121 Antiquarienfis
915 1052 963 1105 ἃ
995 1053 1287 1105 Granatenfis
1317 1054 1448 1104 suum
1475 1050 1725 1123 attigissent
1751 1058 1933 1105 culmen
1961 1090 1977 1113 ,
2004 1054 2356 1106 Commissarius

314 1123 531 1175 omnibus
557 1127 719 1175 Frater
748 1125 1021 1192 Seraphinus
1055 1126 1081 1173 a
1115 1125 1311 1184 Politio‚
1335 1126 1506 1176 virtute
1525 1120 1571 1175 ὃ(
1593 1125 1726 1193 signis
1757 1128 1935 1185 clarus,
1967 1125 2146 1193 praefuit
2186 1124 2357 1192 usque„

314 1193 375 1245 ad
404 1211 574 1244 annum
609 1204 758 1259 1615.
778 1231 795 1254 ,
815 1211 904 1263 quo
943 1194 991 1246 ὅ(
1026 1194 1301 1246 Definitores
1326 1195 1372 1248 ὅ(
1398 1195 1653 1246 Guardiani
1688 1198 1731 1244 in
1766 1199 1984 1247 Comitiis
2008 1196 2354 1247 Custodialibus

311 1262 501 1315 fuerunt
529 1265 660 1315 elee'ti
687 1302 704 1325 ,
731 1283 849 1318 anno
881 1267 995 1317 vero
1033 1270 1182 1316 1618.
1225 1266 1412 1317 instante
1446 1273 1574 1337 Rege
1611 1268 1858 1317 Catholico
1890 1304 1904 1325 ,
1931 1266 1979 1317 <Sc
2011 1272 2168 1316 Romae
2193 1267 2354 1317 Cardi-

312 1338 414 1384 nale
442 1335 499 1385 de
529 1337 701 1406 Borgia
732 1373 749 1396 ,
792 1338 945 1406 Regio
971 1339 1174 1389 Oratore
1205 1353 1420 1406 operante
1451 1374 1468 1396 ,
1515 1337 1737 1390 Custodia
1772 1337 1979 1388 Castellae
2020 1335 2067 1386 ὅ(
2095 1337 2355 1386 Andalufiae

308 1406 496 1455 Matriti
530 1424 612 1468 30.
643 1407 926 1477 Septembris
956 1407 1067 1459 disti
1091 1409 1196 1459 anni
1224 1410 1271 1459 in
1290 1409 1541 1478 Capitulo,
1577 1413 1622 1458 in
1662 1411 1951 1459 Provinciam
1985 1404 2073 1455 fuit
2102 1407 2275 1463 eredta,
2310 1420 2359 1455 et

311 1479 391 1525 Fr.
423 1478 680 1528 Bernardus
712 1481 735 1527 a
766 1481 1026 1539 Quintanar
1077 1478 1313 1546 utriusque
1347 1482 1488 1548 partis
1529 1479 1734 1530 Minister
1777 1478 2076 1529 Provincialis
2107 1480 2358 1545 proclama-

310 1561 413 1598 tus.
446 1551 622 1617 Rumpi
657 1562 810 1599 autem
841 1551 1071 1600 charitatis
1103 1565 1148 1600 et
1175 1552 1387 1620 gubernii
1410 1566 1681 1621 compagem
1714 1551 1849 1600 citius
1889 1550 2028 1617 quam
2054 1548 2357 1607 credebatur,

310 1633 413 1668 tum
442 1617 502 1667 ob
535 1622 809 1671 Conventus
839 1637 894 1670 ex
929 1636 1120 1689 utraque
1140 1636 1268 1690 parte
1300 1621 1521 1672 adautftos
1542 1638 1672 1680 ,tum
1701 1622 1760 1671 ob
1793 1639 1954 1671 eorum
1977 1623 2093 1668 inter
2120 1618 2161 1667 se
2196 1617 2356 1667 distan-

310 1690 423 1739 tiam
457 1687 681 1741 necessum
715 1687 842 1751 fuit3
894 1693 998 1742 hinc
1043 1710 1162 1742 anno
1195 1701 1344 1755 1625.
1379 1694 1576 1760 quinque
1607 1697 1876 1744 Conventus
1923 1692 2075 1741 Baetici
2105 1689 2131 1737 ὲ
2165 1691 2356 1739 Provin-

307 1762 377 1809 cia
406 1757 534 1809 fuere
565 1778 671 1810 cum
694 1758 929 1811 Custodiae
949 1763 1090 1811 titulo
1116 1760 1343 1831 segregati
1366 1799 1382 1820 ,
1415 1765 1659 1812 Provincia
1679 1763 1886 1812 Castellae
1913 1764 1969 1811 ad
1995 1781 2041 1821 7.
2062 1763 2238 1809 Domos
2259 1765 2357 1824 jam

305 1826 530 1880 formatas
547 1864 564 1887 ,
593 1845 639 1880 et
663 1830 771 1880 alias
790 1832 835 1880 in
864 1829 1035 1880 fabrica
1065 1833 1327 1881 constitutas
1353 1833 1585 1900 protensai,
1591 1837 1670 1895 jus
1691 1834 1940 1882 Provinciae
1965 1833 2186 1880 retinente
2206 1867 2218 1880 .

447 1902 559 1966 Qo
587 1898 746 1951 favore
764 1937 781 1959 ,
806 1915 852 1951 et
879 1901 1044 1968 quibus
1070 1904 1231 1971 gratiis
1254 1904 1534 1953 Sereniffimi
1555 1908 1703 1969 Reges
1726 1922 1825 1953 eam
1861 1901 2037 1971 semper
2064 1901 2271 1970 prosequi
2290 1902 2356 1951 di·

307 1972 438 2042 gnati
459 1971 577 2029 fint,
589 1970 825 2040 perspicue
843 1971 1035 2022 infertur
1054 1987 1155 2022 tum
1184 1991 1238 2022 ex
1267 1974 1471 2035 honore,
1506 1992 1596 2041 quo
1627 1975 1824 2042 Philippi
1862 1978 1959 2023 111.
1996 1976 2258 2041 exemplum
2291 1971 2355 2021 se-

307 2043 481 2091 stantes
497 2078 514 2101 ,
537 2041 806 2091 Ministrum
828 2045 1106 2092 Generalem
1136 2047 1251 2092 inter
1284 2048 1530 2112 Magnates
1561 2047 1721 2112 primae
1755 2044 1900 2095 classis
1920 2053 1942 2106 (
1963 2045 2086 2110 quod
2120 2047 2164 2092 in
2190 2041 2356 2111 Hispa-

307 2113 396 2160 niis
433 2110 558 2177 aeque
588 2129 641 2159 ac
674 2111 836 2176 ubique
870 2112 1082 2158 locorum
1115 2113 1305 2157 maximi
1338 2114 1515 2161 decoris
1559 2131 1909 2165 monumentum
1943 2116 2001 2164 est
2022 2124 2042 2176 )
2062 2122 2190 2178 Juxta
2220 2119 2354 2176 jam-³

301 2179 440 2249 supra
463 2180 543 2230 fol.
555 2180 803 2242 306.di&a
824 2176 1057 2229 ascribunt
1071 2217 1086 2238 ,
1107 2194 1247 2246 prout
1268 2178 1508 2229 novissime
1530 2184 1948 2231 Reverendiffimus
1968 2189 2017 2231 P.
2034 2183 2355 2250 Sigismundus

304 2252 555 2300 {Ferraria
583 2248 959 2298 excellentiffimo
976 2252 1261 2314 Magnatum
1295 2253 1444 2299 Coetu
1471 2252 1720 2300 comitante
1754 2252 1811 2300 ad
1846 2253 2046 2320 Regium
2081 2253 2246 2301 solium
2276 2253 2359 2302 du·-

304 2320 438 2377 ξῒιιε,
474 2316 864 2368 Excellentiffimo
891 2318 1094 2365 Domino
1127 2334 1179 2364 ac
1207 2319 1337 2364 Duce
1363 2317 1419 2364 de
1452 2319 1788 2367 Medina—Coeli
1820 2355 1834 2374 ‚
1879 2323 1925 2367 in
1960 2337 2202 2384 patronatu
2233 2327 2356 2373 Con-

240 2443 243 2445 ,
310 2389 476 2441 ventfis
501 2394 547 2440 S.
568 2388 761 2437 Antonii
795 2386 939 2436 Ducis
971 2384 1028 2434 de
1060 2389 1225 2434 Lerma
1251 2386 1452 2443 haerede,
1472 2404 1522 2434 ac
1555 2388 1630 2452 pio
1651 2401 1757 2454 erga
1788 2387 2023 2434 Ordinem
2058 2390 2261 2439 nostrum
2287 2391 2351 2440 af-

311 2459 436 2510 fe&u
460 2455 721 2510 Successore
743 2493 759 2516 ,
790 2458 1029 2506 Patrinum
1061 2470 1222 2524 agente
1239 2492 1255 2513 ,
1280 2458 1303 2504 εὶ
1330 2455 1644 2505 Potentiffimo
1686 2460 1812 2522 Rege
1840 2456 2127 2505 Ferdinando
2155 2462 2245 2508 VI.
2262 2459 2354 2511 fuit

308 2528 589 2599 adscriptus:
621 2543 722 2578 tum
740 2546 795 2577 ex
809 2524 1007 2585 officiis,
1035 2526 1198 2593 quibus
1216 2530 1392 2575 Fratres
1424 2525 1730 2594 distinguunt,
1759 2527 1848 2582 ita,
1880 2527 1970 2574 uta
1986 2527 2240 2592 primordio
2270 2529 2351 2580 suo

308 2599 448 2669 usque
478 2600 535 2650 ad
559 2597 749 2668 praesens
770 2613 951 2667 tempus
974 2596 1149 2665 semper
1177 2611 1296 2654 tres,
1325 2612 1521 2664 quatuor
1540 2632 1554 2653 ,
1577 2599 1650 2645 vel
1682 2598 1816 2644 etiam
1857 2597 2008 2662 plures
2039 2599 2346 2650 Concionato.

303 2691 375 2724 res
403 2673 578 2741 Regios
601 2690 656 2731 ex
682 2688 877 2727 munere,
903 2667 1084 2738 speciali
1111 2666 1219 2717 notei
1247 2667 1409 2736 dignos
1446 2669 1686 2717 Provincia
1713 2667 2046 2722 numeraverit,
2067 2667 2188 2715 haud
2216 2672 2347 2722 aliter

304 2761 358 2794 ac
387 2745 535 2801 alios,
574 2755 620 2790 et
648 2755 721 2790 tot
749 2776 766 2798 ,
808 2755 912 2789 tum
940 2741 986 2787 in
1015 2736 1369 2804 Qalificatores
1415 2736 1632 2804 supremae
1679 2739 1723 2784 in
1752 2735 1970 2804 Hispania
2004 2734 2344 2803 lnquifitionis,

304 2830 485 2863 necnon
514 2809 827 2861 Miffionarios
847 2807 1139 2878 Apostolicos
1162 2808 1219 2858 ad
1247 2807 1539 2877 spargendam
1572 2811 1617 2857 in
1650 2808 1791 2856 Indiis
1810 2809 2044 2876 Evangelii
2080 2805 2345 2870 sementem,

303 2882 495 2933 selessos
529 2881 674 2931 vidit:
708 2895 808 2931 tum
836 2899 894 2931 ex
920 2878 1219 2939 liberalitate,
1253 2898 1342 2946 qua
1378 2885 1583 2930 Domum
1617 2878 1848 2928 Fratribus
1880 2873 2010 2946 supra
2040 2894 2343 2930 memoratam

306 2955 545 3022 Philippus
573 2955 675 3002 111.
708 2950 961 3001 construxit
987 2986 1003 3009 ,
1046 2963 1091 2999 et
1123 2968 1210 3016 qua
1234 2954 1433 3020 Magnus
1458 2951 1691 3018 Philippus
1722 2953 1809 2999 lV.
1843 2952 2136 2998 Conventum
2167 2952 2342 3001 Patien-

306 3026 380 3075 tiae
414 3020 585 3076 Christi
615 3037 959 3090 nuncupatum,
993 3034 1041 3070 et
1077 3023 1192 3070 intra
1216 3023 1399 3073 Matriti
1429 3024 1601 3071 moenia
1631 3030 1775 3082 1637.
1795 3019 1993 3066 erenum
2014 3056 2026 3074 ‚
2045 3023 2256 3069 Fratrum
2277 3023 2339 3070 in-

304 3096 478 3145 colatui
506 3111 614 3144 cum
645 3091 815 3143 selee'tu
845 3091 1086 3143 destinavit
1103 3126 1117 3149 ,
1155 3095 1401 3142 Patronatu
1428 3090 1719 3143 Sereniffimae
1745 3093 1922 3157 Reginae
1945 3087 2208 3139 Elisabethae
2227 3096 2336 3141 Bor-

306 3164 457 3216 boniae
490 3166 697 3235 Conjugi
729 3163 847 3223 suae,
873 3163 930 3214 ad
963 3165 1057 3231 pias
1090 3166 1181 3226 ejus
1204 3162 1430 3212 instantias
1465 3163 1648 3218 ῑεΗὲὶο,
1677 3162 1738 3209 ita
1764 3175 1815 3208 ut
1839 3163 2020 3209 Domus
2051 3162 2207 3224 primae
2238 3160 2334 3212 fun-

301 3236 504 3287 dationis
527 3240 711 3306 Regum
731 3272 747 3294 ,
772 3233 963 3286 secunda
998 3234 1277 3302 Reginarum
1307 3247 1548 3302 patronatu
1576 3231 1822 3280 illustretur
1841 3267 1851 3279 .
1890 3233 1991 3279 Nec
2027 3234 2072 3278 in
2102 3231 2188 3279 hoc
2213 3231 2333 3282 stetit

303 3308 504 3375 Philippi
531 3311 625 3358 IV.
652 3306 872 3366 devotio,
910 3304 983 3355 sed
1008 3305 1165 3355 audito
1200 3308 1350 3355 aerem
1381 3301 1648 3355 Conventus
1683 3302 1815 3351 Pardi
1851 3301 1875 3348 a
1900 3300 2102 3370 glorioso
2138 3300 2218 3351 suo
2255 3309 2331 3353 Pa-

302 3392 372 3428 tre
408 3375 655 3427 construsti
683 3414 699 3436 ,
728 3377 860 3427 saluti
887 3381 1100 3427 Fratrum
1139 3394 1300 3427 nocere
1335 3411 1349 3434 ,
1380 3377 1523 3424 alium
1556 3376 1600 3421 in
1635 3374 1795 3421 altiore
1829 3387 1875 3421 et
1907 3371 2153 3422 salubriore
2178 3376 2280 3422 loco
2301 3379 2326 3426 ὲ

302 3446 610 3498 fundamentis
643 3447 885 3498 aedificavit
916 3484 932 3507 ,
966 3448 1158 3516 Capellai
1186 3450 1230 3495 in
1268 3447 1487 3496 honorem
1523 3448 1668 3493 Beatae
1696 3447 1755 3491 V.
1779 3445 1934 3492 Mariae
1966 3441 2046 3491 sub
2072 3445 2209 3493 titulo
2243 3448 2324 3494 Pa-

301 3520 367 3568 cis
396 3554 414 3577 ,
443 3518 472 3566 ὲ
506 3517 712 3587 Regibus
738 3519 862 3584 aeque
884 3555 900 3577 ,
931 3538 982 3568 ac
1011 3520 1036 3566 ὲ
1063 3519 1235 3586 populo
1266 3517 1412 3567 adhuc
1443 3515 1771 3581 frequentatam
1795 3549 1809 3570 ,
1841 3515 1883 3562 in
1913 3516 2076 3581 prioris
2106 3517 2323 3563 Conven-

299 3589 374 3642 tfis
403 3587 490 3638 fitu
520 3588 676 3638 relista‘i
710 3625 723 3637 .
762 3592 876 3638 Fato
904 3589 1053 3639 eidem
1086 3607 1191 3637 cum
1222 3603 1265 3638 et
1305 3592 1603 3638 Conventum
1636 3585 1912 3634 Toletanum
1931 3583 2020 3642 ,ad
2047 3586 2162 3650 ripas
2195 3586 2316 3654 Tagi

300 3658 452 3729 primo
475 3659 754 3709 collocatum
770 3694 787 3717 ,
810 3658 1060 3710 obnoxium
1080 3656 1273 3709 novisset
1290 3695 1306 3716 ,
1333 3660 1470 3707 alium
1502 3658 1616 3704 intra
1636 3656 1887 3705 Civitatem
1916 3657 1961 3703 in
1990 3653 2153 3702 eodem
2182 3656 2285 3703 loeo
2299 3693 2317 3715 ,

297 3749 389 3801 quo
422 3735 475 3782 S.
499 3729 724 3781 Leocadia
751 3730 905 3800 Virgo
937 3743 985 3780 et
1014 3733 1202 3795 Martyr
1217 3765 1234 3790 ,
1253 3729 1472 3781 Concivis
1501 3741 1545 3774 et
1576 3728 1797 3784 Patrona,
1817 3723 2060 3792 squallores
2089 3726 2280 3775 carceris
2298 3763 2315 3787 ,

437 3800 561 3854 Tom.
583 3800 639 3853 V.
1490 3801 1535 3848 Z
1551 3815 1578 3847 z
2138 3813 2254 3845 mar-
