2756 4074
576 199 2247 450 ELENCHUsm

2236 172 2302 256 ‘x

397 510 2263 639 SUMMARIORUM

293 700 480 823 Qae
519 671 833 791 Litteris
858 699 1390 820 Apostolicis,
1426 707 1795 794 Decretis
1826 710 1986 799 &a
2011 716 2093 799 in
2116 707 2354 829 hujus

341 817 681 911 V-Tomi
713 819 959 908 Parte
958 819 1317 937 secunda
1350 832 1725 914 contentis
1735 848 2305 950 praeponuntur.

286 1008 759 1063 MONUMENTA
798 1009 1245 1062 APOSTOLICA
1272 1047 1284 1062 .

414 1167 482 1210 Vel
507 1179 632 1209 onmes
661 1193 676 1217 ,
709 1166 774 1208 vel
795 1167 932 1221 plures
962 1164 1165 1222 Hispania·

519 1228 747 1271 Provincias
768 1230 1037 1270 concernentia
1051 1256 1063 1268 .

349 1420 355 1431 ,
502 1397 578 1442 5„
619 1377 667 1423 N
689 1377 860 1443 Regnis
894 1374 1225 1445 Hispaniarum
1257 1375 1285 1425 ὲ

305 1431 416 1510 ξ’,ᾗι
507 1442 575 1505 4ξῖ
645 1446 880 1497 Fratribus
919 1446 1200 1498 Monasteria
1235 1445 1285 1500 ὅ(

347 1513 349 1520 ’
398 1529 412 1546 ⁴
512 1519 584 1583 gast
644 1519 825 1567 Domos
845 1521 1098 1590 Regulares
1123 1520 1286 1587 recipi,

540 1613 584 1649 „s
643 1585 691 1638 ὅ(
708 1588 906 1639 construi
923 1589 1045 1659 poffe
1060 1592 1281 1651 declarat,

307 1659 325 1665 '⁴
361 1664 387 1672 '⁷
641 1659 970 1712 constitutione
1017 1665 1274 1714 Clementis

276 1718 438 1769 VIII.
469 1738 559 1772 non
576 1726 784 1783 obstante
807 1732 981 1784 ‘Paulus
1005 1734 1058 1785 V.
1180 1753 1205 1783 2
1211 1752 1278 1798 95

352 1792 534 1841 Fratres
553 1798 729 1851 nostros
744 1805 790 1852 in
810 1803 1118 1855 Confeffarios
1132 1821 1282 1854 extra-

278 1858 540 1910 ordinarios
571 1871 855 1919 Monialium
874 1875 1215 1939 capucinarum
1236 1875 1280 1919 in

279 1930 394 1976 locis
425 1928 476 1979 ὅ(
507 1936 797 1987 Dioecefibus
818 1941 1030 2003 expreffis
1061 1940 1118 1987 ab
1138 1943 1282 1987 Ordi-

273 1998 411 2044 nariis
436 1998 669 2064 privative
701 2005 912 2070 deputari
945 2025 960 2064 3
1007 2005 1063 2054 ab
1091 2006 1158 2054 his
1186 2008 1281 2054 illa·

272 2084 380 2116 >rum
414 2069 693 2123 Monasteria
739 2072 878 2125 semel
915 2072 1075 2126 saltem
1119 2094 1285 2125 annua-

273 2140 360 2187 tim
380 2136 584 2203 vifitari3
602 2145 705 2195 loca
723 2144 1049 2206 Confeffionis‚
1066 2145 1116 2200 &
1135 2151 1280 2199 Com-

269 2211 508 2262 munionis
533 2216 610 2264 vel
626 2234 763 2267 muro
779 2219 967 2277 claudi,
995 2220 1073 2269 vel
1105 2221 1149 2268 in
1165 2220 1280 2269 locis

267 2280 465 2349 publicis
483 2288 649 2352 aperiri
661 2288 796 2353 jubet
811 2326 826 2349 ,
842 2289 890 2342 ὅ(
906 2293 1131 2342 Mulieres
1149 2288 1282 2340 saecu·

267 2355 384 2409 lares
417 2354 462 2402 in
492 2357 679 2410 illarum
701 2361 978 2412 Monasteria
998 2361 1088 2414 fine
1106 2360 1280 2431 express

267 2421 313 2472 sa
351 2425 589 2478 Pontificia
621 2433 807 2483 licentia
855 2434 1012 2485 induci
1061 2433 1276 2501 prohibet

268 2494 471 2548 Urbanus
497 2497 630 2551 VIII.
1170 2524 1195 2553 2
1204 2513 1275 2566 96

342 2571 600 2623 Decretum
624 2573 888 2626 Definitorii
908 2577 1134 2649 generalis
1151 2613 1166 2635 ,
1184 2577 1271 2624 cir·

267 2657 320 2688 ca
354 2642 575 2709 Capitula
612 2649 918 2700 provincialia
945 2653 988 2699 in
1018 2648 1276 2717 Hispania,

263 2707 313 2761 ὅ(
338 2713 567 2782 pra-cipue
598 2718 644 2766 in
679 2720 921 2771 Provincia
940 2721 1166 2771 Valentiae
1189 2717 1276 2767 dea

266 2783 468 2832 triennio
506 2787 550 2834 in
568 2790 816 2837 triennium
836 2789 1106 2840 celebranda
1125 2826 1141 2849 ,
1172 2806 1277 2838 con-

261 2848 418 2902 firmat
452 2851 716 2907 Innocentius
733 2857 831 2910 XI.
1170 2869 1274 2921 296

333 2925 618 2978 Blestionem
637 2928 956 2979 Discretorum
972 2931 1019 2980 in
1035 2929 1270 2999 utriusque

264 2992 477 3047 Castellae
530 3001 791 3051 Provinciis
829 2999 1025 3072 abrogat
1076 3000 1270 3051 Innocen-

166 3061 171 3071 '
259 3069 346 3115 tius
363 3065 488 3118 XII.
1168 3092 1269 3135 297

331 3137 657 3192 Abolitionem
681 3140 814 3195 Discr
823 3145 988 3196 etalem
1004 3143 1269 3213 praedistam

258 3221 362 3258 tum
383 3209 441 3260 ad
462 3211 670 3281 Castellae
688 3251 703 3274 ,
717 3219 881 3267 veteris
896 3214 944 3267 ὅ(
960 3232 1111 3276 πονε,
1128 3231 1267 3268 turn..

259 3281 434 3331 Baeticae
465 3281 515 3334 ὅ(
547 3284 593 3334 N
599 3303 772 3338 avarrae
811 3288 1080 3340 Provincias
1111 3303 1268 3339 exten-

259 3349 331 3402 dit
345 3389 357 3401 .
381 3350 499 3404 Idem
512 3392 524 3404 .
1162 3363 1262 3421 298

327 3427 435 3476 Nec
453 3444 544 3476 non
567 3426 626 3478 ad
642 3431 898 3482 cataloniae
917 3467 934 3490 ,
953 3430 1198 3490 Valentiae,
1214 3430 1266 3483 ὅ(

261 3494 506 3563 Aragoniae
523 3501 785 3551 Provincias
806 3501 898 3554 ὅτε.
915 3499 1031 3552 Idem
1049 3538 1062 3551 .

1347 1011 1522 1075 fuerat,
1544 1016 1630 1066 hoc
1650 1034 1741 1066 non
1772 1019 1816 1066 in
1835 1016 2118 1069 Definitoriis
2132 1055 2147 1077 ,
2169 1019 2244 1070 sed
2265 1022 2351 1071 im.

1348 1088 1575 1155 Capitulis
1621 1088 1787 1139 habere
1832 1087 1954 1157 posse
1988 1125 2005 1148 ,
2056 1091 2317 1142 declaratur
2336 1128 2349 1142 .

1347 1154 1493 1208 Idem.
2253 1180 2347 1224 301·

1418 1229 1705 1280 Eleffionem
1738 1228 2059 1282 Discretorum
2095 1231 2351 1282 Provinciis

1346 1299 1579 1368 Hispaniae
1596 1299 1809 1353 restituit.
1827 1302 2075 1354 BenediHus
2091 1303 2147 1354 X
2154 1300 2205 1351 lI
2208 1301 2245 1353 Ι.
2253 1322 2345 1366 302

1418 1370 1654 1424 Discretos
1710 1376 2002 1443 Capitulares
2050 1375 2098 1424 in
2133 1375 2349 1425 omnibus

1346 1441 1676 1512 Hispaniarum
1707 1448 1964 1497 Provinciis
2005 1446 2188 1497 noviter
2220 1445 2351 1495 abro-

1342 1529 1459 1584 gat,
1491 1514 1635 1584 iisque
1670 1519 2068 1568 Ex·Provinciales
2095 1554 2110 1576 ‚
2134 1515 2351 1567 Ex-Defi-

1343 1586 1516 1636 nitores
1531 1585 2176 1641 &c.substituit.Bened1H.X1
2190 1589 2240 1639 V.
2247 1607 2311 1651 30
2320 1608 2344 1652 3

1415 1662 1470 1708 ln
1502 1661 1615 1710 locis
1647 1659 1949 1721 Miffionum,
1970 1664 2016 1711 in
2049 1659 2214 1729 quibus
2243 1664 2350 1710 Fra·

1342 1740 1434 1779 tres
1463 1730 1684 1781 Ecclefias
1701 1735 1910 1801 proprias
1936 1751 2028 1783 non
2046 1733 2213 1782 habent
2229 1769 2245 1790 ,
2271 1736 2349 1781 In-

1343 1799 1602 1868 dulgentias
1642 1804 1835 1853 Ordinis
1866 1842 1882 1863 ,
1913 1802 2123 1855 Ecclefiis
2155 1805 2347 1859 Saeculaff

1342 1870 1464 1914 rium
1495 1883 1597 1916 turn
1628 1888 1712 1935 pro
1752 1872 1855 1935 ipsis
1891 1872 2128 1919 Fratribus
2158 1906 2173 1927 ,
2205 1886 2347 1920 tum-

1342 1952 1429 1998 pro
1467 1936 1675 1985 Personis
1713 1936 2000 1990 saecularibus
2029 1946 2347 1992 communicat

1343 1999 1488 2050 Idem.
2241 2028 2340 2073 305

1393 2145 1790 2197 PROVINCIA
1829 2148 2263 2202 CATALONIAE
2280 2186 2294 2201 .

1414 2289 1656 2356 Capellam
1673 2322 1690 2346 ,
1723 2285 1801 2338 seu
1827 2290 2165 2342 Eremitorium
2195 2296 2344 2343 Beata:

1342 2358 1551 2428 Virginis
1572 2362 1733 2410 Mariae
1760 2358 1817 2409 de
1841 2364 1931 2428 Spe
1950 2396 1966 2419 ,
1983 2362 2163 2430 Oppidi
2194 2367 2346 2415 Mata-

1338 2432 1496 2489 ronis,
1525 2448 1632 2480 cum
1666 2434 1827 2480 Domo
1857 2431 1907 2483 δι
1941 2433 2179 2484 Viridario
2197 2438 2343 2493 contif

1333 2501 1471 2569 guis,
1508 2500 1745 2551 Fratribus
1773 2518 1860 2570 pro
1887 2500 2224 2555 construstione
2249 2510 2344 2555 Do-

1333 2566 1441 2620 mfis
1467 2573 1713 2642 Regularis
1743 2572 1934 2623 concedi
1965 2607 1983 2632 ,
2015 2593 2068 2624 ac
2092 2577 2173 2624 hos
2194 2593 2343 2626 cum...

1336 2644 1547 2693 omnium
1577 2645 1931 2712 privilegiorum
1959 2642 2043 2696 usu
2069 2647 2115 2696 in
2143 2663 2248 2696 eam
2277 2649 2343 2696 in-

1336 2712 1444 2763 duci
1484 2715 1741 2765 committit
1775 2714 1930 2766 Sixtus
1954 2715 2010 2766 V.
2238 2734 2262 2780 3
2280 2737 2338 2767 ιο

1407 2784 1674 2851 Apostolica
1695 2786 1966 2837 audioritate
1992 2787 2338 2840 Monasterium

1335 2858 1617 2907 Monialium
1636 2860 1983 2925 Capucinarum
2012 2857 2093 2909 sub
2118 2873 2337 2926 perpetua

1336 2930 1547 2976 Fratrum
1566 2927 1887 2989 jurisdictione
1920 2931 1964 2976 in
1996 2931 2209 2979 Civitate
2230 2933 2335 2980 Bar·

1332 3000 1502 3047 cinonae
1517 2998 1629 3067 erigi
1648 2998 1978 3046 committitur.
1996 3017 2084 3046 cum
2095 3015 2209 3049 nota.
2230 3017 2253 3062 3
2273 3021 2290 3050 1
2307 3022 2326 3051 1

1404 3068 1690 3119 Ereciionem
1715 3065 1984 3117 Monasterii
2009 3070 2353 3123 Monialium-

1331 3140 1651 3210 praedieiarum
1689 3139 1954 3188 Barcinonae
1993 3141 2246 3209 approbat,
2277 3146 2329 3192 iis

1329 3213 1540 3263 omnium
1572 3209 1931 3279 privilegiorum
1966 3210 2160 3262 Ordinis
2197 3212 2328 3264 usum

1329 3282 1542 3334 concedit
1559 3316 1575 3339 ,
1591 3299 1643 3330 ac
1663 3299 1820 3331 curam
1841 3280 2108 3333 Monasterii
2126 3286 2216 3334 loci
2235 3287 2328 3335 Or-

1324 3354 1500 3404 dinatio
1517 3351 1688 3402 addicit
1725 3351 1912 3401 Clemens
1933 3350 2065 3403 VIII.
2227 3375 2252 3417 3
2267 3375 2283 3404 ι
2297 3376 2320 3418 3

1398 3425 1684 3476 Erestionem
1706 3424 1906 3492 praedieti
1921 3423 2189 3475 Monasterii
2203 3460 2218 3482 ,
2233 3431 2325 3493 pri-

1160 3519 1260 3565 300
1322 3500 1599 3567 vilegiorum
1620 3493 1751 3545 usum
1770 3531 1786 3554 ,
1802 3514 1854 3545 ac
1870 3513 2029 3545 curam
2049 3494 2320 3547 Monasterii

328 3566 416 3614 PP-
433 3567 684 3630 Custodes,
703 3570 751 3623 ἃ
765 3572 1165 3624 Ex·Provinciales
1183 3576 1262 3623 im·
1322 3569 1570 3620 confirmat
1594 3566 1765 3618 ‘Paulus
1796 3567 1846 3616 V.
1884 3586 1972 3616 cum
1991 3583 2087 3615 nota
2101 3603 2112 3615 .
2217 3586 2242 3629 3
2255 3587 2274 3620 1
2288 3588 2311 3630 3

257 3634 515 3694 mediatos,
540 3642 586 3689 in
605 3645 780 3711 Regnis
797 3642 1149 3713 Hispaniarum,
1163 3647 1258 3711 qui·

1391 3644 1618 3709 Legatum
1644 3638 1844 3688 duorum
1862 3640 2061 3688 millium
2081 3637 2317 3689 scutorum

251 3703 338 3755 bus
354 3724 433 3775 per
457 3709 738 3774 Apostolicas
757 3717 931 3766 litteras
963 3729 1127 3766 votum
1149 3717 1255 3766 loco
1315 3715 1339 3765 εἷ
1368 3713 1600 3760 ΜίεὴεὲΙε
1629 3707 1891 3760 Grimosats
1928 3727 2035 3758 cum
2073 3726 2209 3758 onere
2245 3724 2316 3759 tot

252 3776 570 3827 Discretorum
601 3780 929 3853 abrogatorum
954 3785 1254 3839 concessum..
1314 3783 1488 3843 Missas,
1505 3781 1554 3835 &
1571 3779 1874 3831 anniversaria
1898 3779 2154 3830 celebrandi
2170 3780 2194 3827 a
2213 3784 2316 3830 Fra·

393 3849 517 3901 Tom.
532 3849 584 3900 V.

1834 3870 1859 3899 c
1899 3872 1924 3900 2
2167 3853 2242 3898 tri-
