2756 4074
667 184 2339 434 ELENCHUS‘

2342 182 2394 239 x

485 485 2352 622 SUMMARIORUM

385 674 570 796 Qae
608 678 924 767 Litteris
950 679 1468 800 aspostolicis,
1504 691 1872 778 Decretis
1904 693 2061 781 &a
2088 700 2170 805 in
2195 692 2437 812 hujus

456 794 556 882 V.
571 791 797 935 Tomi
824 798 1076 890 Parte
1086 806 1353 920 prima
1387 814 1760 898 contentis
1773 833 2325 929 praeponuntur
2343 885 2361 898 .

374 981 847 1058 MONyMENTA
885 989 1371 1045 APOSTOLICA.

497 1140 566 1182 Vel
588 1143 762 1188 omnibus
796 1148 862 1190 vel
883 1147 1069 1203 pluribus
1100 1150 1247 1194 Gallia

616 1203 832 1249 Provinciis
858 1211 1101 1252 communia.

568 1364 594 1430 μ’
626 1369 656 1401 π
694 1358 951 1407 RArRes
987 1356 1162 1409 nostros
1180 1358 1237 1410 ad
1257 1360 1367 1411 Gal-

605 1423 652 1499 ⁴
716 1428 798 1476 lias
824 1426 916 1480 ὅτε.
952 1428 1141 1479 transire
1171 1467 1187 1489 ,
1214 1431 1367 1500 ibique

570 1499 655 1554 ς*
714 1501 894 1550 Domos
925 1536 942 1559 ,
979 1499 1227 1553 Custodias
1263 1540 1279 1563 ,
1316 1502 1367 1555 ὅε

601 1570 655 1642 «ζ’
709 1572 974 1622 Provincias
1023 1569 1214 1626 fundare
1254 1594 1361 1625 con·

708 1640 830 1693 cedit
875 1646 1106 1713 Gregorius
1160 1646 1215 1697 X
1233 1645 1260 1695 1
1275 1644 1358 1697 II.

1224 1718 1354 1769 fol-1

357 1730 447 1762 cum
466 1729 588 1763 nota.

426 1787 485 1833 In
516 1786 713 1842 Galliae,
740 1785 1009 1841 Sabaudiae,
1039 1787 1091 1834 ἃ
1128 1787 1354 1833 Flandriae

350 1851 558 1920 partibus
586 1849 998 1901 Confraternitates
1025 1849 1260 1915 utriusque
1275 1855 1354 1900 Se-

348 1919 434 1969 xlls
459 1915 752 1973 instituendi,
780 1929 861 1964 aut
871 1919 965 1975 jam
987 1913 1229 1970 institutas,
1246 1932 1356 1980 prae-

344 1981 502 2040 sertim
529 1983 611 2036 sub
639 1984 781 2035 titulo
816 1981 1097 2035 Sancliffimi
1124 1983 1352 2051 Corporis

346 2057 554 2116 Christi,
584 2054 646 2107 ad
679 2053 812 2107 usum
836 2053 1080 2122 revocandi
1099 2087 1114 2107 ‚
1136 2057 1214 2104 Fr.
1247 2057 1349 2104 Ma-

344 2131 449 2182 thiae
472 2129 501 2179 a
520 2127 713 2180 Salodio
733 2163 751 2187 ,
778 2123 1107 2178 Commiffario
1127 2127 1348 2177 Generali

341 2200 612 2253 facultatem
628 2236 645 2259 ,
676 2197 726 2251 ἃ
748 2195 1075 2250 confratribus
1091 2233 1107 2256 ,
1131 2216 1183 2248 ac
1215 2200 1346 2248 Con-

340 2270 574 2324 sororibus
585 2306 602 2331 ,
620 2269 834 2339 speciales
850 2267 1157 2339 indulgentias
1180 2270 1344 2339 imper-

342 2345 571 2413 pertitur.
611 2339 727 2392 Idem
747 2379 760 2393 .
1310 2358 1353 2403 3,

410 2414 613 2484 Epistola
639 2416 743 2465 Sac.
759 2412 1154 2483 Congregationis
1186 2410 1338 2480 Episc.

338 2485 391 2539 ἃ
410 2487 582 2557 Regul.
602 2489 784 2536 Fratres
817 2485 863 2534 in
884 2486 1137 2535 Provinciis
1170 2484 1340 2534 Galliae

334 2559 568 2609 Moniales
613 2575 723 2608 cum
752 2557 933 2608 licentia
965 2554 1153 2608 suorum
1199 2559 1341 2622 Supe-

335 2632 515 2680 riorum
534 2627 733 2698 scripta,
766 2627 981 2679 accedere
998 2625 1092 2680 &c.
1104 2624 1228 2697 posse
1254 2626 1343 2676 de-

331 2702 533 2751 claratur
550 2737 563 2750 .
602 2719 692 2750 cum
709 2716 810 2750 nota
834 2737 847 2750 .
1005 2721 1007 2723 ·
1235 2747 1238 2749 Α
1307 2713 1338 2758 5

373 2791 376 2793 ·
401 2770 739 2822 Proceffionem
771 2770 830 2819 ad
844 2775 1052 2826 Crucem
1091 2783 1176 2834 pro
1205 2784 1336 2817 novae

330 2839 516 2893 Domfis
548 2841 794 2909 Regularis
831 2845 1051 2890 Fratrum
1082 2840 1128 2887 in
1168 2842 1334 2908 Regno

331 2915 499 2964 Galliae
519 2910 859 2962 construffione
886 2908 1152 2981 erigendam
1168 2945 1183 2969 ,
1211 2908 1333 2960 insti-

329 2984 400 3035 tui
415 2983 598 3034 solitam
615 2981 963 3040 comitantibuS,
982 2980 1329 3049 Indulgentiam

326 3057 578 3124 plenariam
597 3054 812 3104 concedit
832 3090 844 3103 .
881 3053 1054 3125 ‘Paulus
1081 3052 1136 3103 V.
1295 3061 1331 3103 6·

399 3130 459 3177 In
475 3124 607 3177 causa
623 3125 828 3179 Habitfis
855 3123 948 3178 ὅτε.
975 3128 1082 3175 RR.
1101 3124 1191 3176 PP.
1212 3124 1329 3174 Ter-

326 3199 486 3250 tiarios
525 3196 584 3247 de
627 3199 906 3248 Poenitentia
941 3209 1224 3266 nuncupatos
1258 3196 1323 3245 in·

324 3285 462 3322 ter=
475 3267 526 3320 ἃ
543 3272 724 3319 Fratres
743 3267 920 3319 nostros
939 3269 1110 3337 agitata
1125 3265 1324 3336 praescri-

323 3357 450 3410 ptam
467 3341 493 3390 a
508 3343 610 3391 Sac.
629 3341 1005 3411 Congregatione
1037 3338 1128 3390 ἃς.
1165 3338 1319 3389 distin-

326 3413 526 3462 {tionem
547 3409 792 3462 confirmat
809 3447 826 3470 ,
853 3410 902 3462 ὃ(
932 3425 1207 3480 perpetuum
1244 3410 1318 3460 de-

326 3481 457 3549 super
482 3480 714 3534 filentium
741 3483 937 3552 imponit
959 3519 971 3532 .
1010 3481 1126 3533 Idem
1144 3517 1157 3531 .
1193 3501 1317 3533 cum..

326 3568 424 3604 noea
440 3587 453 3599 .
1281 3563 1318 3604 6

396 3624 579 3673 A’RR.
597 3629 686 3677 PP.
712 3624 973 3676 Minoribus
988 3660 1004 3683 ,
1036 3623 1315 3674 Recollec'lis

326 3695 596 3762 nuncupatis
629 3729 644 3752 ,
672 3696 922 3746 rotundum
938 3697 1202 3764 Capucium
1221 3733 1238 3756 ‚
1263 3695 1311 3748 ὅ(

322 3771 610 3818 Mozzettam
640 3767 885 3835 largiorem
909 3765 1066 3820 affumi
1083 3802 1099 3825 ‚
1118 3770 1158 3815 A
1164 3766 1310 3834 posto·

456 3837 578 3887 Tom.
592 3836 645 3887 V.

1435 1000 1527 1048 lico
1575 1003 1622 1050 in
1646 1004 1815 1069 Regno
1843 1002 2043 1052 Franciae
2079 1003 2266 1052 Nuntio
2295 1022 2423 1054 com·

1431 1071 1610 1122 mittit.
1649 1070 1852 1123 Urbanus
1890 1071 2027 1123 VIII.
2399 1078 2430 1124 8

1500 1144 1688 1194 Nuntio
1707 1142 1979 1212 Apostolico
2008 1147 2204 1196 Litteras
2234 1144 2434 1214 Aposto-

1428 1214 1540 1263 licas
1567 1214 1826 1284 praepofitas
1846 1217 2009 1283 exequi
2032 1235 2123 1267 non
2143 1218 2343 1274 valente,
2359 1234 2431 1266 ea-

1426 1303 1536 1334 rum
1570 1288 1890 1337 executionem
1920 1287 2164 1339 Francisco
2189 1287 2430 1338 Cardinali

1427 1355 1547 1407 dela
1567 1356 1953 1409 Roche·foucault
1966 1395 1982 1418 ,
2003 1378 2056 1408 ac
2084 1357 2309 1427 Episcopo
2343 1360 2430 1410 Sil-

1426 1427 1681 1480 vanetstenfi
1699 1431 1952 1481 committit
1970 1467 1982 1480 .
2000 1429 2114 1480 Idem
2127 1450 2215 1479 cum
2231 1446 2343 1479 nota.
2389 1449 2426 1490 9

1496 1504 1605 1551 RR.
1627 1504 1716 1553 PP.
1730 1502 2004 1552 Recollecstis
2025 1503 2051 1552 a
2068 1501 2285 1553 sententia
2313 1505 2425 1551 Car·

1423 1568 1588 1621 dinalis
1622 1572 1849 1623 Francisci
1894 1574 2228 1644 appellantibus
2262 1609 2278 1631 ,
2313 1590 2421 1622 con-

1421 1642 1691 1695 troverfiam
1713 1649 1842 1695 omni
1875 1647 2090 1696 ulteriore
2114 1645 2422 1715 appellatione

1419 1715 1601 1767 remota
1620 1718 1858 1768 terminari
1889 1753 1906 1777 ,
1938 1717 2150 1767 Guidoni
2180 1716 2420 1767 Cardinali

1421 1788 1674 1832 Bentivolo
1690 1786 2083 1833 committitJdem
2098 1806 2187 1833 cum
2203 1801 2315 1831 nota.
2359 1802 2378 1831 1
2394 1802 2414 1831 1

1484 1852 1688 1899 Decreto
1715 1855 2213 1919 Sac.Congregationis
2232 1853 2289 1902 de
2309 1855 2421 1903 Pro-

1415 1912 1626 1976 paganda
1644 1912 1755 1959 Fide
1770 1915 1931 1960 habitae
1949 1918 2023 1960 die
2044 1923 2242 1978 25.Maji
2266 1932 2354 1965 162
2369 1941 2415 1980 5.

1416 1979 1478 2028 A’
1496 1979 1733 2029 Fratribus
1758 1983 1920 2032 Galliae
1951 1981 2043 2032 ἃς.
2077 1985 2194 2034 intra
2225 1989 2414 2038 Provin-

1411 2051 1535 2109 cias,
1556 2051 1793 2102 Miffiones
1826 2058 1885 2103 ad
1915 2054 2149 2106 haereticos
2179 2055 2277 2108 fieri
2309 2077 2414 2111 con-

1409 2122 1534 2173 cedit
1547 2159 1559 2173 .
2349 2151 2369 2181 1
2381 2151 2407 2194 3

1476 2198 1680 2246 Decreto
1712 2197 1883 2248 Sanstae
1917 2203 2137 2252 Romanae
2168 2236 2184 2259 ,
2219 2199 2268 2252 ὅ(
2291 2203 2411 2256 Uni-

1404 2264 1593 2316 versalis
1614 2267 1929 2336 Inquifitionis
1947 2307 1961 2329 ,
1997 2274 2211 2322 Facultas
2242 2275 2288 2322 in
2305 2292 2408 2325 cau-

1402 2335 1459 2402 fis
1481 2373 1498 2396 ,
1527 2339 1636 2387 alias
1668 2339 1726 2389 ad
1756 2344 1804 2391 S.
1835 2339 2066 2391 Officium
2102 2341 2405 2410 spestantibus

1401 2404 1709 2477 spectantibus
1735 2426 1895 2461 contra
1915 2412 2018 2463 suos
2053 2414 2273 2464 Subditos
2297 2434 2402 2482 pro·

1401 2479 1593 2531 cedendi
1623 2518 1640 2540 ,
1677 2485 1766 2532 PP.
1797 2484 2160 2535 Provincialibus
2190 2487 2403 2535 concedi-

1398 2563 1476 2601 tur
1495 2589 1507 2601 .
1545 2572 1634 2602 cum
1649 2570 1746 2603 nota
1765 2591 1778 2604 .
2335 2575 2397 2621 14

1475 2628 1680 2677 Decreto
1706 2630 1852 2677 Sacrae
1868 2628 2255 2698 Congregationis
2287 2631 2397 2678 San-

1404 2691 1632 2747 ‹stiofficii
1652 2703 1871 2748 Romanae
1892 2699 2202 2765 Inquifitionis
2217 2701 2289 2748 die
2309 2718 2332 2746 2
2343 2718 2391 2761 5.

1396 2766 1512 2830 Maji
1538 2770 1839 2830 1672.edit0,
1860 2769 2092 2840 Episcopis
2111 2768 2392 2822 Xantonenfi

1396 2833 1443 2887 8(
1478 2839 1744 2906 Rupellenfi
1769 2839 1899 2890 festos
1919 2841 2012 2890 dies
2038 2877 2054 2899 ,
2090 2840 2138 2890 ὅ(
2170 2837 2386 2889 Officia„

1393 2907 1728 2976 Apostolorum
1753 2945 1767 2967 ,
1798 2929 1848 2958 ac
1861 2912 2029 2974 jeJunia
2047 2911 2092 2957 in
2123 2909 2377 2959 Sabbatum

1392 2974 1778 3036 transferentibus,
1796 2982 1974 3027 Fratres
1992 2975 2167 3026 nostros
2186 2996 2265 3027 nec
2284 2980 2384 3047 pos-

1390 3051 1463 3110 se,
1488 3070 1569 3101 ncc
1587 3051 1745 3100 debere
1774 3065 1932 3117 parere
1961 3046 2218 3099 declaratur
2237 3086 2250 3099 .
2287 3070 2377 3102 cum

2316 3142 2375 3187 14

1444 3197 1532 3264 Jus
1558 3189 1816 3241 conferendi
1848 3191 2078 3241 Habitum
2104 3193 2253 3242 Tertii
2283 3197 2375 3244 Or-

1383 3265 1498 3324 dinis
1518 3302 1533 3323 ,
1563 3264 1794 3313 Fratribus
1826 3261 2023 3325 ejusdem
2052 3264 2200 3313 Tertii
2231 3265 2373 3314 Ordi-

1379 3340 1446 3387 nis
1464 3336 1676 3386 Nationis
1691 3336 1942 3384 Gallicanae
1973 3335 2195 3401 privative
2217 3338 2368 3402 quoad

1381 3408 1640 3476 Capucinos
1671 3419 1962 3481 competere,
1984 3404 2186 3455 declarat
2215 3442 2227 3455 .
2266 3407 2366 3455 Cle-

1377 3499 1485 3529 mens
1508 3478 1577 3530 Χ.
2302 3496 2360 3541 15

1448 3548 1712 3602 Praediestam
1734 3546 2123 3598 Constitutionem
2142 3545 2362 3608 infirmat,

1377 3623 1426 3675 ὅ(
1463 3620 1692 3671 Fratribus
1738 3617 1896 3668 nostris
1943 3618 2172 3668 Habitum
2210 3622 2358 3669 Tertii

1375 3695 1566 3745 Ordinis
1609 3688 1813 3741 Personis
1859 3689 2158 3738 Saecularibus
2189 3689 2354 3740 utrius-

1372 3784 1459 3834 que
1491 3763 1618 3816 sexus
1639 3766 1770 3825 juxta
1803 3775 2038 3878 recekptum
2059 3763 2155 3822 jam
2187 3760 2354 3811 ulum.-

2184 3848 2287 3879 con-

1387 3140 1484 3174 nota
1503 3161 1515 3172 .
