<?xml version="1.0" encoding="UTF-8"?>
<!DOCTYPE html PUBLIC "-//W3C//DTD XHTML 1.0 Transitional//EN"
    "http://www.w3.org/TR/xhtml1/DTD/xhtml1-transitional.dtd">
<html xmlns="http://www.w3.org/1999/xhtml" xml:lang="en" lang="en">
 <head>
  <title>
</title>
<meta http-equiv="Content-Type" content="text/html;charset=utf-8" />
  <meta name='ocr-system' content='tesseract 3.04.00' />
  <meta name='ocr-capabilities' content='ocr_page ocr_carea ocr_par ocr_line ocrx_word'/>
</head>
<body>
  <div class='ocr_page' id='page_1' title='image "./bullariumordinis05cath_0104.png"; bbox 0 0 2612 4100; ppageno 0'>
   <div class='ocr_carea' id='block_1_1' title="bbox 452 258 575 339">
    <p class='ocr_par' dir='ltr' id='par_1_1' title="bbox 452 258 575 339">
     <span class='ocr_line' id='line_1_1' title="bbox 452 258 575 339; baseline 0.057 -7"><span class='ocrx_word' id='word_1_1' title='bbox 452 258 575 339; x_wconf 75' lang='lat'>:74</span> 
     </span>
    </p>
   </div>
   <div class='ocr_carea' id='block_1_2' title="bbox 396 359 1369 840">
    <p class='ocr_par' dir='ltr' id='par_1_2' title="bbox 396 359 1369 840">
     <span class='ocr_line' id='line_1_2' title="bbox 396 359 1365 440; baseline -0.01 -15"><span class='ocrx_word' id='word_1_2' title='bbox 396 374 516 425; x_wconf 70' lang='lat' dir='ltr'>Asta</span> <span class='ocrx_word' id='word_1_3' title='bbox 555 369 764 440; x_wconf 84' lang='lat' dir='ltr'>Episcopi</span> <span class='ocrx_word' id='word_1_4' title='bbox 795 370 860 418; x_wconf 89' lang='lat' dir='ltr'>N.</span> <span class='ocrx_word' id='word_1_5' title='bbox 903 359 989 413; x_wconf 88' lang='lat' dir='ltr'>sese</span> <span class='ocrx_word' id='word_1_6' title='bbox 1021 363 1365 416; x_wconf 72' lang='lat' dir='ltr'>intromittent-is</span> 
     </span>
     <span class='ocr_line' id='line_1_3' title="bbox 463 432 1363 497; baseline -0.02 -3"><span class='ocrx_word' id='word_1_7' title='bbox 463 440 602 494; x_wconf 88' lang='lat' dir='ltr'>causae</span> <span class='ocrx_word' id='word_1_8' title='bbox 623 441 787 491; x_wconf 84' lang='lat' dir='ltr'>Fratris</span> <span class='ocrx_word' id='word_1_9' title='bbox 802 437 865 486; x_wconf 91' lang='lat' dir='ltr'>rei</span> <span class='ocrx_word' id='word_1_10' title='bbox 889 432 1097 483; x_wconf 83' lang='lat' dir='ltr'>annullat</span> <span class='ocrx_word' id='word_1_11' title='bbox 1111 465 1126 488; x_wconf 90' lang='lat'>,</span> <span class='ocrx_word' id='word_1_12' title='bbox 1138 435 1363 497; x_wconf 76' lang='lat' dir='ltr'>judicium</span> 
     </span>
     <span class='ocr_line' id='line_1_4' title="bbox 463 501 1369 580; baseline -0.01 -15"><span class='ocrx_word' id='word_1_13' title='bbox 463 511 834 580; x_wconf 86' lang='lat' dir='ltr'>&amp;cognitionem</span> <span class='ocrx_word' id='word_1_14' title='bbox 871 503 991 553; x_wconf 82' lang='lat' dir='ltr'>illius</span> <span class='ocrx_word' id='word_1_15' title='bbox 1021 501 1078 551; x_wconf 84' lang='lat' dir='ltr'>ad</span> <span class='ocrx_word' id='word_1_16' title='bbox 1111 505 1369 572; x_wconf 87' lang='lat' dir='ltr'>Superiores</span> 
     </span>
     <span class='ocr_line' id='line_1_5' title="bbox 464 570 1369 642; baseline -0.021 -7"><span class='ocrx_word' id='word_1_17' title='bbox 464 580 712 635; x_wconf 87' lang='lat' dir='ltr'>Provinciae</span> <span class='ocrx_word' id='word_1_18' title='bbox 730 574 950 642; x_wconf 83' lang='lat' dir='ltr'>pertinere</span> <span class='ocrx_word' id='word_1_19' title='bbox 966 570 1167 623; x_wconf 82' lang='lat' dir='ltr'>declarat</span> <span class='ocrx_word' id='word_1_20' title='bbox 1182 610 1198 633; x_wconf 93' lang='lat'>‚</span> <span class='ocrx_word' id='word_1_21' title='bbox 1213 594 1264 626; x_wconf 78' lang='lat' dir='ltr'>ac</span> <span class='ocrx_word' id='word_1_22' title='bbox 1282 581 1369 627; x_wconf 72' lang='lat' dir='ltr'>Ar.</span> 
     </span>
     <span class='ocr_line' id='line_1_6' title="bbox 464 638 1368 718; baseline -0.002 -17"><span class='ocrx_word' id='word_1_23' title='bbox 464 646 745 718; x_wconf 88' lang='lat' dir='ltr'>chiepiscopo</span> <span class='ocrx_word' id='word_1_24' title='bbox 761 638 988 694; x_wconf 84' lang='lat' dir='ltr'>Parifiensi</span> <span class='ocrx_word' id='word_1_25' title='bbox 1014 640 1068 690; x_wconf 91' lang='lat' dir='ltr'>de</span> <span class='ocrx_word' id='word_1_26' title='bbox 1086 647 1186 706; x_wconf 87' lang='lat' dir='ltr'>jure</span> <span class='ocrx_word' id='word_1_27' title='bbox 1199 681 1214 703; x_wconf 91' lang='lat'>,</span> <span class='ocrx_word' id='word_1_28' title='bbox 1231 643 1279 697; x_wconf 68' lang='grc' dir='ltr'>ὅ(</span> <span class='ocrx_word' id='word_1_29' title='bbox 1293 666 1368 699; x_wconf 86' lang='lat' dir='ltr'>au-</span> 
     </span>
     <span class='ocr_line' id='line_1_7' title="bbox 464 709 1366 784; baseline -0.017 -11"><span class='ocrx_word' id='word_1_30' title='bbox 464 723 669 773; x_wconf 69' lang='lat' dir='ltr'>&amp;oritate</span> <span class='ocrx_word' id='word_1_31' title='bbox 686 710 921 765; x_wconf 89' lang='lat' dir='ltr'>Pontificia</span> <span class='ocrx_word' id='word_1_32' title='bbox 951 709 1139 779; x_wconf 87' lang='lat' dir='ltr'>desuper</span> <span class='ocrx_word' id='word_1_33' title='bbox 1149 717 1366 784; x_wconf 74' lang='lat' dir='ltr'>procede-</span> 
     </span>
     <span class='ocr_line' id='line_1_8' title="bbox 463 797 816 840; baseline -0.017 0"><span class='ocrx_word' id='word_1_34' title='bbox 463 808 511 840; x_wconf 77' lang='lat' dir='ltr'>re</span> <span class='ocrx_word' id='word_1_35' title='bbox 537 797 789 838; x_wconf 78' lang='lat' dir='ltr'>committit</span> <span class='ocrx_word' id='word_1_36' title='bbox 802 818 816 834; x_wconf 75' lang='grc' dir='ltr'><strong>ο</strong></span> 
     </span>
    </p>
   </div>
   <div class='ocr_carea' id='block_1_3' title="bbox 433 925 1334 986">
    <p class='ocr_par' dir='ltr' id='par_1_3' title="bbox 433 925 1334 986">
     <span class='ocr_line' id='line_1_9' title="bbox 433 925 1334 986; baseline -0.004 -6"><span class='ocrx_word' id='word_1_37' title='bbox 433 925 845 986; x_wconf 90' lang='lat' dir='ltr'>URBANUS</span> <span class='ocrx_word' id='word_1_38' title='bbox 892 926 1108 976; x_wconf 85' lang='lat' dir='ltr'>PAPA</span> <span class='ocrx_word' id='word_1_39' title='bbox 1142 927 1334 976; x_wconf 88' lang='lat' dir='ltr'><strong>VIII.</strong></span> 
     </span>
    </p>
   </div>
   <div class='ocr_carea' id='block_1_4' title="bbox 490 1052 1280 1176">
    <p class='ocr_par' dir='ltr' id='par_1_4' title="bbox 490 1052 1280 1176">
     <span class='ocr_line' id='line_1_10' title="bbox 490 1052 1280 1109; baseline -0.013 -8"><span class='ocrx_word' id='word_1_40' title='bbox 490 1057 720 1101; x_wconf 69' lang='lat' dir='ltr'>Venerabilis</span> <span class='ocrx_word' id='word_1_41' title='bbox 737 1055 882 1098; x_wconf 82' lang='lat' dir='ltr'><em>Frater</em></span> <span class='ocrx_word' id='word_1_42' title='bbox 893 1053 1082 1107; x_wconf 61' lang='lat' dir='ltr'>,salutem</span> <span class='ocrx_word' id='word_1_43' title='bbox 1090 1081 1106 1103; x_wconf 89' lang='lat'>,</span> <span class='ocrx_word' id='word_1_44' title='bbox 1117 1052 1165 1103; x_wconf 61' lang='grc' dir='ltr'>θ’</span> <span class='ocrx_word' id='word_1_45' title='bbox 1179 1057 1280 1109; x_wconf 85' lang='lat' dir='ltr'>Apo-</span> 
     </span>
     <span class='ocr_line' id='line_1_11' title="bbox 609 1112 1128 1176; baseline -0.012 -17"><span class='ocrx_word' id='word_1_46' title='bbox 609 1115 788 1176; x_wconf 77' lang='lat' dir='ltr'>stolicam</span> <span class='ocrx_word' id='word_1_47' title='bbox 802 1112 1102 1156; x_wconf 54' lang='lat' dir='ltr'>Benedibyionem</span> <span class='ocrx_word' id='word_1_48' title='bbox 1114 1139 1128 1154; x_wconf 88' lang='lat'><strong>.</strong></span> 
     </span>
    </p>
   </div>
   <div class='ocr_carea' id='block_1_5' title="bbox 391 1240 1371 1997">
    <p class='ocr_par' dir='ltr' id='par_1_5' title="bbox 391 1240 1371 1997">
     <span class='ocr_line' id='line_1_12' title="bbox 496 1240 1368 1298; baseline -0.003 -11"><span class='ocrx_word' id='word_1_49' title='bbox 496 1243 630 1298; x_wconf 88' lang='lat' dir='ltr'>Xponi</span> <span class='ocrx_word' id='word_1_50' title='bbox 647 1244 774 1287; x_wconf 88' lang='lat' dir='ltr'>Nobis</span> <span class='ocrx_word' id='word_1_51' title='bbox 789 1257 916 1298; x_wconf 83' lang='lat' dir='ltr'>nuper</span> <span class='ocrx_word' id='word_1_52' title='bbox 930 1241 1027 1286; x_wconf 80' lang='lat' dir='ltr'>fecit</span> <span class='ocrx_word' id='word_1_53' title='bbox 1041 1242 1205 1286; x_wconf 72' lang='lat' dir='ltr'>dilectus</span> <span class='ocrx_word' id='word_1_54' title='bbox 1229 1240 1368 1292; x_wconf 85' lang='lat' dir='ltr'>Filius,</span> 
     </span>
     <span class='ocr_line' id='line_1_13' title="bbox 525 1299 1367 1357; baseline -0.005 -12"><span class='ocrx_word' id='word_1_55' title='bbox 525 1302 752 1346; x_wconf 85' lang='lat' dir='ltr'>Franciscus</span> <span class='ocrx_word' id='word_1_56' title='bbox 774 1302 824 1345; x_wconf 92' lang='lat' dir='ltr'>de</span> <span class='ocrx_word' id='word_1_57' title='bbox 841 1303 971 1355; x_wconf 86' lang='lat' dir='ltr'>Nigro</span> <span class='ocrx_word' id='word_1_58' title='bbox 992 1328 1007 1352; x_wconf 87' lang='lat'>,</span> <span class='ocrx_word' id='word_1_59' title='bbox 1019 1299 1218 1357; x_wconf 86' lang='lat' dir='ltr'>Januenfis</span> <span class='ocrx_word' id='word_1_60' title='bbox 1235 1325 1249 1348; x_wconf 69' lang='lat' dir='ltr'>s</span> <span class='ocrx_word' id='word_1_61' title='bbox 1266 1301 1367 1342; x_wconf 90' lang='lat' dir='ltr'>Pro-</span> 
     </span>
     <span class='ocr_line' id='line_1_14' title="bbox 395 1359 1364 1405; baseline -0.003 -3"><span class='ocrx_word' id='word_1_62' title='bbox 395 1370 558 1403; x_wconf 86' lang='lat' dir='ltr'>curator</span> <span class='ocrx_word' id='word_1_63' title='bbox 583 1362 797 1405; x_wconf 84' lang='lat' dir='ltr'>Generalis</span> <span class='ocrx_word' id='word_1_64' title='bbox 822 1361 861 1403; x_wconf 92' lang='lat' dir='ltr'>in</span> <span class='ocrx_word' id='word_1_65' title='bbox 885 1362 1068 1402; x_wconf 87' lang='lat' dir='ltr'>Romana</span> <span class='ocrx_word' id='word_1_66' title='bbox 1087 1360 1213 1402; x_wconf 91' lang='lat' dir='ltr'>Curia</span> <span class='ocrx_word' id='word_1_67' title='bbox 1242 1359 1364 1400; x_wconf 89' lang='lat' dir='ltr'>totius</span> 
     </span>
     <span class='ocr_line' id='line_1_15' title="bbox 396 1415 1367 1463; baseline -0.001 -2"><span class='ocrx_word' id='word_1_68' title='bbox 396 1418 561 1461; x_wconf 81' lang='lat' dir='ltr'>Ordinis</span> <span class='ocrx_word' id='word_1_69' title='bbox 577 1422 761 1463; x_wconf 82' lang='lat' dir='ltr'>Fratrum</span> <span class='ocrx_word' id='word_1_70' title='bbox 783 1419 989 1461; x_wconf 90' lang='lat' dir='ltr'>Minorum</span> <span class='ocrx_word' id='word_1_71' title='bbox 1014 1419 1142 1462; x_wconf 59' lang='lat' dir='ltr'>saneti</span> <span class='ocrx_word' id='word_1_72' title='bbox 1170 1415 1367 1461; x_wconf 85' lang='lat' dir='ltr'>Francisci</span> 
     </span>
     <span class='ocr_line' id='line_1_16' title="bbox 394 1474 1365 1532; baseline -0.001 -12"><span class='ocrx_word' id='word_1_73' title='bbox 394 1479 692 1532; x_wconf 89' lang='lat' dir='ltr'>Capucinorum</span> <span class='ocrx_word' id='word_1_74' title='bbox 709 1486 1052 1528; x_wconf 80' lang='lat' dir='ltr'>nuncupatorum,</span> <span class='ocrx_word' id='word_1_75' title='bbox 1078 1475 1186 1529; x_wconf 87' lang='lat' dir='ltr'>quod</span> <span class='ocrx_word' id='word_1_76' title='bbox 1201 1501 1214 1524; x_wconf 87' lang='lat'>,</span> <span class='ocrx_word' id='word_1_77' title='bbox 1245 1474 1365 1520; x_wconf 71' lang='lat' dir='ltr'>cum..-</span> 
     </span>
     <span class='ocr_line' id='line_1_17' title="bbox 393 1533 1365 1590; baseline 0 -14"><span class='ocrx_word' id='word_1_78' title='bbox 393 1534 488 1579; x_wconf 74' lang='lat' dir='ltr'>alias</span> <span class='ocrx_word' id='word_1_79' title='bbox 502 1538 567 1579; x_wconf 83' lang='lat' dir='ltr'>Fr.</span> <span class='ocrx_word' id='word_1_80' title='bbox 584 1539 681 1579; x_wconf 88' lang='lat' dir='ltr'>NN.</span> <span class='ocrx_word' id='word_1_81' title='bbox 700 1535 795 1578; x_wconf 79' lang='lat' dir='ltr'>dieti</span> <span class='ocrx_word' id='word_1_82' title='bbox 811 1534 974 1578; x_wconf 87' lang='lat' dir='ltr'>Ordinis</span> <span class='ocrx_word' id='word_1_83' title='bbox 1000 1533 1190 1590; x_wconf 83' lang='lat' dir='ltr'>profeffus</span> <span class='ocrx_word' id='word_1_84' title='bbox 1206 1547 1276 1589; x_wconf 87' lang='lat' dir='ltr'>pro</span> <span class='ocrx_word' id='word_1_85' title='bbox 1291 1533 1365 1576; x_wconf 85' lang='lat' dir='ltr'>de·</span> 
     </span>
     <span class='ocr_line' id='line_1_18' title="bbox 393 1591 1364 1650; baseline 0 -15"><span class='ocrx_word' id='word_1_86' title='bbox 393 1591 492 1637; x_wconf 64' lang='lat' dir='ltr'>linis</span> <span class='ocrx_word' id='word_1_87' title='bbox 520 1592 569 1635; x_wconf 91' lang='lat' dir='ltr'>ad</span> <span class='ocrx_word' id='word_1_88' title='bbox 601 1593 685 1649; x_wconf 80' lang='lat' dir='ltr'>ejus</span> <span class='ocrx_word' id='word_1_89' title='bbox 713 1594 967 1650; x_wconf 87' lang='lat' dir='ltr'>Religionem</span> <span class='ocrx_word' id='word_1_90' title='bbox 1003 1593 1260 1648; x_wconf 68' lang='lat' dir='ltr'>spectantibus</span> <span class='ocrx_word' id='word_1_91' title='bbox 1274 1620 1288 1643; x_wconf 94' lang='lat'>,</span> <span class='ocrx_word' id='word_1_92' title='bbox 1318 1606 1364 1635; x_wconf 83' lang='lat' dir='ltr'>ac</span> 
     </span>
     <span class='ocr_line' id='line_1_19' title="bbox 392 1651 1364 1708; baseline 0 -14"><span class='ocrx_word' id='word_1_93' title='bbox 392 1652 509 1694; x_wconf 88' lang='lat' dir='ltr'>etiam</span> <span class='ocrx_word' id='word_1_94' title='bbox 525 1652 700 1700; x_wconf 86' lang='lat' dir='ltr'>haerefis,</span> <span class='ocrx_word' id='word_1_95' title='bbox 717 1652 756 1695; x_wconf 89' lang='lat' dir='ltr'>in</span> <span class='ocrx_word' id='word_1_96' title='bbox 783 1654 918 1694; x_wconf 91' lang='lat' dir='ltr'>Domo</span> <span class='ocrx_word' id='word_1_97' title='bbox 934 1651 1127 1706; x_wconf 84' lang='lat' dir='ltr'>Regulari</span> <span class='ocrx_word' id='word_1_98' title='bbox 1150 1651 1364 1708; x_wconf 76' lang='lat' dir='ltr'>ejusdem..</span> 
     </span>
     <span class='ocr_line' id='line_1_20' title="bbox 391 1709 1363 1762; baseline 0.001 -11"><span class='ocrx_word' id='word_1_99' title='bbox 391 1709 557 1752; x_wconf 86' lang='lat' dir='ltr'>Ordinis</span> <span class='ocrx_word' id='word_1_100' title='bbox 574 1711 613 1751; x_wconf 94' lang='lat' dir='ltr'>in</span> <span class='ocrx_word' id='word_1_101' title='bbox 629 1711 807 1754; x_wconf 88' lang='lat' dir='ltr'>Civitate</span> <span class='ocrx_word' id='word_1_102' title='bbox 823 1714 876 1754; x_wconf 89' lang='grc' dir='ltr'>Ν.</span> <span class='ocrx_word' id='word_1_103' title='bbox 892 1710 1165 1762; x_wconf 84' lang='lat' dir='ltr'>detineretur,</span> <span class='ocrx_word' id='word_1_104' title='bbox 1182 1713 1222 1753; x_wconf 87' lang='lat'>&amp;</span> <span class='ocrx_word' id='word_1_105' title='bbox 1244 1709 1363 1753; x_wconf 86' lang='lat' dir='ltr'>causae</span> 
     </span>
     <span class='ocr_line' id='line_1_21' title="bbox 392 1766 1363 1823; baseline 0.001 -16"><span class='ocrx_word' id='word_1_106' title='bbox 392 1766 618 1822; x_wconf 87' lang='lat' dir='ltr'>hujusmodi</span> <span class='ocrx_word' id='word_1_107' title='bbox 634 1769 812 1820; x_wconf 86' lang='lat' dir='ltr'>cognitio</span> <span class='ocrx_word' id='word_1_108' title='bbox 828 1769 934 1823; x_wconf 83' lang='lat' dir='ltr'>apud</span> <span class='ocrx_word' id='word_1_109' title='bbox 950 1768 1189 1823; x_wconf 83' lang='lat' dir='ltr'>Superiores</span> <span class='ocrx_word' id='word_1_110' title='bbox 1202 1769 1363 1810; x_wconf 89' lang='lat' dir='ltr'>Ordinis</span> 
     </span>
     <span class='ocr_line' id='line_1_22' title="bbox 392 1822 1367 1880; baseline 0 -15"><span class='ocrx_word' id='word_1_111' title='bbox 392 1822 547 1880; x_wconf 86' lang='lat' dir='ltr'>praefati</span> <span class='ocrx_word' id='word_1_112' title='bbox 559 1850 572 1873; x_wconf 88' lang='lat'>,</span> <span class='ocrx_word' id='word_1_113' title='bbox 588 1824 636 1864; x_wconf 85' lang='lat' dir='ltr'>ad</span> <span class='ocrx_word' id='word_1_114' title='bbox 651 1837 747 1879; x_wconf 86' lang='lat' dir='ltr'>quos</span> <span class='ocrx_word' id='word_1_115' title='bbox 761 1826 916 1878; x_wconf 85' lang='lat' dir='ltr'>dejure</span> <span class='ocrx_word' id='word_1_116' title='bbox 933 1827 1079 1878; x_wconf 65' lang='lat' dir='ltr'>spectat</span> <span class='ocrx_word' id='word_1_117' title='bbox 1090 1851 1105 1872; x_wconf 88' lang='lat'>,</span> <span class='ocrx_word' id='word_1_118' title='bbox 1119 1826 1367 1865; x_wconf 77' lang='lat' dir='ltr'>examinaba-</span> 
     </span>
     <span class='ocr_line' id='line_1_23' title="bbox 393 1879 1371 1936; baseline -0.004 -11"><span class='ocrx_word' id='word_1_119' title='bbox 393 1892 479 1934; x_wconf 86' lang='lat' dir='ltr'>tur,</span> <span class='ocrx_word' id='word_1_120' title='bbox 495 1880 556 1924; x_wconf 90' lang='lat' dir='ltr'>vel</span> <span class='ocrx_word' id='word_1_121' title='bbox 573 1879 699 1924; x_wconf 85' lang='lat' dir='ltr'>forsan</span> <span class='ocrx_word' id='word_1_122' title='bbox 713 1881 790 1936; x_wconf 87' lang='lat' dir='ltr'>jam</span> <span class='ocrx_word' id='word_1_123' title='bbox 806 1891 892 1924; x_wconf 88' lang='lat' dir='ltr'>erat</span> <span class='ocrx_word' id='word_1_124' title='bbox 907 1880 986 1923; x_wconf 86' lang='lat' dir='ltr'>lata</span> <span class='ocrx_word' id='word_1_125' title='bbox 1006 1880 1262 1928; x_wconf 64' lang='lat' dir='ltr'>sententia2ac</span> <span class='ocrx_word' id='word_1_126' title='bbox 1277 1893 1371 1934; x_wconf 89' lang='lat' dir='ltr'>pro-</span> 
     </span>
     <span class='ocr_line' id='line_1_24' title="bbox 392 1937 1370 1997; baseline -0.003 -15"><span class='ocrx_word' id='word_1_127' title='bbox 392 1951 532 1997; x_wconf 84' lang='lat' dir='ltr'>pterea</span> <span class='ocrx_word' id='word_1_128' title='bbox 546 1953 626 1982; x_wconf 91' lang='lat' dir='ltr'>non</span> <span class='ocrx_word' id='word_1_129' title='bbox 646 1939 769 1993; x_wconf 78' lang='lat' dir='ltr'>posset</span> <span class='ocrx_word' id='word_1_130' title='bbox 784 1967 798 1989; x_wconf 88' lang='lat'>,</span> <span class='ocrx_word' id='word_1_131' title='bbox 827 1953 899 1982; x_wconf 90' lang='lat' dir='ltr'>nec</span> <span class='ocrx_word' id='word_1_132' title='bbox 928 1939 1098 1982; x_wconf 87' lang='lat' dir='ltr'>deberet</span> <span class='ocrx_word' id='word_1_133' title='bbox 1120 1937 1370 1981; x_wconf 79' lang='lat' dir='ltr'>Venerabilis</span> 
     </span>
    </p>
   </div>
   <div class='ocr_carea' id='block_1_6' title="bbox 393 1995 1385 2098">
    <p class='ocr_par' dir='ltr' id='par_1_6' title="bbox 393 1995 1385 2098">
     <span class='ocr_line' id='line_1_25' title="bbox 393 1995 1385 2047; baseline -0.008 -6"><span class='ocrx_word' id='word_1_134' title='bbox 393 2003 537 2042; x_wconf 84' lang='lat' dir='ltr'>Frater</span> <span class='ocrx_word' id='word_1_135' title='bbox 551 1996 770 2047; x_wconf 80' lang='lat' dir='ltr'>Episcopus</span> <span class='ocrx_word' id='word_1_136' title='bbox 787 1999 840 2036; x_wconf 86' lang='grc' dir='ltr'>Ν.</span> <span class='ocrx_word' id='word_1_137' title='bbox 859 1996 981 2034; x_wconf 78' lang='lat' dir='ltr'>inilia</span> <span class='ocrx_word' id='word_1_138' title='bbox 993 2020 1007 2039; x_wconf 86' lang='lat'>,</span> <span class='ocrx_word' id='word_1_139' title='bbox 1035 1995 1104 2033; x_wconf 85' lang='lat' dir='ltr'>sub</span> <span class='ocrx_word' id='word_1_140' title='bbox 1120 1996 1263 2046; x_wconf 87' lang='lat' dir='ltr'>quovis</span> <span class='ocrx_word' id='word_1_141' title='bbox 1279 2004 1385 2045; x_wconf 45' lang='lat' dir='ltr'>prr*</span> 
     </span>
     <span class='ocr_line' id='line_1_26' title="bbox 394 2048 1368 2098; baseline -0.008 -3"><span class='ocrx_word' id='word_1_142' title='bbox 394 2062 535 2098; x_wconf 80' lang='lat' dir='ltr'>textu,</span> <span class='ocrx_word' id='word_1_143' title='bbox 566 2050 604 2090; x_wconf 91' lang='lat' dir='ltr'>se</span> <span class='ocrx_word' id='word_1_144' title='bbox 629 2049 929 2096; x_wconf 87' lang='lat' dir='ltr'>intromittere,</span> <span class='ocrx_word' id='word_1_145' title='bbox 961 2048 1217 2089; x_wconf 89' lang='lat' dir='ltr'>nihilominus</span> <span class='ocrx_word' id='word_1_146' title='bbox 1242 2048 1368 2088; x_wconf 66' lang='lat' dir='ltr'>dietus</span> 
     </span>
    </p>
   </div>
   <div class='ocr_carea' id='block_1_7' title="bbox 393 2105 1384 3564">
    <p class='ocr_par' dir='ltr' id='par_1_7' title="bbox 393 2105 1384 3564">
     <span class='ocr_line' id='line_1_27' title="bbox 394 2105 1371 2167; baseline -0.007 -14"><span class='ocrx_word' id='word_1_147' title='bbox 394 2109 616 2167; x_wconf 83' lang='lat' dir='ltr'>Episcopus</span> <span class='ocrx_word' id='word_1_148' title='bbox 633 2121 709 2148; x_wconf 92' lang='lat' dir='ltr'>non</span> <span class='ocrx_word' id='word_1_149' title='bbox 727 2106 852 2147; x_wconf 90' lang='lat' dir='ltr'>minus</span> <span class='ocrx_word' id='word_1_150' title='bbox 870 2105 1021 2148; x_wconf 72' lang='lat' dir='ltr'>temere</span> <span class='ocrx_word' id='word_1_151' title='bbox 1037 2133 1050 2156; x_wconf 89' lang='lat'>,</span> <span class='ocrx_word' id='word_1_152' title='bbox 1066 2105 1183 2161; x_wconf 63' lang='lat' dir='ltr'>quim</span> <span class='ocrx_word' id='word_1_153' title='bbox 1201 2106 1252 2148; x_wconf 90' lang='lat' dir='ltr'>de</span> <span class='ocrx_word' id='word_1_154' title='bbox 1267 2106 1371 2147; x_wconf 69' lang='lat' dir='ltr'>facto</span> 
     </span>
     <span class='ocr_line' id='line_1_28' title="bbox 393 2162 1372 2223; baseline -0.008 -11"><span class='ocrx_word' id='word_1_155' title='bbox 393 2170 434 2212; x_wconf 89' lang='lat' dir='ltr'>in</span> <span class='ocrx_word' id='word_1_156' title='bbox 448 2168 622 2223; x_wconf 87' lang='lat' dir='ltr'>spretum</span> <span class='ocrx_word' id='word_1_157' title='bbox 637 2168 850 2207; x_wconf 86' lang='lat' dir='ltr'>Sacrorum</span> <span class='ocrx_word' id='word_1_158' title='bbox 877 2168 1087 2206; x_wconf 88' lang='lat' dir='ltr'>Canonum</span> <span class='ocrx_word' id='word_1_159' title='bbox 1104 2192 1118 2215; x_wconf 88' lang='lat'>,</span> <span class='ocrx_word' id='word_1_160' title='bbox 1142 2165 1182 2205; x_wconf 78' lang='grc' dir='ltr'>δι</span> <span class='ocrx_word' id='word_1_161' title='bbox 1213 2162 1372 2206; x_wconf 88' lang='lat' dir='ltr'>Consti-</span> 
     </span>
     <span class='ocr_line' id='line_1_29' title="bbox 396 2221 1374 2279; baseline -0.006 -9"><span class='ocrx_word' id='word_1_162' title='bbox 396 2227 596 2271; x_wconf 89' lang='lat' dir='ltr'>tutionum</span> <span class='ocrx_word' id='word_1_163' title='bbox 611 2226 645 2265; x_wconf 88' lang='lat' dir='ltr'>A</span> <span class='ocrx_word' id='word_1_164' title='bbox 651 2221 930 2279; x_wconf 86' lang='lat' dir='ltr'>postolicarum</span> <span class='ocrx_word' id='word_1_165' title='bbox 944 2249 958 2271; x_wconf 86' lang='lat'>,</span> <span class='ocrx_word' id='word_1_166' title='bbox 975 2221 1190 2277; x_wconf 84' lang='lat' dir='ltr'>praesertim</span> <span class='ocrx_word' id='word_1_167' title='bbox 1206 2221 1274 2264; x_wconf 89' lang='lat' dir='ltr'>fel.</span> <span class='ocrx_word' id='word_1_168' title='bbox 1290 2236 1374 2264; x_wconf 89' lang='lat' dir='ltr'>rec.</span> 
     </span>
     <span class='ocr_line' id='line_1_30' title="bbox 393 2279 1374 2338; baseline -0.007 -9"><span class='ocrx_word' id='word_1_169' title='bbox 393 2287 457 2329; x_wconf 91' lang='lat' dir='ltr'>Pii</span> <span class='ocrx_word' id='word_1_170' title='bbox 473 2286 586 2338; x_wconf 90' lang='lat' dir='ltr'>Papae</span> <span class='ocrx_word' id='word_1_171' title='bbox 601 2284 652 2324; x_wconf 92' lang='lat' dir='ltr'>V.</span> <span class='ocrx_word' id='word_1_172' title='bbox 668 2279 965 2324; x_wconf 79' lang='lat' dir='ltr'>Praedecessoris</span> <span class='ocrx_word' id='word_1_173' title='bbox 979 2281 1288 2331; x_wconf 78' lang='lat' dir='ltr'>nostri,nulliter</span> <span class='ocrx_word' id='word_1_174' title='bbox 1304 2294 1374 2335; x_wconf 90' lang='lat' dir='ltr'>per</span> 
     </span>
     <span class='ocr_line' id='line_1_31' title="bbox 394 2339 1375 2395; baseline -0.007 -10"><span class='ocrx_word' id='word_1_175' title='bbox 394 2345 477 2386; x_wconf 91' lang='lat' dir='ltr'>vim</span> <span class='ocrx_word' id='word_1_176' title='bbox 495 2344 532 2384; x_wconf 86' lang='lat'>&amp;</span> <span class='ocrx_word' id='word_1_177' title='bbox 548 2340 645 2384; x_wconf 92' lang='lat' dir='ltr'>dolo</span> <span class='ocrx_word' id='word_1_178' title='bbox 662 2339 883 2395; x_wconf 89' lang='lat' dir='ltr'>procedens</span> <span class='ocrx_word' id='word_1_179' title='bbox 906 2340 956 2381; x_wconf 91' lang='lat' dir='ltr'>ad</span> <span class='ocrx_word' id='word_1_180' title='bbox 979 2353 1189 2389; x_wconf 89' lang='lat' dir='ltr'>carceres,</span> <span class='ocrx_word' id='word_1_181' title='bbox 1213 2342 1249 2382; x_wconf 90' lang='lat' dir='ltr'>in</span> <span class='ocrx_word' id='word_1_182' title='bbox 1280 2339 1375 2394; x_wconf 89' lang='lat' dir='ltr'>qui-</span> 
     </span>
     <span class='ocr_line' id='line_1_32' title="bbox 395 2398 1375 2456; baseline -0.003 -13"><span class='ocrx_word' id='word_1_183' title='bbox 395 2402 468 2445; x_wconf 89' lang='lat' dir='ltr'>bus</span> <span class='ocrx_word' id='word_1_184' title='bbox 502 2399 706 2456; x_wconf 59' lang='lat' dir='ltr'>praedikius</span> <span class='ocrx_word' id='word_1_185' title='bbox 733 2399 873 2440; x_wconf 77' lang='lat' dir='ltr'>frater</span> <span class='ocrx_word' id='word_1_186' title='bbox 899 2399 995 2439; x_wconf 83' lang='lat' dir='ltr'>NN.</span> <span class='ocrx_word' id='word_1_187' title='bbox 1018 2411 1093 2452; x_wconf 91' lang='lat' dir='ltr'>pro</span> <span class='ocrx_word' id='word_1_188' title='bbox 1119 2398 1299 2447; x_wconf 58' lang='lat' dir='ltr'>delitiis,</span> <span class='ocrx_word' id='word_1_189' title='bbox 1329 2404 1375 2440; x_wconf 90' lang='lat' dir='ltr'>ut</span> 
     </span>
     <span class='ocr_line' id='line_1_33' title="bbox 396 2454 1376 2516; baseline -0.003 -15"><span class='ocrx_word' id='word_1_190' title='bbox 396 2456 936 2516; x_wconf 84' lang='lat' dir='ltr'>praefertur,detinebatur,</span> <span class='ocrx_word' id='word_1_191' title='bbox 965 2454 1003 2497; x_wconf 86' lang='lat' dir='ltr'>se</span> <span class='ocrx_word' id='word_1_192' title='bbox 1026 2456 1198 2498; x_wconf 91' lang='lat' dir='ltr'>contulit</span> <span class='ocrx_word' id='word_1_193' title='bbox 1215 2455 1376 2508; x_wconf 84' lang='lat' dir='ltr'>‚illum-</span> 
     </span>
     <span class='ocr_line' id='line_1_34' title="bbox 396 2513 1374 2575; baseline -0.003 -17"><span class='ocrx_word' id='word_1_194' title='bbox 396 2532 472 2575; x_wconf 91' lang='lat' dir='ltr'>que</span> <span class='ocrx_word' id='word_1_195' title='bbox 489 2516 582 2558; x_wconf 90' lang='lat' dir='ltr'>inde</span> <span class='ocrx_word' id='word_1_196' title='bbox 597 2514 849 2565; x_wconf 86' lang='lat' dir='ltr'>extraxit,in</span> <span class='ocrx_word' id='word_1_197' title='bbox 874 2513 975 2555; x_wconf 86' lang='lat' dir='ltr'>statu</span> <span class='ocrx_word' id='word_1_198' title='bbox 996 2513 1198 2556; x_wconf 87' lang='lat' dir='ltr'>libertatis</span> <span class='ocrx_word' id='word_1_199' title='bbox 1230 2513 1374 2569; x_wconf 87' lang='lat' dir='ltr'>posuit,</span> 
     </span>
     <span class='ocr_line' id='line_1_35' title="bbox 395 2571 1378 2628; baseline -0.003 -10"><span class='ocrx_word' id='word_1_200' title='bbox 395 2590 441 2619; x_wconf 89' lang='lat' dir='ltr'>ac</span> <span class='ocrx_word' id='word_1_201' title='bbox 460 2585 579 2618; x_wconf 88' lang='lat' dir='ltr'>exuto</span> <span class='ocrx_word' id='word_1_202' title='bbox 595 2573 745 2617; x_wconf 89' lang='lat' dir='ltr'>Habitu</span> <span class='ocrx_word' id='word_1_203' title='bbox 766 2571 965 2628; x_wconf 84' lang='lat' dir='ltr'>Regulari</span> <span class='ocrx_word' id='word_1_204' title='bbox 980 2600 994 2623; x_wconf 97' lang='lat'>,</span> <span class='ocrx_word' id='word_1_205' title='bbox 1023 2573 1209 2616; x_wconf 87' lang='lat' dir='ltr'>&amp;laicali</span> <span class='ocrx_word' id='word_1_206' title='bbox 1229 2571 1378 2615; x_wconf 85' lang='lat' dir='ltr'>submi-</span> 
     </span>
     <span class='ocr_line' id='line_1_36' title="bbox 396 2631 1375 2686; baseline -0.006 -9"><span class='ocrx_word' id='word_1_207' title='bbox 396 2635 576 2681; x_wconf 83' lang='lat' dir='ltr'>nistrato,</span> <span class='ocrx_word' id='word_1_208' title='bbox 597 2631 793 2674; x_wconf 85' lang='lat' dir='ltr'>dimifitin</span> <span class='ocrx_word' id='word_1_209' title='bbox 818 2639 1095 2685; x_wconf 89' lang='lat' dir='ltr'>contemptum</span> <span class='ocrx_word' id='word_1_210' title='bbox 1119 2631 1375 2686; x_wconf 81' lang='lat' dir='ltr'>Religionis,</span> 
     </span>
     <span class='ocr_line' id='line_1_37' title="bbox 396 2689 1377 2746; baseline -0.004 -11"><span class='ocrx_word' id='word_1_211' title='bbox 396 2696 434 2734; x_wconf 88' lang='lat'>&amp;</span> <span class='ocrx_word' id='word_1_212' title='bbox 459 2693 671 2734; x_wconf 80' lang='lat' dir='ltr'>maximum</span> <span class='ocrx_word' id='word_1_213' title='bbox 688 2689 824 2744; x_wconf 88' lang='lat' dir='ltr'>populi</span> <span class='ocrx_word' id='word_1_214' title='bbox 843 2689 1098 2741; x_wconf 84' lang='lat' dir='ltr'>scandalum,</span> <span class='ocrx_word' id='word_1_215' title='bbox 1134 2704 1180 2731; x_wconf 85' lang='lat' dir='ltr'>ac</span> <span class='ocrx_word' id='word_1_216' title='bbox 1202 2689 1377 2746; x_wconf 89' lang='lat' dir='ltr'>spretum</span> 
     </span>
     <span class='ocr_line' id='line_1_38' title="bbox 396 2747 1378 2809; baseline -0.004 -17"><span class='ocrx_word' id='word_1_217' title='bbox 396 2749 676 2809; x_wconf 67' lang='lat' dir='ltr'>jurisdifflonis</span> <span class='ocrx_word' id='word_1_218' title='bbox 692 2749 785 2789; x_wconf 64' lang='lat' dir='ltr'>dieti</span> <span class='ocrx_word' id='word_1_219' title='bbox 803 2747 965 2790; x_wconf 89' lang='lat' dir='ltr'>Ordinis</span> <span class='ocrx_word' id='word_1_220' title='bbox 979 2777 991 2788; x_wconf 92' lang='lat'><strong>.</strong></span> <span class='ocrx_word' id='word_1_221' title='bbox 1023 2753 1162 2805; x_wconf 76' lang='lat' dir='ltr'>Quare</span> <span class='ocrx_word' id='word_1_222' title='bbox 1178 2762 1378 2804; x_wconf 87' lang='lat' dir='ltr'>exponens</span> 
     </span>
     <span class='ocr_line' id='line_1_39' title="bbox 401 2804 1379 2865; baseline -0.003 -13"><span class='ocrx_word' id='word_1_223' title='bbox 401 2807 587 2865; x_wconf 79' lang='lat' dir='ltr'>praefatus</span> <span class='ocrx_word' id='word_1_224' title='bbox 603 2805 740 2849; x_wconf 70' lang='lat' dir='ltr'>habita</span> <span class='ocrx_word' id='word_1_225' title='bbox 763 2804 906 2849; x_wconf 63' lang='lat' dir='ltr'>notitia*</span> <span class='ocrx_word' id='word_1_226' title='bbox 919 2807 970 2848; x_wconf 93' lang='lat' dir='ltr'>de</span> <span class='ocrx_word' id='word_1_227' title='bbox 997 2807 1105 2850; x_wconf 68' lang='lat' dir='ltr'>dicto</span> <span class='ocrx_word' id='word_1_228' title='bbox 1132 2805 1283 2851; x_wconf 75' lang='lat' dir='ltr'>excessu</span> <span class='ocrx_word' id='word_1_229' title='bbox 1298 2835 1311 2857; x_wconf 93' lang='lat'>,</span> <span class='ocrx_word' id='word_1_230' title='bbox 1342 2809 1379 2849; x_wconf 79' lang='grc' dir='ltr'>δι</span> 
     </span>
     <span class='ocr_line' id='line_1_40' title="bbox 399 2864 1379 2925; baseline -0.003 -15"><span class='ocrx_word' id='word_1_231' title='bbox 399 2866 647 2925; x_wconf 80' lang='lat' dir='ltr'>gravamine,</span> <span class='ocrx_word' id='word_1_232' title='bbox 663 2865 831 2908; x_wconf 89' lang='lat' dir='ltr'>sentiens</span> <span class='ocrx_word' id='word_1_233' title='bbox 848 2864 1107 2923; x_wconf 86' lang='lat' dir='ltr'>se,suamque</span> <span class='ocrx_word' id='word_1_234' title='bbox 1126 2867 1379 2923; x_wconf 86' lang='lat' dir='ltr'>Religionem</span> 
     </span>
     <span class='ocr_line' id='line_1_41' title="bbox 399 2921 1380 2982; baseline 0 -15"><span class='ocrx_word' id='word_1_235' title='bbox 399 2926 577 2979; x_wconf 82' lang='lat' dir='ltr'>graviter</span> <span class='ocrx_word' id='word_1_236' title='bbox 592 2921 718 2965; x_wconf 86' lang='lat' dir='ltr'>laesam</span> <span class='ocrx_word' id='word_1_237' title='bbox 733 2948 747 2971; x_wconf 66' lang='lat' dir='ltr'>a</span> <span class='ocrx_word' id='word_1_238' title='bbox 762 2925 802 2965; x_wconf 73' lang='grc' dir='ltr'>δι</span> <span class='ocrx_word' id='word_1_239' title='bbox 814 2933 1048 2980; x_wconf 85' lang='lat' dir='ltr'>gravatam,</span> <span class='ocrx_word' id='word_1_240' title='bbox 1085 2925 1283 2982; x_wconf 89' lang='lat' dir='ltr'>magisque</span> <span class='ocrx_word' id='word_1_241' title='bbox 1309 2925 1380 2968; x_wconf 71' lang='lat' dir='ltr'>in..-</span> 
     </span>
     <span class='ocr_line' id='line_1_42' title="bbox 400 2982 1381 3039; baseline -0.003 -12"><span class='ocrx_word' id='word_1_242' title='bbox 400 2984 580 3027; x_wconf 82' lang='lat' dir='ltr'>futurum</span> <span class='ocrx_word' id='word_1_243' title='bbox 603 2982 719 3032; x_wconf 83' lang='lat' dir='ltr'>laedi,</span> <span class='ocrx_word' id='word_1_244' title='bbox 749 2983 789 3024; x_wconf 72' lang='grc' dir='ltr'>δε</span> <span class='ocrx_word' id='word_1_245' title='bbox 810 2983 969 3039; x_wconf 88' lang='lat' dir='ltr'>gravari</span> <span class='ocrx_word' id='word_1_246' title='bbox 995 2984 1155 3035; x_wconf 90' lang='lat' dir='ltr'>timens,</span> <span class='ocrx_word' id='word_1_247' title='bbox 1172 2987 1193 3026; x_wconf 76' lang='lat' dir='ltr'>a</span> <span class='ocrx_word' id='word_1_248' title='bbox 1208 2997 1381 3039; x_wconf 91' lang='lat' dir='ltr'>quocun-</span> 
     </span>
     <span class='ocr_line' id='line_1_43' title="bbox 401 3040 1382 3096; baseline 0.001 -14"><span class='ocrx_word' id='word_1_249' title='bbox 401 3055 479 3095; x_wconf 91' lang='lat' dir='ltr'>que</span> <span class='ocrx_word' id='word_1_250' title='bbox 495 3040 722 3094; x_wconf 87' lang='lat' dir='ltr'>gravamine</span> <span class='ocrx_word' id='word_1_251' title='bbox 735 3067 748 3088; x_wconf 85' lang='lat'>,</span> <span class='ocrx_word' id='word_1_252' title='bbox 766 3053 809 3083; x_wconf 91' lang='lat' dir='ltr'>ut</span> <span class='ocrx_word' id='word_1_253' title='bbox 825 3040 1035 3096; x_wconf 87' lang='lat' dir='ltr'>praefertur</span> <span class='ocrx_word' id='word_1_254' title='bbox 1049 3069 1063 3089; x_wconf 77' lang='lat'>,</span> <span class='ocrx_word' id='word_1_255' title='bbox 1089 3042 1258 3084; x_wconf 89' lang='lat' dir='ltr'>nulliter</span> <span class='ocrx_word' id='word_1_256' title='bbox 1274 3071 1286 3092; x_wconf 93' lang='lat'>,</span> <span class='ocrx_word' id='word_1_257' title='bbox 1317 3042 1382 3083; x_wconf 87' lang='lat' dir='ltr'>in-</span> 
     </span>
     <span class='ocr_line' id='line_1_44' title="bbox 403 3096 1379 3157; baseline 0.001 -17"><span class='ocrx_word' id='word_1_258' title='bbox 403 3097 501 3155; x_wconf 76' lang='lat' dir='ltr'>juste</span> <span class='ocrx_word' id='word_1_259' title='bbox 516 3126 529 3148; x_wconf 89' lang='lat'>,</span> <span class='ocrx_word' id='word_1_260' title='bbox 544 3096 775 3139; x_wconf 75' lang='lat' dir='ltr'>&amp;indebite</span> <span class='ocrx_word' id='word_1_261' title='bbox 790 3101 810 3140; x_wconf 75' lang='lat' dir='ltr'>a</span> <span class='ocrx_word' id='word_1_262' title='bbox 827 3100 991 3154; x_wconf 84' lang='lat' dir='ltr'>praesato</span> <span class='ocrx_word' id='word_1_263' title='bbox 1006 3101 1200 3157; x_wconf 85' lang='lat' dir='ltr'>Episcopo</span> <span class='ocrx_word' id='word_1_264' title='bbox 1218 3103 1269 3142; x_wconf 88' lang='grc' dir='ltr'>Ν.</span> <span class='ocrx_word' id='word_1_265' title='bbox 1288 3099 1379 3142; x_wconf 89' lang='lat' dir='ltr'>illa-</span> 
     </span>
     <span class='ocr_line' id='line_1_45' title="bbox 401 3154 1379 3215; baseline 0.004 -17"><span class='ocrx_word' id='word_1_266' title='bbox 401 3166 473 3206; x_wconf 83' lang='lat' dir='ltr'>to,</span> <span class='ocrx_word' id='word_1_267' title='bbox 493 3154 541 3197; x_wconf 85' lang='lat' dir='ltr'>ad</span> <span class='ocrx_word' id='word_1_268' title='bbox 561 3157 645 3195; x_wconf 84' lang='lat' dir='ltr'>Nos</span> <span class='ocrx_word' id='word_1_269' title='bbox 659 3155 723 3204; x_wconf 87' lang='lat'>,&amp;</span> <span class='ocrx_word' id='word_1_270' title='bbox 736 3158 880 3200; x_wconf 91' lang='lat' dir='ltr'>Sedem</span> <span class='ocrx_word' id='word_1_271' title='bbox 906 3159 1177 3215; x_wconf 86' lang='lat' dir='ltr'>Apostolicam</span> <span class='ocrx_word' id='word_1_272' title='bbox 1208 3158 1379 3214; x_wconf 89' lang='lat' dir='ltr'>appella-</span> 
     </span>
     <span class='ocr_line' id='line_1_46' title="bbox 401 3213 1379 3270; baseline 0.004 -15"><span class='ocrx_word' id='word_1_273' title='bbox 401 3214 490 3264; x_wconf 85' lang='lat' dir='ltr'>vit,</span> <span class='ocrx_word' id='word_1_274' title='bbox 514 3213 722 3262; x_wconf 87' lang='lat' dir='ltr'>recurrit,</span> <span class='ocrx_word' id='word_1_275' title='bbox 749 3215 788 3255; x_wconf 77' lang='grc' dir='ltr'>δι</span> <span class='ocrx_word' id='word_1_276' title='bbox 811 3216 861 3256; x_wconf 90' lang='lat' dir='ltr'>de</span> <span class='ocrx_word' id='word_1_277' title='bbox 878 3218 1064 3261; x_wconf 87' lang='lat' dir='ltr'>nullitate</span> <span class='ocrx_word' id='word_1_278' title='bbox 1081 3246 1095 3270; x_wconf 91' lang='lat'>,</span> <span class='ocrx_word' id='word_1_279' title='bbox 1110 3221 1150 3262; x_wconf 89' lang='lat'>&amp;</span> <span class='ocrx_word' id='word_1_280' title='bbox 1172 3217 1379 3261; x_wconf 88' lang='lat' dir='ltr'>attentatis</span> 
     </span>
     <span class='ocr_line' id='line_1_47' title="bbox 402 3267 1384 3332; baseline 0.004 -18"><span class='ocrx_word' id='word_1_281' title='bbox 402 3272 532 3319; x_wconf 80' lang='lat' dir='ltr'>dixit,</span> <span class='ocrx_word' id='word_1_282' title='bbox 561 3267 762 3325; x_wconf 85' lang='lat' dir='ltr'>Nobisque</span> <span class='ocrx_word' id='word_1_283' title='bbox 791 3273 996 3318; x_wconf 90' lang='lat' dir='ltr'>humiliter</span> <span class='ocrx_word' id='word_1_284' title='bbox 1024 3277 1237 3332; x_wconf 86' lang='lat' dir='ltr'>supplicari</span> <span class='ocrx_word' id='word_1_285' title='bbox 1255 3272 1355 3319; x_wconf 90' lang='lat' dir='ltr'>fecit</span> <span class='ocrx_word' id='word_1_286' title='bbox 1371 3305 1384 3328; x_wconf 93' lang='lat'>,</span> 
     </span>
     <span class='ocr_line' id='line_1_48' title="bbox 401 3328 1382 3391; baseline 0.003 -19"><span class='ocrx_word' id='word_1_287' title='bbox 401 3342 592 3386; x_wconf 85' lang='lat' dir='ltr'>quatenus</span> <span class='ocrx_word' id='word_1_288' title='bbox 608 3328 817 3377; x_wconf 60' lang='lat' dir='ltr'>causams&amp;</span> <span class='ocrx_word' id='word_1_289' title='bbox 832 3332 967 3376; x_wconf 88' lang='lat' dir='ltr'>causas</span> <span class='ocrx_word' id='word_1_290' title='bbox 982 3335 1265 3391; x_wconf 81' lang='lat' dir='ltr'>appellationis</span> <span class='ocrx_word' id='word_1_291' title='bbox 1283 3349 1382 3391; x_wconf 79' lang='lat' dir='ltr'>pra:-</span> 
     </span>
     <span class='ocr_line' id='line_1_49' title="bbox 401 3386 1379 3439; baseline 0.004 -8"><span class='ocrx_word' id='word_1_292' title='bbox 401 3390 578 3439; x_wconf 46' lang='lat' dir='ltr'>dietmare</span> <span class='ocrx_word' id='word_1_293' title='bbox 595 3386 786 3432; x_wconf 83' lang='lat' dir='ltr'>nullitatis</span> <span class='ocrx_word' id='word_1_294' title='bbox 800 3404 847 3432; x_wconf 86' lang='lat' dir='ltr'>ex</span> <span class='ocrx_word' id='word_1_295' title='bbox 864 3393 992 3435; x_wconf 89' lang='lat' dir='ltr'>tribus</span> <span class='ocrx_word' id='word_1_296' title='bbox 1008 3397 1123 3437; x_wconf 85' lang='lat' dir='ltr'>&amp;c·&amp;</span> <span class='ocrx_word' id='word_1_297' title='bbox 1136 3396 1304 3437; x_wconf 85' lang='lat' dir='ltr'>notoriae</span> <span class='ocrx_word' id='word_1_298' title='bbox 1321 3395 1379 3435; x_wconf 85' lang='lat' dir='ltr'>in·</span> 
     </span>
     <span class='ocr_line' id='line_1_50' title="bbox 400 3448 1375 3505; baseline 0.004 -16"><span class='ocrx_word' id='word_1_299' title='bbox 400 3448 581 3503; x_wconf 74' lang='lat' dir='ltr'>justitiae,</span> <span class='ocrx_word' id='word_1_300' title='bbox 613 3460 686 3488; x_wconf 87' lang='lat' dir='ltr'>nec</span> <span class='ocrx_word' id='word_1_301' title='bbox 702 3462 779 3489; x_wconf 90' lang='lat' dir='ltr'>non</span> <span class='ocrx_word' id='word_1_302' title='bbox 804 3458 1093 3496; x_wconf 88' lang='lat' dir='ltr'>attentatorum</span> <span class='ocrx_word' id='word_1_303' title='bbox 1112 3483 1125 3505; x_wconf 90' lang='lat'>,</span> <span class='ocrx_word' id='word_1_304' title='bbox 1153 3455 1190 3495; x_wconf 89' lang='lat'>&amp;</span> <span class='ocrx_word' id='word_1_305' title='bbox 1207 3454 1375 3495; x_wconf 91' lang='lat' dir='ltr'>innova-</span> 
     </span>
     <span class='ocr_line' id='line_1_51' title="bbox 400 3513 1372 3564; baseline 0.007 -15"><span class='ocrx_word' id='word_1_306' title='bbox 400 3515 533 3550; x_wconf 87' lang='lat' dir='ltr'>torum</span> <span class='ocrx_word' id='word_1_307' title='bbox 556 3517 913 3564; x_wconf 77' lang='lat' dir='ltr'>quorumcunque,</span> <span class='ocrx_word' id='word_1_308' title='bbox 945 3523 992 3553; x_wconf 91' lang='lat' dir='ltr'>ac</span> <span class='ocrx_word' id='word_1_309' title='bbox 1017 3513 1277 3557; x_wconf 85' lang='lat' dir='ltr'>restitutionis</span> <span class='ocrx_word' id='word_1_310' title='bbox 1300 3513 1372 3556; x_wconf 64' lang='lat' dir='ltr'>in...</span> 
     </span>
    </p>
   </div>
   <div class='ocr_carea' id='block_1_8' title="bbox 1142 3634 1359 3697">
    <p class='ocr_par' dir='ltr' id='par_1_8' title="bbox 1142 3634 1359 3697">
     <span class='ocr_line' id='line_1_52' title="bbox 1142 3634 1359 3697; baseline 0 0"><span class='ocrx_word' id='word_1_311' title='bbox 1142 3634 1359 3697; x_wconf 87' lang='grc' dir='ltr'>ΝΟ</span> 
     </span>
    </p>
   </div>
   <div class='ocr_carea' id='block_1_9' title="bbox 1125 216 1686 310">
    <p class='ocr_par' dir='ltr' id='par_1_9' title="bbox 1125 216 1686 310">
     <span class='ocr_line' id='line_1_53' title="bbox 1125 216 1686 310; baseline 0.007 -5"><span class='ocrx_word' id='word_1_312' title='bbox 1125 216 1686 310; x_wconf 80' lang='lat' dir='ltr'>Provincia</span> 
     </span>
    </p>
   </div>
   <div class='ocr_carea' id='block_1_10' title="bbox 1422 361 2426 3395">
    <p class='ocr_par' dir='ltr' id='par_1_10' title="bbox 1422 361 2426 3395">
     <span class='ocr_line' id='line_1_54' title="bbox 1425 361 2406 421; baseline 0.001 -14"><span class='ocrx_word' id='word_1_313' title='bbox 1425 365 1626 420; x_wconf 88' lang='lat' dir='ltr'>integrum</span> <span class='ocrx_word' id='word_1_314' title='bbox 1643 361 1840 406; x_wconf 74' lang='lat' dir='ltr'>adversus</span> <span class='ocrx_word' id='word_1_315' title='bbox 1865 365 1949 407; x_wconf 83' lang='lat' dir='ltr'>non</span> <span class='ocrx_word' id='word_1_316' title='bbox 1970 364 2244 421; x_wconf 77' lang='lat' dir='ltr'>&#39;interpofitam</span> <span class='ocrx_word' id='word_1_317' title='bbox 2259 382 2261 385; x_wconf 93' lang='lat'>·</span> <span class='ocrx_word' id='word_1_318' title='bbox 2275 365 2406 411; x_wconf 85' lang='lat' dir='ltr'>forsan</span> 
     </span>
     <span class='ocr_line' id='line_1_55' title="bbox 1423 423 2409 482; baseline 0.001 -16"><span class='ocrx_word' id='word_1_319' title='bbox 1423 425 1462 467; x_wconf 91' lang='lat' dir='ltr'>in</span> <span class='ocrx_word' id='word_1_320' title='bbox 1478 435 1659 479; x_wconf 88' lang='lat' dir='ltr'>tempore</span> <span class='ocrx_word' id='word_1_321' title='bbox 1673 423 2006 479; x_wconf 82' lang='lat' dir='ltr'>appellationem,</span> <span class='ocrx_word' id='word_1_322' title='bbox 2021 424 2087 465; x_wconf 82' lang='lat' dir='ltr'>vel</span> <span class='ocrx_word' id='word_1_323' title='bbox 2102 426 2206 468; x_wconf 91' lang='lat' dir='ltr'>illius</span> <span class='ocrx_word' id='word_1_324' title='bbox 2219 438 2300 469; x_wconf 91' lang='lat' dir='ltr'>non</span> <span class='ocrx_word' id='word_1_325' title='bbox 2314 439 2409 482; x_wconf 86' lang='lat' dir='ltr'>pro-</span> 
     </span>
     <span class='ocr_line' id='line_1_56' title="bbox 1428 480 2408 541; baseline 0.002 -16"><span class='ocrx_word' id='word_1_326' title='bbox 1428 483 1703 540; x_wconf 88' lang='lat' dir='ltr'>sequutionem</span> <span class='ocrx_word' id='word_1_327' title='bbox 1720 507 1733 531; x_wconf 72' lang='lat'><em>2</em></span> <span class='ocrx_word' id='word_1_328' title='bbox 1747 482 1902 541; x_wconf 86' lang='lat' dir='ltr'>aliaque</span> <span class='ocrx_word' id='word_1_329' title='bbox 1924 480 2203 538; x_wconf 72' lang='lat' dir='ltr'>praejudicialia</span> <span class='ocrx_word' id='word_1_330' title='bbox 2219 496 2408 539; x_wconf 85' lang='lat' dir='ltr'>quaecun·</span> 
     </span>
     <span class='ocr_line' id='line_1_57' title="bbox 1428 540 2404 597; baseline -0.001 -12"><span class='ocrx_word' id='word_1_331' title='bbox 1428 556 1528 597; x_wconf 83' lang='lat' dir='ltr'>que,</span> <span class='ocrx_word' id='word_1_332' title='bbox 1545 556 1618 584; x_wconf 92' lang='lat' dir='ltr'>nec</span> <span class='ocrx_word' id='word_1_333' title='bbox 1634 555 1713 584; x_wconf 90' lang='lat' dir='ltr'>non</span> <span class='ocrx_word' id='word_1_334' title='bbox 1729 554 1864 597; x_wconf 87' lang='lat' dir='ltr'>quam,</span> <span class='ocrx_word' id='word_1_335' title='bbox 1883 543 1922 583; x_wconf 73' lang='grc' dir='ltr'>δι</span> <span class='ocrx_word' id='word_1_336' title='bbox 1934 554 2027 596; x_wconf 83' lang='lat' dir='ltr'>quas</span> <span class='ocrx_word' id='word_1_337' title='bbox 2040 540 2169 584; x_wconf 61' lang='lat' dir='ltr'>difitus</span> <span class='ocrx_word' id='word_1_338' title='bbox 2187 541 2404 596; x_wconf 59' lang='lat' dir='ltr'>Expone-ns</span> 
     </span>
     <span class='ocr_line' id='line_1_58' title="bbox 1430 598 2400 656; baseline 0 -14"><span class='ocrx_word' id='word_1_339' title='bbox 1430 601 1544 656; x_wconf 86' lang='lat' dir='ltr'>super</span> <span class='ocrx_word' id='word_1_340' title='bbox 1556 598 1750 656; x_wconf 83' lang='lat' dir='ltr'>praemiffis</span> <span class='ocrx_word' id='word_1_341' title='bbox 1773 609 1915 643; x_wconf 85' lang='lat' dir='ltr'>contra</span> <span class='ocrx_word' id='word_1_342' title='bbox 1932 599 2160 654; x_wconf 66' lang='lat' dir='ltr'>praedifitum</span> <span class='ocrx_word' id='word_1_343' title='bbox 2175 601 2400 643; x_wconf 66' lang='lat' dir='ltr'>Fratrem.»</span> 
     </span>
     <span class='ocr_line' id='line_1_59' title="bbox 1430 653 2410 714; baseline -0.002 -12"><span class='ocrx_word' id='word_1_344' title='bbox 1430 662 1529 702; x_wconf 86' lang='grc' dir='ltr'>ΝΝ.</span> <span class='ocrx_word' id='word_1_345' title='bbox 1546 686 1560 708; x_wconf 94' lang='lat'>,</span> <span class='ocrx_word' id='word_1_346' title='bbox 1573 672 1618 700; x_wconf 91' lang='lat' dir='ltr'>ac</span> <span class='ocrx_word' id='word_1_347' title='bbox 1634 658 1730 700; x_wconf 85' lang='lat' dir='ltr'>alios</span> <span class='ocrx_word' id='word_1_348' title='bbox 1745 657 2001 714; x_wconf 89' lang='lat' dir='ltr'>quoscunque</span> <span class='ocrx_word' id='word_1_349' title='bbox 2016 657 2123 700; x_wconf 93' lang='lat' dir='ltr'>illius</span> <span class='ocrx_word' id='word_1_350' title='bbox 2140 653 2345 710; x_wconf 82' lang='lat' dir='ltr'>fautores,</span> <span class='ocrx_word' id='word_1_351' title='bbox 2363 672 2410 700; x_wconf 90' lang='lat' dir='ltr'>e-</span> 
     </span>
     <span class='ocr_line' id='line_1_60' title="bbox 1428 714 2410 772; baseline 0.001 -15"><span class='ocrx_word' id='word_1_352' title='bbox 1428 714 1553 758; x_wconf 84' lang='lat' dir='ltr'>tiamfi</span> <span class='ocrx_word' id='word_1_353' title='bbox 1567 714 1909 772; x_wconf 82' lang='lat' dir='ltr'>Archiepiscopali</span> <span class='ocrx_word' id='word_1_354' title='bbox 1924 745 1938 768; x_wconf 90' lang='lat'>,</span> <span class='ocrx_word' id='word_1_355' title='bbox 1954 715 2202 772; x_wconf 80' lang='lat' dir='ltr'>Episcopali,</span> <span class='ocrx_word' id='word_1_356' title='bbox 2225 717 2294 760; x_wconf 88' lang='lat' dir='ltr'>vel</span> <span class='ocrx_word' id='word_1_357' title='bbox 2329 715 2410 759; x_wconf 75' lang='lat' dir='ltr'>alia</span> 
     </span>
     <span class='ocr_line' id='line_1_61' title="bbox 1427 774 2410 829; baseline -0.001 -11"><span class='ocrx_word' id='word_1_358' title='bbox 1427 774 1584 829; x_wconf 88' lang='lat' dir='ltr'>fulgeat</span> <span class='ocrx_word' id='word_1_359' title='bbox 1597 774 1798 829; x_wconf 84' lang='lat' dir='ltr'>dignitate</span> <span class='ocrx_word' id='word_1_360' title='bbox 1808 803 1823 826; x_wconf 94' lang='lat'>,</span> <span class='ocrx_word' id='word_1_361' title='bbox 1840 774 1962 818; x_wconf 88' lang='lat' dir='ltr'>habet</span> <span class='ocrx_word' id='word_1_362' title='bbox 1977 803 1992 826; x_wconf 94' lang='lat'>,</span> <span class='ocrx_word' id='word_1_363' title='bbox 2002 775 2042 815; x_wconf 88' lang='lat'>&amp;</span> <span class='ocrx_word' id='word_1_364' title='bbox 2058 783 2195 818; x_wconf 84' lang='lat' dir='ltr'>movet</span> <span class='ocrx_word' id='word_1_365' title='bbox 2207 801 2222 824; x_wconf 92' lang='lat'>,</span> <span class='ocrx_word' id='word_1_366' title='bbox 2240 775 2410 818; x_wconf 80' lang='lat' dir='ltr'>habere-</span> 
     </span>
     <span class='ocr_line' id='line_1_62' title="bbox 1427 831 2407 889; baseline 0 -14"><span class='ocrx_word' id='word_1_367' title='bbox 1427 847 1506 889; x_wconf 89' lang='lat' dir='ltr'>que</span> <span class='ocrx_word' id='word_1_368' title='bbox 1519 860 1532 883; x_wconf 91' lang='lat'>,</span> <span class='ocrx_word' id='word_1_369' title='bbox 1544 834 1583 874; x_wconf 75' lang='grc' dir='ltr'>δι</span> <span class='ocrx_word' id='word_1_370' title='bbox 1597 846 1758 878; x_wconf 88' lang='lat' dir='ltr'>movere</span> <span class='ocrx_word' id='word_1_371' title='bbox 1775 831 1861 875; x_wconf 85' lang='lat' dir='ltr'>vult</span> <span class='ocrx_word' id='word_1_372' title='bbox 1879 860 1894 885; x_wconf 92' lang='lat'>,</span> <span class='ocrx_word' id='word_1_373' title='bbox 1906 834 1946 874; x_wconf 76' lang='grc' dir='ltr'>δι</span> <span class='ocrx_word' id='word_1_374' title='bbox 1958 832 2255 884; x_wconf 88' lang='lat' dir='ltr'>intendit,cum</span> <span class='ocrx_word' id='word_1_375' title='bbox 2278 832 2407 875; x_wconf 89' lang='lat' dir='ltr'>omui-</span> 
     </span>
     <span class='ocr_line' id='line_1_63' title="bbox 1428 889 2405 948; baseline -0.002 -12"><span class='ocrx_word' id='word_1_376' title='bbox 1428 892 1502 936; x_wconf 91' lang='lat' dir='ltr'>bus</span> <span class='ocrx_word' id='word_1_377' title='bbox 1518 889 1591 932; x_wconf 89' lang='lat' dir='ltr'>suis</span> <span class='ocrx_word' id='word_1_378' title='bbox 1605 890 1875 936; x_wconf 81' lang='lat' dir='ltr'>incidentibus</span> <span class='ocrx_word' id='word_1_379' title='bbox 1890 919 1905 942; x_wconf 92' lang='lat'>,</span> <span class='ocrx_word' id='word_1_380' title='bbox 1917 890 2253 948; x_wconf 84' lang='lat' dir='ltr'>dependentibus,</span> <span class='ocrx_word' id='word_1_381' title='bbox 2269 904 2405 934; x_wconf 88' lang='lat' dir='ltr'>emer-</span> 
     </span>
     <span class='ocr_line' id='line_1_64' title="bbox 1428 948 2411 1007; baseline 0.001 -14"><span class='ocrx_word' id='word_1_382' title='bbox 1428 948 1610 1007; x_wconf 88' lang='lat' dir='ltr'>gentibus</span> <span class='ocrx_word' id='word_1_383' title='bbox 1626 976 1641 1000; x_wconf 83' lang='lat'>,</span> <span class='ocrx_word' id='word_1_384' title='bbox 1658 951 1846 1004; x_wconf 87' lang='lat' dir='ltr'>annexis,</span> <span class='ocrx_word' id='word_1_385' title='bbox 1875 951 1916 992; x_wconf 78' lang='grc' dir='ltr'>δι</span> <span class='ocrx_word' id='word_1_386' title='bbox 1942 950 2131 994; x_wconf 88' lang='lat' dir='ltr'>connexis</span> <span class='ocrx_word' id='word_1_387' title='bbox 2148 977 2164 1000; x_wconf 93' lang='lat'>,</span> <span class='ocrx_word' id='word_1_388' title='bbox 2194 958 2411 1006; x_wconf 56' lang='lat' dir='ltr'>totoquea,</span> 
     </span>
     <span class='ocr_line' id='line_1_65' title="bbox 1429 1008 2412 1065; baseline -0.003 -13"><span class='ocrx_word' id='word_1_389' title='bbox 1429 1008 1594 1063; x_wconf 86' lang='lat' dir='ltr'>negotio</span> <span class='ocrx_word' id='word_1_390' title='bbox 1618 1008 1828 1065; x_wconf 85' lang='lat' dir='ltr'>principali</span> <span class='ocrx_word' id='word_1_391' title='bbox 1858 1008 2068 1052; x_wconf 73' lang='lat' dir='ltr'>summarie</span> <span class='ocrx_word' id='word_1_392' title='bbox 2082 1037 2097 1059; x_wconf 89' lang='lat'>,</span> <span class='ocrx_word' id='word_1_393' title='bbox 2126 1020 2249 1064; x_wconf 89' lang='lat' dir='ltr'>prout</span> <span class='ocrx_word' id='word_1_394' title='bbox 2278 1008 2317 1051; x_wconf 92' lang='lat' dir='ltr'>in</span> <span class='ocrx_word' id='word_1_395' title='bbox 2345 1008 2412 1050; x_wconf 70' lang='lat' dir='ltr'>be·</span> 
     </span>
     <span class='ocr_line' id='line_1_66' title="bbox 1426 1065 2405 1124; baseline -0.001 -14"><span class='ocrx_word' id='word_1_396' title='bbox 1426 1065 1687 1115; x_wconf 83' lang='lat' dir='ltr'>neficialibus,</span> <span class='ocrx_word' id='word_1_397' title='bbox 1701 1066 1918 1116; x_wconf 88' lang='lat' dir='ltr'>audiendo,</span> <span class='ocrx_word' id='word_1_398' title='bbox 1933 1067 2226 1124; x_wconf 84' lang='lat' dir='ltr'>cognoscendo,</span> <span class='ocrx_word' id='word_1_399' title='bbox 2242 1065 2405 1123; x_wconf 80' lang='lat' dir='ltr'>fineque</span> 
     </span>
     <span class='ocr_line' id='line_1_67' title="bbox 1428 1125 2411 1181; baseline 0 -13"><span class='ocrx_word' id='word_1_400' title='bbox 1428 1126 1567 1168; x_wconf 90' lang='lat' dir='ltr'>debito</span> <span class='ocrx_word' id='word_1_401' title='bbox 1581 1125 1834 1170; x_wconf 90' lang='lat' dir='ltr'>terminando</span> <span class='ocrx_word' id='word_1_402' title='bbox 1850 1152 1865 1175; x_wconf 71' lang='lat' dir='ltr'>s</span> <span class='ocrx_word' id='word_1_403' title='bbox 1887 1139 1977 1167; x_wconf 90' lang='lat' dir='ltr'>cum</span> <span class='ocrx_word' id='word_1_404' title='bbox 2009 1125 2205 1181; x_wconf 85' lang='lat' dir='ltr'>potestate</span> <span class='ocrx_word' id='word_1_405' title='bbox 2227 1152 2242 1176; x_wconf 65' lang='lat'>2</span> <span class='ocrx_word' id='word_1_406' title='bbox 2269 1135 2411 1181; x_wconf 91' lang='lat' dir='ltr'>quate-</span> 
     </span>
     <span class='ocr_line' id='line_1_68' title="bbox 1429 1181 2411 1238; baseline -0.003 -11"><span class='ocrx_word' id='word_1_407' title='bbox 1429 1198 1501 1227; x_wconf 91' lang='lat' dir='ltr'>nus</span> <span class='ocrx_word' id='word_1_408' title='bbox 1531 1195 1634 1237; x_wconf 90' lang='lat' dir='ltr'>opus</span> <span class='ocrx_word' id='word_1_409' title='bbox 1662 1181 1811 1236; x_wconf 86' lang='lat' dir='ltr'>fuerit,</span> <span class='ocrx_word' id='word_1_410' title='bbox 1837 1183 2014 1234; x_wconf 87' lang='lat' dir='ltr'>citandi,</span> <span class='ocrx_word' id='word_1_411' title='bbox 2038 1181 2170 1238; x_wconf 89' lang='lat' dir='ltr'>eisque</span> <span class='ocrx_word' id='word_1_412' title='bbox 2193 1183 2411 1232; x_wconf 90' lang='lat' dir='ltr'>inhibendi,</span> 
     </span>
     <span class='ocr_line' id='line_1_69' title="bbox 1428 1240 2412 1296; baseline -0.002 -12"><span class='ocrx_word' id='word_1_413' title='bbox 1428 1244 1469 1284; x_wconf 71' lang='grc' dir='ltr'>ὅ(</span> <span class='ocrx_word' id='word_1_414' title='bbox 1494 1240 1565 1283; x_wconf 91' lang='lat' dir='ltr'>sub</span> <span class='ocrx_word' id='word_1_415' title='bbox 1578 1240 1750 1285; x_wconf 89' lang='lat' dir='ltr'>censuris</span> <span class='ocrx_word' id='word_1_416' title='bbox 1770 1241 2083 1289; x_wconf 76' lang='lat' dir='ltr'>Ecclesiasticis,</span> <span class='ocrx_word' id='word_1_417' title='bbox 2112 1243 2150 1283; x_wconf 85' lang='lat'>&amp;</span> <span class='ocrx_word' id='word_1_418' title='bbox 2174 1240 2412 1296; x_wconf 84' lang='lat' dir='ltr'>pecuniariis</span> 
     </span>
     <span class='ocr_line' id='line_1_70' title="bbox 1427 1296 2414 1358; baseline -0.004 -14"><span class='ocrx_word' id='word_1_419' title='bbox 1427 1298 1707 1358; x_wconf 86' lang='lat' dir='ltr'>procedendi,</span> <span class='ocrx_word' id='word_1_420' title='bbox 1733 1314 1778 1344; x_wconf 90' lang='lat' dir='ltr'>ac</span> <span class='ocrx_word' id='word_1_421' title='bbox 1792 1299 2073 1342; x_wconf 88' lang='lat' dir='ltr'>inobedientes</span> <span class='ocrx_word' id='word_1_422' title='bbox 2089 1299 2128 1342; x_wconf 88' lang='lat' dir='ltr'>iu</span> <span class='ocrx_word' id='word_1_423' title='bbox 2148 1299 2238 1341; x_wconf 91' lang='lat' dir='ltr'>illas</span> <span class='ocrx_word' id='word_1_424' title='bbox 2253 1296 2414 1340; x_wconf 87' lang='lat' dir='ltr'>incidis·</span> 
     </span>
     <span class='ocr_line' id='line_1_71' title="bbox 1428 1355 2417 1411; baseline -0.002 -9"><span class='ocrx_word' id='word_1_425' title='bbox 1428 1361 1466 1403; x_wconf 92' lang='lat' dir='ltr'>se</span> <span class='ocrx_word' id='word_1_426' title='bbox 1478 1388 1490 1411; x_wconf 89' lang='lat'>,</span> <span class='ocrx_word' id='word_1_427' title='bbox 1504 1357 1661 1402; x_wconf 87' lang='lat' dir='ltr'>servata</span> <span class='ocrx_word' id='word_1_428' title='bbox 1679 1357 1805 1402; x_wconf 90' lang='lat' dir='ltr'>forma</span> <span class='ocrx_word' id='word_1_429' title='bbox 1820 1358 1998 1402; x_wconf 90' lang='lat' dir='ltr'>Concilii</span> <span class='ocrx_word' id='word_1_430' title='bbox 2016 1357 2261 1408; x_wconf 86' lang='lat' dir='ltr'>Tridentini,</span> <span class='ocrx_word' id='word_1_431' title='bbox 2277 1355 2417 1400; x_wconf 69' lang='lat' dir='ltr'>decla-⁸</span> 
     </span>
     <span class='ocr_line' id='line_1_72' title="bbox 1427 1415 2420 1473; baseline -0.006 -10"><span class='ocrx_word' id='word_1_432' title='bbox 1427 1417 1541 1463; x_wconf 89' lang='lat' dir='ltr'>randi</span> <span class='ocrx_word' id='word_1_433' title='bbox 1560 1445 1574 1468; x_wconf 88' lang='lat'>,</span> <span class='ocrx_word' id='word_1_434' title='bbox 1590 1417 1866 1473; x_wconf 88' lang='lat' dir='ltr'>auxiliumque</span> <span class='ocrx_word' id='word_1_435' title='bbox 1893 1416 2045 1459; x_wconf 85' lang='lat' dir='ltr'>brachii</span> <span class='ocrx_word' id='word_1_436' title='bbox 2070 1415 2276 1460; x_wconf 85' lang='lat' dir='ltr'>Saecularis</span> <span class='ocrx_word' id='word_1_437' title='bbox 2300 1416 2420 1457; x_wconf 81' lang='lat' dir='ltr'>invo-</span> 
     </span>
     <span class='ocr_line' id='line_1_73' title="bbox 1431 1474 2418 1528; baseline -0.006 -8"><span class='ocrx_word' id='word_1_438' title='bbox 1431 1474 1577 1525; x_wconf 88' lang='lat' dir='ltr'>candi,</span> <span class='ocrx_word' id='word_1_439' title='bbox 1596 1489 1669 1518; x_wconf 91' lang='lat' dir='ltr'>nec</span> <span class='ocrx_word' id='word_1_440' title='bbox 1686 1489 1767 1518; x_wconf 89' lang='lat' dir='ltr'>non</span> <span class='ocrx_word' id='word_1_441' title='bbox 1791 1483 1991 1517; x_wconf 88' lang='lat' dir='ltr'>attentata</span> <span class='ocrx_word' id='word_1_442' title='bbox 2005 1504 2022 1527; x_wconf 90' lang='lat'>,</span> <span class='ocrx_word' id='word_1_443' title='bbox 2047 1475 2293 1518; x_wconf 87' lang='lat' dir='ltr'>&amp;innovata</span> <span class='ocrx_word' id='word_1_444' title='bbox 2312 1486 2418 1528; x_wconf 84' lang='lat' dir='ltr'>quae-</span> 
     </span>
     <span class='ocr_line' id='line_1_74' title="bbox 1429 1530 2408 1590; baseline -0.003 -11"><span class='ocrx_word' id='word_1_445' title='bbox 1429 1547 1588 1590; x_wconf 90' lang='lat' dir='ltr'>cunque</span> <span class='ocrx_word' id='word_1_446' title='bbox 1602 1534 1640 1575; x_wconf 93' lang='lat' dir='ltr'>in</span> <span class='ocrx_word' id='word_1_447' title='bbox 1657 1534 1792 1590; x_wconf 89' lang='lat' dir='ltr'>primis</span> <span class='ocrx_word' id='word_1_448' title='bbox 1809 1562 1823 1586; x_wconf 90' lang='lat'>,</span> <span class='ocrx_word' id='word_1_449' title='bbox 1836 1535 1875 1575; x_wconf 89' lang='lat'>&amp;</span> <span class='ocrx_word' id='word_1_450' title='bbox 1887 1543 1980 1575; x_wconf 90' lang='lat' dir='ltr'>ante</span> <span class='ocrx_word' id='word_1_451' title='bbox 1991 1533 2123 1576; x_wconf 88' lang='lat' dir='ltr'>omnia</span> <span class='ocrx_word' id='word_1_452' title='bbox 2137 1561 2151 1584; x_wconf 89' lang='lat'>,</span> <span class='ocrx_word' id='word_1_453' title='bbox 2178 1542 2300 1588; x_wconf 86' lang='lat' dir='ltr'>prout</span> <span class='ocrx_word' id='word_1_454' title='bbox 2315 1530 2408 1576; x_wconf 77' lang='lat' dir='ltr'>de..-</span> 
     </span>
     <span class='ocr_line' id='line_1_75' title="bbox 1424 1587 2408 1652; baseline -0.007 -14"><span class='ocrx_word' id='word_1_455' title='bbox 1424 1593 1513 1652; x_wconf 89' lang='lat' dir='ltr'>jure</span> <span class='ocrx_word' id='word_1_456' title='bbox 1525 1621 1538 1644; x_wconf 96' lang='lat'>,</span> <span class='ocrx_word' id='word_1_457' title='bbox 1563 1591 1776 1636; x_wconf 87' lang='lat' dir='ltr'>revocandi</span> <span class='ocrx_word' id='word_1_458' title='bbox 1802 1621 1815 1644; x_wconf 92' lang='lat'>,</span> <span class='ocrx_word' id='word_1_459' title='bbox 1834 1591 1985 1635; x_wconf 68' lang='lat' dir='ltr'>dietum</span> <span class='ocrx_word' id='word_1_460' title='bbox 2017 1593 2200 1634; x_wconf 86' lang='lat' dir='ltr'>Fratrem</span> <span class='ocrx_word' id='word_1_461' title='bbox 2230 1592 2327 1633; x_wconf 90' lang='grc' dir='ltr'>ΝΝ.</span> <span class='ocrx_word' id='word_1_462' title='bbox 2357 1587 2408 1632; x_wconf 81' lang='lat' dir='ltr'>ad</span> 
     </span>
     <span class='ocr_line' id='line_1_76' title="bbox 1423 1647 2411 1707; baseline -0.009 -11"><span class='ocrx_word' id='word_1_463' title='bbox 1423 1664 1608 1696; x_wconf 85' lang='lat' dir='ltr'>carceres</span> <span class='ocrx_word' id='word_1_464' title='bbox 1622 1679 1637 1702; x_wconf 91' lang='lat'>,</span> <span class='ocrx_word' id='word_1_465' title='bbox 1653 1651 1675 1694; x_wconf 74' lang='lat' dir='ltr'>a</span> <span class='ocrx_word' id='word_1_466' title='bbox 1688 1651 1829 1707; x_wconf 91' lang='lat' dir='ltr'>quibus</span> <span class='ocrx_word' id='word_1_467' title='bbox 1844 1653 2041 1693; x_wconf 60' lang='lat' dir='ltr'>extractus</span> <span class='ocrx_word' id='word_1_468' title='bbox 2060 1647 2153 1701; x_wconf 88' lang='lat' dir='ltr'>fuit,</span> <span class='ocrx_word' id='word_1_469' title='bbox 2172 1647 2411 1695; x_wconf 88' lang='lat' dir='ltr'>reducendi,</span> 
     </span>
     <span class='ocr_line' id='line_1_77' title="bbox 1422 1705 2420 1765; baseline -0.009 -11"><span class='ocrx_word' id='word_1_470' title='bbox 1422 1712 1647 1765; x_wconf 67' lang='lat' dir='ltr'>dictumque</span> <span class='ocrx_word' id='word_1_471' title='bbox 1664 1710 1798 1751; x_wconf 88' lang='lat' dir='ltr'>Procu</span> <span class='ocrx_word' id='word_1_472' title='bbox 1815 1720 1992 1752; x_wconf 83' lang='lat' dir='ltr'>ratorem</span> <span class='ocrx_word' id='word_1_473' title='bbox 2007 1708 2251 1751; x_wconf 88' lang='lat' dir='ltr'>Generalem</span> <span class='ocrx_word' id='word_1_474' title='bbox 2279 1705 2420 1748; x_wconf 81' lang='lat' dir='ltr'>adv&#39;cr-</span> 
     </span>
     <span class='ocr_line' id='line_1_78' title="bbox 1427 1763 2420 1823; baseline -0.008 -11"><span class='ocrx_word' id='word_1_475' title='bbox 1427 1772 1484 1812; x_wconf 89' lang='lat' dir='ltr'>sus</span> <span class='ocrx_word' id='word_1_476' title='bbox 1501 1767 1792 1822; x_wconf 81' lang='lat' dir='ltr'>praejudicialia</span> <span class='ocrx_word' id='word_1_477' title='bbox 1827 1767 2013 1823; x_wconf 64' lang='lat' dir='ltr'>praedicta</span> <span class='ocrx_word' id='word_1_478' title='bbox 2027 1795 2041 1816; x_wconf 88' lang='lat'>‚</span> <span class='ocrx_word' id='word_1_479' title='bbox 2073 1768 2193 1808; x_wconf 90' lang='lat' dir='ltr'>etiam</span> <span class='ocrx_word' id='word_1_480' title='bbox 2221 1773 2340 1820; x_wconf 90' lang='lat' dir='ltr'>prout</span> <span class='ocrx_word' id='word_1_481' title='bbox 2370 1763 2420 1805; x_wconf 84' lang='lat' dir='ltr'>de</span> 
     </span>
     <span class='ocr_line' id='line_1_79' title="bbox 1431 1819 2416 1879; baseline -0.006 -14"><span class='ocrx_word' id='word_1_482' title='bbox 1431 1825 1544 1879; x_wconf 83' lang='lat' dir='ltr'>jure,</span> <span class='ocrx_word' id='word_1_483' title='bbox 1567 1824 1835 1871; x_wconf 83' lang='lat' dir='ltr'>restituendi,</span> <span class='ocrx_word' id='word_1_484' title='bbox 1863 1831 2090 1876; x_wconf 85' lang='lat' dir='ltr'>caeteraque</span> <span class='ocrx_word' id='word_1_485' title='bbox 2116 1825 2157 1864; x_wconf 87' lang='lat' dir='ltr'>in</span> <span class='ocrx_word' id='word_1_486' title='bbox 2184 1819 2386 1875; x_wconf 82' lang='lat' dir='ltr'>praemiffis</span> <span class='ocrx_word' id='word_1_487' title='bbox 2401 1849 2416 1870; x_wconf 86' lang='lat'>,</span> 
     </span>
     <span class='ocr_line' id='line_1_80' title="bbox 1432 1877 2420 1933; baseline -0.005 -10"><span class='ocrx_word' id='word_1_488' title='bbox 1432 1881 1650 1923; x_wconf 88' lang='lat' dir='ltr'>&amp;circaea</span> <span class='ocrx_word' id='word_1_489' title='bbox 1669 1877 1882 1921; x_wconf 75' lang='lat' dir='ltr'>necessaria</span> <span class='ocrx_word' id='word_1_490' title='bbox 1909 1877 2246 1932; x_wconf 84' lang='lat' dir='ltr'>quomodolibet,</span> <span class='ocrx_word' id='word_1_491' title='bbox 2275 1878 2315 1919; x_wconf 75' lang='grc' dir='ltr'>δε</span> <span class='ocrx_word' id='word_1_492' title='bbox 2343 1891 2420 1933; x_wconf 89' lang='lat' dir='ltr'>op·-</span> 
     </span>
     <span class='ocr_line' id='line_1_81' title="bbox 1438 1934 2422 1994; baseline -0.004 -13"><span class='ocrx_word' id='word_1_493' title='bbox 1438 1947 1615 1994; x_wconf 82' lang='lat' dir='ltr'>portuna</span> <span class='ocrx_word' id='word_1_494' title='bbox 1631 1934 1825 1985; x_wconf 86' lang='lat' dir='ltr'>faciendi,</span> <span class='ocrx_word' id='word_1_495' title='bbox 1837 1937 2028 1987; x_wconf 90' lang='lat' dir='ltr'>dicendi,</span> <span class='ocrx_word' id='word_1_496' title='bbox 2041 1935 2286 1985; x_wconf 83' lang='lat' dir='ltr'>mandandi,</span> <span class='ocrx_word' id='word_1_497' title='bbox 2309 1949 2422 1979; x_wconf 85' lang='lat' dir='ltr'>exer-</span> 
     </span>
     <span class='ocr_line' id='line_1_82' title="bbox 1431 1993 2420 2046; baseline 0 -12"><span class='ocrx_word' id='word_1_498' title='bbox 1431 1995 1564 2039; x_wconf 85' lang='lat' dir='ltr'>cendi,</span> <span class='ocrx_word' id='word_1_499' title='bbox 1578 1997 1619 2033; x_wconf 85' lang='lat'>&amp;</span> <span class='ocrx_word' id='word_1_500' title='bbox 1633 1994 1874 2046; x_wconf 80' lang='lat' dir='ltr'>exequendi,</span> <span class='ocrx_word' id='word_1_501' title='bbox 1890 1993 2084 2046; x_wconf 83' lang='lat' dir='ltr'>praemiffis</span> <span class='ocrx_word' id='word_1_502' title='bbox 2094 2020 2109 2042; x_wconf 91' lang='lat'>,</span> <span class='ocrx_word' id='word_1_503' title='bbox 2121 1997 2161 2036; x_wconf 73' lang='lat' dir='ltr'>sc</span> <span class='ocrx_word' id='word_1_504' title='bbox 2177 1994 2246 2035; x_wconf 74' lang='lat' dir='ltr'>fel.</span> <span class='ocrx_word' id='word_1_505' title='bbox 2258 1993 2420 2036; x_wconf 86' lang='lat' dir='ltr'>record.</span> 
     </span>
     <span class='ocr_line' id='line_1_83' title="bbox 1432 2047 2419 2102; baseline 0.006 -15"><span class='ocrx_word' id='word_1_506' title='bbox 1432 2047 1626 2092; x_wconf 86' lang='lat' dir='ltr'>Bonifacii</span> <span class='ocrx_word' id='word_1_507' title='bbox 1644 2051 1759 2102; x_wconf 84' lang='lat' dir='ltr'>Papae</span> <span class='ocrx_word' id='word_1_508' title='bbox 1777 2050 1894 2090; x_wconf 76' lang='lat' dir='ltr'>vm.</span> <span class='ocrx_word' id='word_1_509' title='bbox 1915 2049 2214 2094; x_wconf 78' lang='lat' dir='ltr'>Praedecetsoris</span> <span class='ocrx_word' id='word_1_510' title='bbox 2226 2050 2349 2092; x_wconf 87' lang='lat' dir='ltr'>nostri</span> <span class='ocrx_word' id='word_1_511' title='bbox 2367 2051 2419 2093; x_wconf 86' lang='lat' dir='ltr'>de</span> 
     </span>
     <span class='ocr_line' id='line_1_84' title="bbox 1432 2105 2418 2162; baseline 0.004 -15"><span class='ocrx_word' id='word_1_512' title='bbox 1432 2119 1510 2147; x_wconf 89' lang='lat' dir='ltr'>una</span> <span class='ocrx_word' id='word_1_513' title='bbox 1527 2134 1542 2155; x_wconf 84' lang='grc'>,</span> <span class='ocrx_word' id='word_1_514' title='bbox 1559 2106 1599 2147; x_wconf 87' lang='lat'>&amp;</span> <span class='ocrx_word' id='word_1_515' title='bbox 1614 2105 1789 2148; x_wconf 87' lang='lat' dir='ltr'>Concilii</span> <span class='ocrx_word' id='word_1_516' title='bbox 1808 2106 2002 2161; x_wconf 86' lang='lat' dir='ltr'>generalis</span> <span class='ocrx_word' id='word_1_517' title='bbox 2031 2108 2083 2152; x_wconf 88' lang='lat' dir='ltr'>de</span> <span class='ocrx_word' id='word_1_518' title='bbox 2097 2110 2246 2152; x_wconf 85' lang='lat' dir='ltr'>duabus</span> <span class='ocrx_word' id='word_1_519' title='bbox 2265 2109 2418 2162; x_wconf 79' lang='lat' dir='ltr'>Dictis,</span> 
     </span>
     <span class='ocr_line' id='line_1_85' title="bbox 1433 2163 2417 2224; baseline 0.003 -19"><span class='ocrx_word' id='word_1_520' title='bbox 1433 2163 1658 2207; x_wconf 88' lang='lat' dir='ltr'>dummodo</span> <span class='ocrx_word' id='word_1_521' title='bbox 1671 2165 1759 2219; x_wconf 89' lang='lat' dir='ltr'>quis</span> <span class='ocrx_word' id='word_1_522' title='bbox 1781 2166 1888 2208; x_wconf 87' lang='lat' dir='ltr'>ultra</span> <span class='ocrx_word' id='word_1_523' title='bbox 1904 2177 1983 2207; x_wconf 86' lang='lat' dir='ltr'>tres</span> <span class='ocrx_word' id='word_1_524' title='bbox 2002 2168 2140 2210; x_wconf 89' lang='lat' dir='ltr'>Dietas</span> <span class='ocrx_word' id='word_1_525' title='bbox 2158 2169 2296 2224; x_wconf 86' lang='lat' dir='ltr'>vigore</span> <span class='ocrx_word' id='word_1_526' title='bbox 2322 2175 2417 2224; x_wconf 79' lang='lat' dir='ltr'>prae&#39;.</span> 
     </span>
     <span class='ocr_line' id='line_1_86' title="bbox 1433 2220 2418 2279; baseline 0.004 -15"><span class='ocrx_word' id='word_1_527' title='bbox 1433 2220 1602 2267; x_wconf 86' lang='lat' dir='ltr'>sentium</span> <span class='ocrx_word' id='word_1_528' title='bbox 1623 2233 1736 2266; x_wconf 81' lang='lat' dir='ltr'>extra</span> <span class='ocrx_word' id='word_1_529' title='bbox 1752 2221 1860 2266; x_wconf 87' lang='lat' dir='ltr'>suam</span> <span class='ocrx_word' id='word_1_530' title='bbox 1882 2225 2104 2270; x_wconf 85' lang='lat' dir='ltr'>Civitatem</span> <span class='ocrx_word' id='word_1_531' title='bbox 2120 2256 2133 2279; x_wconf 91' lang='lat'>,</span> <span class='ocrx_word' id='word_1_532' title='bbox 2146 2242 2194 2269; x_wconf 89' lang='lat' dir='ltr'>ac</span> <span class='ocrx_word' id='word_1_533' title='bbox 2209 2225 2418 2269; x_wconf 86' lang='lat' dir='ltr'>Dioecefiu</span> 
     </span>
     <span class='ocr_line' id='line_1_87' title="bbox 1435 2280 2415 2336; baseline 0.005 -12"><span class='ocrx_word' id='word_1_534' title='bbox 1435 2280 1700 2336; x_wconf 78' lang='lat' dir='ltr'>adjudicium</span> <span class='ocrx_word' id='word_1_535' title='bbox 1715 2295 1795 2323; x_wconf 91' lang='lat' dir='ltr'>non</span> <span class='ocrx_word' id='word_1_536' title='bbox 1813 2283 1995 2325; x_wconf 82' lang='lat' dir='ltr'>trahatur</span> <span class='ocrx_word' id='word_1_537' title='bbox 2005 2296 2021 2336; x_wconf 88' lang='lat'>;</span> <span class='ocrx_word' id='word_1_538' title='bbox 2036 2299 2080 2328; x_wconf 85' lang='lat' dir='ltr'>ac</span> <span class='ocrx_word' id='word_1_539' title='bbox 2098 2285 2187 2329; x_wconf 78' lang='lat' dir='ltr'>aliis</span> <span class='ocrx_word' id='word_1_540' title='bbox 2202 2285 2415 2328; x_wconf 83' lang='lat' dir='ltr'>Constitu-</span> 
     </span>
     <span class='ocr_line' id='line_1_88' title="bbox 1435 2339 2420 2399; baseline 0.004 -18"><span class='ocrx_word' id='word_1_541' title='bbox 1435 2339 1634 2389; x_wconf 81' lang='lat' dir='ltr'>tionibus,</span> <span class='ocrx_word' id='word_1_542' title='bbox 1645 2341 1683 2382; x_wconf 57' lang='grc' dir='ltr'>ὃ(</span> <span class='ocrx_word' id='word_1_543' title='bbox 1697 2342 2034 2386; x_wconf 80' lang='lat' dir='ltr'>ordinationibus</span> <span class='ocrx_word' id='word_1_544' title='bbox 2047 2343 2286 2399; x_wconf 83' lang='lat' dir='ltr'>Apostolicis</span> <span class='ocrx_word' id='word_1_545' title='bbox 2303 2373 2320 2395; x_wconf 90' lang='lat'>,</span> <span class='ocrx_word' id='word_1_546' title='bbox 2341 2357 2420 2385; x_wconf 85' lang='lat' dir='ltr'>cae-</span> 
     </span>
     <span class='ocr_line' id='line_1_89' title="bbox 1433 2398 2418 2459; baseline 0.004 -16"><span class='ocrx_word' id='word_1_547' title='bbox 1433 2398 1607 2454; x_wconf 90' lang='lat' dir='ltr'>terisque</span> <span class='ocrx_word' id='word_1_548' title='bbox 1630 2399 1837 2444; x_wconf 88' lang='lat' dir='ltr'>contrariis</span> <span class='ocrx_word' id='word_1_549' title='bbox 1866 2402 2117 2459; x_wconf 81' lang='lat' dir='ltr'>nequaquam</span> <span class='ocrx_word' id='word_1_550' title='bbox 2143 2401 2418 2452; x_wconf 76' lang='lat' dir='ltr'>obstantibus,</span> 
     </span>
     <span class='ocr_line' id='line_1_90' title="bbox 1434 2458 2421 2518; baseline 0.001 -17"><span class='ocrx_word' id='word_1_551' title='bbox 1434 2458 1690 2501; x_wconf 88' lang='lat' dir='ltr'>committere</span> <span class='ocrx_word' id='word_1_552' title='bbox 1705 2458 1908 2515; x_wconf 71' lang='lat' dir='ltr'>,aliasque</span> <span class='ocrx_word' id='word_1_553' title='bbox 1936 2462 1974 2503; x_wconf 93' lang='lat' dir='ltr'>in</span> <span class='ocrx_word' id='word_1_554' title='bbox 1992 2459 2193 2516; x_wconf 82' lang='lat' dir='ltr'>praemiffis</span> <span class='ocrx_word' id='word_1_555' title='bbox 2219 2471 2421 2518; x_wconf 85' lang='lat' dir='ltr'>opportu-</span> 
     </span>
     <span class='ocr_line' id='line_1_91' title="bbox 1437 2517 2422 2575; baseline 0 -15"><span class='ocrx_word' id='word_1_556' title='bbox 1437 2517 1492 2564; x_wconf 62' lang='lat' dir='ltr'>ne,</span> <span class='ocrx_word' id='word_1_557' title='bbox 1508 2517 1728 2571; x_wconf 88' lang='lat' dir='ltr'>providere</span> <span class='ocrx_word' id='word_1_558' title='bbox 1740 2544 1753 2566; x_wconf 82' lang='lat'>,</span> <span class='ocrx_word' id='word_1_559' title='bbox 1771 2517 1821 2560; x_wconf 90' lang='lat' dir='ltr'>de</span> <span class='ocrx_word' id='word_1_560' title='bbox 1839 2519 2094 2575; x_wconf 88' lang='lat' dir='ltr'>benignitate</span> <span class='ocrx_word' id='word_1_561' title='bbox 2109 2519 2344 2574; x_wconf 82' lang='lat' dir='ltr'>Apostolica</span> <span class='ocrx_word' id='word_1_562' title='bbox 2355 2518 2422 2561; x_wconf 88' lang='lat' dir='ltr'>di-</span> 
     </span>
     <span class='ocr_line' id='line_1_92' title="bbox 1437 2577 2424 2633; baseline 0.004 -17"><span class='ocrx_word' id='word_1_563' title='bbox 1437 2588 1648 2629; x_wconf 87' lang='lat' dir='ltr'>gnaremur</span> <span class='ocrx_word' id='word_1_564' title='bbox 1661 2605 1672 2618; x_wconf 87' lang='lat'><strong>.</strong></span> <span class='ocrx_word' id='word_1_565' title='bbox 1688 2579 1775 2618; x_wconf 88' lang='lat' dir='ltr'>Nos</span> <span class='ocrx_word' id='word_1_566' title='bbox 1800 2577 1923 2633; x_wconf 86' lang='lat' dir='ltr'>igitur</span> <span class='ocrx_word' id='word_1_567' title='bbox 1938 2578 2095 2629; x_wconf 90' lang='lat' dir='ltr'>statum,</span> <span class='ocrx_word' id='word_1_568' title='bbox 2114 2578 2155 2619; x_wconf 89' lang='lat'>&amp;</span> <span class='ocrx_word' id='word_1_569' title='bbox 2169 2577 2424 2620; x_wconf 70' lang='lat' dir='ltr'>meritacau-</span> 
     </span>
     <span class='ocr_line' id='line_1_93' title="bbox 1440 2633 2422 2694; baseline 0.002 -18"><span class='ocrx_word' id='word_1_570' title='bbox 1440 2633 1511 2684; x_wconf 87' lang='lat' dir='ltr'>sae,</span> <span class='ocrx_word' id='word_1_571' title='bbox 1529 2635 1566 2676; x_wconf 85' lang='lat'>&amp;</span> <span class='ocrx_word' id='word_1_572' title='bbox 1587 2634 1790 2679; x_wconf 87' lang='lat' dir='ltr'>causarum</span> <span class='ocrx_word' id='word_1_573' title='bbox 1806 2634 2032 2694; x_wconf 86' lang='lat' dir='ltr'>hujusmodi</span> <span class='ocrx_word' id='word_1_574' title='bbox 2059 2636 2316 2692; x_wconf 73' lang='lat' dir='ltr'>praesentibus</span> <span class='ocrx_word' id='word_1_575' title='bbox 2347 2648 2422 2691; x_wconf 85' lang='lat' dir='ltr'>pro</span> 
     </span>
     <span class='ocr_line' id='line_1_94' title="bbox 1440 2691 2426 2751; baseline 0.003 -15"><span class='ocrx_word' id='word_1_576' title='bbox 1440 2691 1627 2748; x_wconf 85' lang='lat' dir='ltr'>expreffis</span> <span class='ocrx_word' id='word_1_577' title='bbox 1646 2694 1839 2737; x_wconf 90' lang='lat' dir='ltr'>habentes</span> <span class='ocrx_word' id='word_1_578' title='bbox 1853 2724 1867 2747; x_wconf 87' lang='lat'>,</span> <span class='ocrx_word' id='word_1_579' title='bbox 1883 2694 2089 2751; x_wconf 88' lang='lat' dir='ltr'>ipsumque</span> <span class='ocrx_word' id='word_1_580' title='bbox 2105 2697 2426 2751; x_wconf 63' lang='lat' dir='ltr'>Exponentem</span> 
     </span>
     <span class='ocr_line' id='line_1_95' title="bbox 1439 2750 2425 2805; baseline 0.006 -15"><span class='ocrx_word' id='word_1_581' title='bbox 1439 2753 1463 2796; x_wconf 66' lang='lat' dir='ltr'>a</span> <span class='ocrx_word' id='word_1_582' title='bbox 1489 2750 1692 2805; x_wconf 88' lang='lat' dir='ltr'>quibusvis</span> <span class='ocrx_word' id='word_1_583' title='bbox 1726 2754 2156 2797; x_wconf 84' lang='lat' dir='ltr'>excommunicationis</span> <span class='ocrx_word' id='word_1_584' title='bbox 2186 2755 2264 2796; x_wconf 73' lang='grc' dir='ltr'>διε.</span> <span class='ocrx_word' id='word_1_585' title='bbox 2292 2751 2425 2797; x_wconf 90' lang='lat' dir='ltr'>absol-</span> 
     </span>
     <span class='ocr_line' id='line_1_96' title="bbox 1443 2809 2423 2866; baseline 0.002 -14"><span class='ocrx_word' id='word_1_586' title='bbox 1443 2818 1580 2852; x_wconf 88' lang='lat' dir='ltr'>ventes</span> <span class='ocrx_word' id='word_1_587' title='bbox 1595 2838 1608 2860; x_wconf 91' lang='lat'>,</span> <span class='ocrx_word' id='word_1_588' title='bbox 1631 2811 1670 2853; x_wconf 77' lang='grc' dir='ltr'>δι</span> <span class='ocrx_word' id='word_1_589' title='bbox 1685 2810 1909 2853; x_wconf 85' lang='lat' dir='ltr'>absolutum</span> <span class='ocrx_word' id='word_1_590' title='bbox 1932 2810 2019 2854; x_wconf 89' lang='lat' dir='ltr'>fore</span> <span class='ocrx_word' id='word_1_591' title='bbox 2041 2812 2266 2863; x_wconf 85' lang='lat' dir='ltr'>censentes,</span> <span class='ocrx_word' id='word_1_592' title='bbox 2284 2809 2423 2866; x_wconf 79' lang='lat' dir='ltr'>hujus-</span> 
     </span>
     <span class='ocr_line' id='line_1_97' title="bbox 1440 2866 2422 2923; baseline 0.003 -13"><span class='ocrx_word' id='word_1_593' title='bbox 1440 2867 1549 2910; x_wconf 89' lang='lat' dir='ltr'>modi</span> <span class='ocrx_word' id='word_1_594' title='bbox 1565 2866 1916 2923; x_wconf 88' lang='lat' dir='ltr'>supplicationibus</span> <span class='ocrx_word' id='word_1_595' title='bbox 1930 2869 2140 2921; x_wconf 82' lang='lat' dir='ltr'>inclinati,</span> <span class='ocrx_word' id='word_1_596' title='bbox 2156 2869 2422 2914; x_wconf 69' lang='lat' dir='ltr'>fraternitati</span> 
     </span>
     <span class='ocr_line' id='line_1_98' title="bbox 1441 2927 2425 2984; baseline 0.001 -16"><span class='ocrx_word' id='word_1_597' title='bbox 1441 2937 1516 2968; x_wconf 87' lang='lat' dir='ltr'>tuae</span> <span class='ocrx_word' id='word_1_598' title='bbox 1534 2951 1548 2974; x_wconf 71' lang='lat' dir='ltr'>s</span> <span class='ocrx_word' id='word_1_599' title='bbox 1562 2928 1629 2967; x_wconf 85' lang='lat' dir='ltr'>Fr.</span> <span class='ocrx_word' id='word_1_600' title='bbox 1641 2927 1952 2984; x_wconf 86' lang='lat' dir='ltr'>Archiepiscope</span> <span class='ocrx_word' id='word_1_601' title='bbox 1965 2956 1980 2980; x_wconf 93' lang='lat'>,</span> <span class='ocrx_word' id='word_1_602' title='bbox 1996 2942 2067 2984; x_wconf 83' lang='lat' dir='ltr'>per</span> <span class='ocrx_word' id='word_1_603' title='bbox 2081 2929 2293 2984; x_wconf 84' lang='lat' dir='ltr'>praesentes</span> <span class='ocrx_word' id='word_1_604' title='bbox 2307 2941 2425 2973; x_wconf 88' lang='lat' dir='ltr'>com-</span> 
     </span>
     <span class='ocr_line' id='line_1_99' title="bbox 1444 2984 2423 3044; baseline 0.003 -17"><span class='ocrx_word' id='word_1_605' title='bbox 1444 2984 1637 3027; x_wconf 88' lang='lat' dir='ltr'>mittimus</span> <span class='ocrx_word' id='word_1_606' title='bbox 1651 3010 1664 3031; x_wconf 82' lang='lat'>,</span> <span class='ocrx_word' id='word_1_607' title='bbox 1678 2986 1718 3027; x_wconf 73' lang='grc' dir='ltr'>δι</span> <span class='ocrx_word' id='word_1_608' title='bbox 1731 2986 1980 3039; x_wconf 89' lang='lat' dir='ltr'>mandamus,</span> <span class='ocrx_word' id='word_1_609' title='bbox 1993 2995 2189 3044; x_wconf 88' lang='lat' dir='ltr'>quatenus</span> <span class='ocrx_word' id='word_1_610' title='bbox 2205 2987 2356 3030; x_wconf 83' lang='lat' dir='ltr'>vocatis</span> <span class='ocrx_word' id='word_1_611' title='bbox 2371 2986 2423 3030; x_wconf 88' lang='lat' dir='ltr'>ad</span> 
     </span>
     <span class='ocr_line' id='line_1_100' title="bbox 1438 3041 2423 3101; baseline 0.002 -16"><span class='ocrx_word' id='word_1_612' title='bbox 1438 3043 1569 3099; x_wconf 86' lang='lat' dir='ltr'>id,qui</span> <span class='ocrx_word' id='word_1_613' title='bbox 1583 3041 1729 3087; x_wconf 89' lang='lat' dir='ltr'>suerint</span> <span class='ocrx_word' id='word_1_614' title='bbox 1743 3045 1996 3095; x_wconf 87' lang='lat' dir='ltr'>evocandi,in</span> <span class='ocrx_word' id='word_1_615' title='bbox 2012 3045 2207 3101; x_wconf 81' lang='lat' dir='ltr'>praemiffis</span> <span class='ocrx_word' id='word_1_616' title='bbox 2226 3046 2423 3095; x_wconf 90' lang='lat' dir='ltr'>omnibus,</span> 
     </span>
     <span class='ocr_line' id='line_1_101' title="bbox 1438 3101 2423 3160; baseline 0.003 -17"><span class='ocrx_word' id='word_1_617' title='bbox 1438 3104 1477 3143; x_wconf 91' lang='lat'>&amp;</span> <span class='ocrx_word' id='word_1_618' title='bbox 1492 3101 1664 3156; x_wconf 79' lang='lat' dir='ltr'>singulis,</span> <span class='ocrx_word' id='word_1_619' title='bbox 1678 3104 1918 3147; x_wconf 70' lang='lat' dir='ltr'>auctoritate</span> <span class='ocrx_word' id='word_1_620' title='bbox 1932 3105 2060 3147; x_wconf 86' lang='lat' dir='ltr'>nostra</span> <span class='ocrx_word' id='word_1_621' title='bbox 2085 3102 2221 3154; x_wconf 83' lang='lat' dir='ltr'>facias,</span> <span class='ocrx_word' id='word_1_622' title='bbox 2236 3113 2356 3160; x_wconf 85' lang='lat' dir='ltr'>prout</span> <span class='ocrx_word' id='word_1_623' title='bbox 2370 3103 2423 3146; x_wconf 87' lang='lat' dir='ltr'>de</span> 
     </span>
     <span class='ocr_line' id='line_1_102' title="bbox 1439 3159 2016 3218; baseline 0.002 -17"><span class='ocrx_word' id='word_1_624' title='bbox 1439 3160 1529 3218; x_wconf 82' lang='lat' dir='ltr'>,jure</span> <span class='ocrx_word' id='word_1_625' title='bbox 1543 3159 1664 3203; x_wconf 89' lang='lat' dir='ltr'>fuerit</span> <span class='ocrx_word' id='word_1_626' title='bbox 1690 3160 1915 3206; x_wconf 85' lang='lat' dir='ltr'>faciendum</span> <span class='ocrx_word' id='word_1_627' title='bbox 1939 3163 2016 3204; x_wconf 86' lang='lat' dir='ltr'>&amp;c.</span> 
     </span>
     <span class='ocr_line' id='line_1_103' title="bbox 1560 3219 2419 3276; baseline 0.006 -16"><span class='ocrx_word' id='word_1_628' title='bbox 1560 3221 1709 3262; x_wconf 89' lang='lat' dir='ltr'>Datum</span> <span class='ocrx_word' id='word_1_629' title='bbox 1727 3222 1863 3262; x_wconf 86' lang='lat' dir='ltr'>Romae</span> <span class='ocrx_word' id='word_1_630' title='bbox 1879 3219 1985 3276; x_wconf 88' lang='lat' dir='ltr'>apud</span> <span class='ocrx_word' id='word_1_631' title='bbox 2002 3222 2190 3264; x_wconf 68' lang='lat' dir='ltr'>Sanctum</span> <span class='ocrx_word' id='word_1_632' title='bbox 2213 3221 2419 3265; x_wconf 77' lang='lat' dir='ltr'>Petrum..</span> 
     </span>
     <span class='ocr_line' id='line_1_104' title="bbox 1445 3276 2424 3324; baseline 0.006 -6"><span class='ocrx_word' id='word_1_633' title='bbox 1445 3276 1515 3320; x_wconf 91' lang='lat' dir='ltr'>sub</span> <span class='ocrx_word' id='word_1_634' title='bbox 1541 3278 1688 3319; x_wconf 88' lang='lat' dir='ltr'>annulo</span> <span class='ocrx_word' id='word_1_635' title='bbox 1715 3277 1928 3320; x_wconf 86' lang='lat' dir='ltr'>Piscatoris</span> <span class='ocrx_word' id='word_1_636' title='bbox 1944 3277 2010 3320; x_wconf 90' lang='lat' dir='ltr'>die</span> <span class='ocrx_word' id='word_1_637' title='bbox 2029 3292 2122 3321; x_wconf 75' lang='lat' dir='ltr'>xvi.</span> <span class='ocrx_word' id='word_1_638' title='bbox 2140 3279 2276 3322; x_wconf 85' lang='lat' dir='ltr'>Martii</span> <span class='ocrx_word' id='word_1_639' title='bbox 2302 3295 2424 3324; x_wconf 74' lang='grc' dir='ltr'><strong>Μυο-</strong></span> 
     </span>
     <span class='ocr_line' id='line_1_105' title="bbox 1443 3335 2366 3395; baseline 0 -15"><span class='ocrx_word' id='word_1_640' title='bbox 1443 3350 1563 3380; x_wconf 76' lang='lat' dir='ltr'>xxvii</span> <span class='ocrx_word' id='word_1_641' title='bbox 1578 3350 1607 3377; x_wconf 83' lang='lat'>1.</span> <span class='ocrx_word' id='word_1_642' title='bbox 1626 3335 1887 3379; x_wconf 73' lang='lat' dir='ltr'>Pontificatfis</span> <span class='ocrx_word' id='word_1_643' title='bbox 1904 3337 2025 3381; x_wconf 87' lang='lat' dir='ltr'>nostri</span> <span class='ocrx_word' id='word_1_644' title='bbox 2041 3339 2165 3381; x_wconf 88' lang='lat' dir='ltr'>Anno</span> <span class='ocrx_word' id='word_1_645' title='bbox 2177 3338 2335 3395; x_wconf 88' lang='lat' dir='ltr'>Quinto</span> <span class='ocrx_word' id='word_1_646' title='bbox 2352 3368 2366 3380; x_wconf 85' lang='grc'><strong>.</strong></span> 
     </span>
    </p>
   </div>
   <div class='ocr_carea' id='block_1_11' title="bbox 1497 3453 2418 3556">
    <p class='ocr_par' dir='ltr' id='par_1_11' title="bbox 1497 3453 2418 3556">
     <span class='ocr_line' id='line_1_106' title="bbox 1497 3453 2418 3508; baseline 0.004 -14"><span class='ocrx_word' id='word_1_647' title='bbox 1497 3454 1707 3507; x_wconf 81' lang='lat' dir='ltr'>Exemplar</span> <span class='ocrx_word' id='word_1_648' title='bbox 1720 3456 1762 3495; x_wconf 85' lang='lat' dir='ltr'>in</span> <span class='ocrx_word' id='word_1_649' title='bbox 1790 3453 1911 3495; x_wconf 85' lang='lat' dir='ltr'>Arcb.</span> <span class='ocrx_word' id='word_1_650' title='bbox 1919 3455 2099 3508; x_wconf 78' lang='lat' dir='ltr'>generali</span> <span class='ocrx_word' id='word_1_651' title='bbox 2116 3455 2210 3500; x_wconf 82' lang='lat' dir='ltr'>Ord.</span> <span class='ocrx_word' id='word_1_652' title='bbox 2231 3457 2418 3499; x_wconf 76' lang='lat' dir='ltr'>Armarto</span> 
     </span>
     <span class='ocr_line' id='line_1_107' title="bbox 1554 3513 2053 3556; baseline 0.004 -2"><span class='ocrx_word' id='word_1_653' title='bbox 1554 3513 1769 3555; x_wconf 87' lang='lat' dir='ltr'>Provincia</span> <span class='ocrx_word' id='word_1_654' title='bbox 1788 3513 2027 3556; x_wconf 77' lang='lat' dir='ltr'>Turonensis</span> <span class='ocrx_word' id='word_1_655' title='bbox 2042 3543 2053 3555; x_wconf 91' lang='lat'><strong>.</strong></span> 
     </span>
    </p>
   </div>
   <div class='ocr_carea' id='block_1_12' title="bbox 1451 3633 1692 3697">
    <p class='ocr_par' dir='ltr' id='par_1_12' title="bbox 1451 3633 1692 3697">
     <span class='ocr_line' id='line_1_108' title="bbox 1451 3633 1692 3697; baseline 0 -1"><span class='ocrx_word' id='word_1_656' title='bbox 1451 3633 1692 3697; x_wconf 89' lang='lat' dir='ltr'>TA.</span> 
     </span>
    </p>
   </div>
   <div class='ocr_carea' id='block_1_13' title="bbox 396 3755 2420 3861">
    <p class='ocr_par' dir='ltr' id='par_1_13' title="bbox 396 3755 2420 3861">
     <span class='ocr_line' id='line_1_109' title="bbox 396 3755 2420 3847; baseline 0.002 -51"><span class='ocrx_word' id='word_1_657' title='bbox 396 3755 467 3847; x_wconf 83' lang='lat' dir='ltr'>E</span> <span class='ocrx_word' id='word_1_658' title='bbox 485 3756 570 3792; x_wconf 82' lang='lat' dir='ltr'>Gisse</span> <span class='ocrx_word' id='word_1_659' title='bbox 594 3763 768 3803; x_wconf 69' lang='lat' dir='ltr'>praesertim</span> <span class='ocrx_word' id='word_1_660' title='bbox 786 3775 901 3804; x_wconf 79' lang='lat' dir='ltr'>contra</span> <span class='ocrx_word' id='word_1_661' title='bbox 917 3765 1195 3801; x_wconf 79' lang='lat' dir='ltr'>Constitutionem</span> <span class='ocrx_word' id='word_1_662' title='bbox 1207 3764 1240 3798; x_wconf 90' lang='lat' dir='ltr'>S.</span> <span class='ocrx_word' id='word_1_663' title='bbox 1253 3764 1303 3799; x_wconf 80' lang='lat' dir='ltr'>Pii</span> <span class='ocrx_word' id='word_1_664' title='bbox 1323 3763 1363 3800; x_wconf 92' lang='lat' dir='ltr'>V.</span> <span class='ocrx_word' id='word_1_665' title='bbox 1376 3763 1552 3811; x_wconf 83' lang='lat' dir='ltr'>Episcopus</span> <span class='ocrx_word' id='word_1_666' title='bbox 1564 3763 1593 3799; x_wconf 89' lang='lat' dir='ltr'>in</span> <span class='ocrx_word' id='word_1_667' title='bbox 1608 3764 1725 3800; x_wconf 88' lang='lat' dir='ltr'>litteris</span> <span class='ocrx_word' id='word_1_668' title='bbox 1741 3763 1925 3809; x_wconf 79' lang='lat' dir='ltr'>praepofitis</span> <span class='ocrx_word' id='word_1_669' title='bbox 1939 3764 2113 3810; x_wconf 83' lang='lat' dir='ltr'>arguitur,</span> <span class='ocrx_word' id='word_1_670' title='bbox 2127 3775 2221 3811; x_wconf 83' lang='lat' dir='ltr'>quam</span> <span class='ocrx_word' id='word_1_671' title='bbox 2236 3772 2307 3798; x_wconf 85' lang='lat' dir='ltr'>eam</span> <span class='ocrx_word' id='word_1_672' title='bbox 2326 3763 2420 3800; x_wconf 64' lang='lat' dir='ltr'>effe&gt;</span> 
     </span>
     <span class='ocr_line' id='line_1_110' title="bbox 493 3805 2310 3861; baseline -0.002 -13"><span class='ocrx_word' id='word_1_673' title='bbox 493 3805 637 3842; x_wconf 74' lang='lat' dir='ltr'>³¹b¹tr0r</span> <span class='ocrx_word' id='word_1_674' title='bbox 650 3832 660 3848; x_wconf 71' lang='lat'><em>2</em></span> <span class='ocrx_word' id='word_1_675' title='bbox 677 3823 749 3856; x_wconf 82' lang='lat' dir='ltr'>quae</span> <span class='ocrx_word' id='word_1_676' title='bbox 763 3814 874 3861; x_wconf 83' lang='lat' dir='ltr'>incipit</span> <span class='ocrx_word' id='word_1_677' title='bbox 889 3827 898 3848; x_wconf 75' lang='grc' dir='ltr'><strong><em>ε</em></strong></span> <span class='ocrx_word' id='word_1_678' title='bbox 916 3814 982 3860; x_wconf 79' lang='lat' dir='ltr'>Etsi</span> <span class='ocrx_word' id='word_1_679' title='bbox 993 3814 1248 3853; x_wconf 80' lang='lat' dir='ltr'>Mendicantium</span> <span class='ocrx_word' id='word_1_680' title='bbox 1262 3814 1393 3850; x_wconf 78' lang='lat' dir='ltr'>ordines</span> <span class='ocrx_word' id='word_1_681' title='bbox 1408 3815 1480 3852; x_wconf 53' lang='grc' dir='ltr'>ὠς.</span> <span class='ocrx_word' id='word_1_682' title='bbox 1493 3813 1530 3849; x_wconf 83' lang='lat' dir='ltr'>Et</span> <span class='ocrx_word' id='word_1_683' title='bbox 1541 3813 1572 3848; x_wconf 89' lang='lat' dir='ltr'>in</span> <span class='ocrx_word' id='word_1_684' title='bbox 1588 3825 1653 3861; x_wconf 84' lang='lat' dir='ltr'>qua</span> <span class='ocrx_word' id='word_1_685' title='bbox 1671 3816 1820 3848; x_wconf 74' lang='lat' dir='ltr'>num-16.</span> <span class='ocrx_word' id='word_1_686' title='bbox 1831 3813 1970 3859; x_wconf 85' lang='lat' dir='ltr'>sequens</span> <span class='ocrx_word' id='word_1_687' title='bbox 1989 3811 2148 3848; x_wconf 82' lang='lat' dir='ltr'>articulus</span> <span class='ocrx_word' id='word_1_688' title='bbox 2164 3811 2310 3858; x_wconf 73' lang='lat' dir='ltr'>legitur:</span> 
     </span>
    </p>
   </div>
  </div>
 </body>
</html>
