2612 4100
854 248 1595 366 Lugdunensis.

219 388 404 431 inclinati
415 417 428 439 ,
443 387 493 430 de
510 388 810 433 Venerabilium
825 393 1012 433 Fratrum
1038 393 1195 434 nostro-

214 461 304 490 rum
326 447 366 488 S.
383 449 434 489 R.
452 450 499 490 E.
518 449 813 497 cardinalium,
827 449 996 503 negotiis
1010 477 1025 501 ,
1040 451 1080 490 δι
1094 463 1193 490 con-

214 505 496 549 sultationibus
512 507 799 563 Episcoporum
814 534 827 557 ,
856 508 896 548 δι
923 505 1190 560 Regularium

211 563 539 622 praepositorum,
554 565 623 620 qui
646 565 882 607 relationem
913 564 1047 606 dilecti
1070 564 1192 606 etiam

211 624 334 674 Filii,
352 623 722 665 Vicariimemorati
745 623 930 679 Episcopi
957 623 1189 675 Lingonen-

212 682 259 724 fis
286 683 326 722 in
351 681 614 735 spiritualibus
625 682 836 724 Generalis
867 681 979 735 super
1003 679 1192 736 premiffis

210 740 262 782 ad
286 737 447 782 eosdem
475 739 715 788 cardinales
742 737 998 782 transmiffam
1026 738 1195 780 audive-

210 805 306 842 runt
318 826 332 849 ‚
347 811 509 854 remque
526 798 684 841 mature
706 797 990 847 discufferunt‚
1006 795 1204 846 consilio,'

210 859 416 898 transitum
448 857 540 899 dieti
572 856 767 900 Ludovici
798 856 850 899 de
880 854 1055 898 secundo
1080 855 1188 895 disto

208 914 364 957 Ordine
391 914 441 955 ad
461 914 743 968 primodictum
758 913 954 956 Ordinem
984 914 1004 965 (
1020 922 1062 953 ut
1092 925 1190 965 prae-

209 972 370 1027 fertur)
401 970 572 1021 fastum,
605 972 643 1011 in
666 981 839 1025 utroque
866 969 956 1012 foro
984 969 1186 1018 sustineri,

205 1030 445 1073 auctoritate
462 1031 490 1069 A
498 1026 715 1082 postolica,
743 1038 885 1071 tenore
907 1027 1187 1084 praesentium„

205 1087 478 1130 declaramus.
506 1088 781 1129 Decernentes
807 1084 966 1129 easdem
981 1089 1188 1142 praesentes

201 1145 360 1188 litteras
375 1141 507 1186 firmas
522 1173 536 1195 ‚
554 1143 704 1188 validas
717 1171 732 1193 ,
744 1147 781 1188 &
796 1144 976 1188 efficaces
992 1146 1158 1188 existere
1172 1172 1189 1196 ‚

202 1202 341 1247 &fore
358 1233 373 1253 ,
389 1201 554 1257 suosque
567 1202 765 1258 plenarios
780 1230 795 1252 a
825 1205 865 1246 &
891 1205 1069 1258 integros
1091 1203 1191 1245 effe-

202 1267 284 1305 aas
301 1261 461 1310 sortiri,
475 1263 514 1302 &
528 1262 714 1305 obtinere
727 1293 742 1314 ,
769 1278 813 1305 ac
828 1262 959 1306 eidem
978 1262 1188 1304 Ludovico

202 1323 243 1364 in
260 1321 467 1370 omnibus,
497 1322 537 1362 &
556 1334 627 1376 per
644 1322 777 1364 omnia
805 1320 1024 1377 pleuissime
1049 1319 1188 1363 suffra-

199 1377 459 1436 gari31icque
485 1379 524 1421 in
549 1378 744 1432 praemiffis
772 1395 845 1435 per
881 1381 1188 1438 quoscumque„

192 1437 355 1496 judices
384 1437 635 1485 ordinarios,
667 1440 704 1479 &
733 1438 943 1494 delegatos
968 1438 1089 1480 etiam
1107 1439 1185 1480 &c-

199 1495 423 1541 Auditores
437 1494 632 1551 judicari,
644 1498 683 1537 &
696 1495 853 1539 definiri
869 1498 1021 1540 debere
1039 1524 1053 1547 ,
1066 1511 1110 1539 ac
1127 1498 1183 1537 ir·

201 1556 323 1605 ritum
347 1556 425 1597 &c-
450 1555 669 1597 attentari·
699 1559 795 1602 Non
821 1555 1066 1599 obstantibus
1087 1569 1187 1609 prae-

199 1611 318 1658 miffis
331 1639 345 1661 ,
361 1627 407 1655 ac
421 1612 773 1658 constitutionibus
785 1642 798 1664 2
811 1615 852 1657 δι
864 1614 1184 1658 ordinationibus

200 1670 443 1728 Apostolicis
456 1698 469 1718 a
485 1686 556 1713 nec
572 1686 650 1714 non
667 1675 936 1727 Praeceptoriae
949 1702 963 1725 ,
977 1674 1043 1718 seu
1059 1675 1183 1715 Com-

199 1728 431 1780 mendae,&
454 1729 652 1772 Ordinum
678 1732 983 1785 praedictorum,
1009 1730 1184 1775 aliisve,

201 1787 400 1843 quibusvis
422 1789 538 1828 etiam
554 1790 633 1827 διε.
650 1789 801 1830 statutis
817 1815 831 1836 ‚
860 1792 900 1830 &
925 1789 1183 1829 consuetudi-

202 1844 317 1887 nibus
333 1871 346 1893 ,
361 1842 582 1897 privilegiis
595 1844 673 1886 &c-
690 1844 886 1886 innovatis
897 1874 909 1886 .
925 1845 1083 1900 Qibus
1097 1855 1184 1881 om-

200 1902 313 1944 nibus
327 1928 341 1951 ,
361 1901 401 1942 δι
415 1898 593 1953 fingulis,
607 1899 770 1943 illorum
785 1903 1034 1943 tenores&c.
1061 1898 1182 1940 dero-

202 1973 338 2014 gamus
351 1984 365 2004 a
387 1956 618 2010 caeterisque
631 1959 843 1999 contrariis
857 1954 1179 2011 quibuscumque.

315 2017 463 2054 Datum
479 2015 617 2052 Romae
643 2013 747 2063 apud
767 2013 945 2051 Sanctam
974 2013 1181 2049 Mariam..-

197 2071 393 2126 Maiorem
422 2066 493 2109 sub
518 2066 667 2107 annulo
695 2064 903 2106 Piscatoris
920 2065 985 2105 die
1001 2076 1101 2104 xxvi
1118 2075 1130 2102 ι
1146 2076 1177 2103 r.

193 2129 290 2195 Julii
337 2140 416 2169 MD
433 2139 457 2166 c
474 2138 498 2166 c
519 2135 554 2164 1.
600 2120 861 2165 Pontificatfis
896 2121 1017 2165 nostri
1055 2122 1175 2162 Anno

197 2199 330 2245 primo
339 2211 350 2223 ·

257 2301 506 2358 'Autograph-
532 2301 575 2341 in
592 2299 761 2342 Archivo
786 2302 982 2343 secretar.
996 2298 1177 2341 Bavium

311 2358 479 2416 Apostol.
498 2360 590 2414 Reg.
624 2358 743 2415 mens-⁸
766 2358 818 2408 &¹
843 2370 934 2400 ann.
943 2355 1170 2414 praedtetor.

659 2493 1179 2514 Q——u-

323 2595 649 2639 RESCRIPTO
678 2592 1049 2636 APOSTOLICO.

193 2711 548 2779 Eleemosynam
566 2729 618 2759 ex
635 2710 753 2760 libro
772 2716 867 2774 jam
895 2709 1021 2774 typis
1054 2702 1178 2755 edito

189 2778 204 2793 ³
263 2782 493 2831 redactam
527 2815 544 2838 ,
581 2778 637 2827 ad
667 2782 770 2830 novi
803 2780 951 2843 operis
970 2770 1179 2842 expensas

263 2852 473 2900 converti
487 2884 504 2906 ,
535 2851 609 2896 Fr.
628 2847 820 2897 Andreae
848 2847 1098 2895 &Grazaco
1117 2844 1179 2890 in·

265 2921 484 2989 dulgetur
505 2954 518 2967 .

494 3055 708 3115 Beatifflme
742 3059 855 3100 Pater
864 3081 875 3093 .

335 3177 427 3220 Uod
458 3176 561 3221 liber
591 3188 729 3222 meus,
750 3172 812 3216 eui
838 3171 1007 3220 titulus,
1045 3169 1179 3213 Tras't?

195 3175 614 3332 QTheologique,
632 3231 678 3274 ou*
704 3233 782 3273 l'on
808 3231 1017 3279 demontre,
1032 3242 1105 3284 que
1128 3229 1179 3269 les

358 3295 492 3351 fideles
506 3310 552 3337 ne
560 3300 728 3351 peuvent
741 3292 1028 3343 commum‘qucr
1037 3300 1082 3329 cn
1097 3299 1181 3328 ma·

197 3351 294 3392 tierc
307 3351 351 3393 dc
365 3355 542 3410 Religion
568 3354 657 3396 avet
675 3352 728 3393 les
752 3347 915 3391 ennemis
946 3346 1114 3389 declares
1136 3345 1180 3386 de

2007 285 2161 368 125

1251 395 1293 434 la
1319 393 1430 432 Bulle
1447 394 1699 448 Unigenitm,
1723 391 1747 436 a
1761 390 1902 435 Vestra
1925 392 2229 438 Beatitudiinea

1254 449 1432 491 libenter
1447 450 1564 493 fuerit
1579 460 1770 506 acceptus
1782 478 1796 502 ‚
1810 459 1996 505 tanquam
2011 448 2227 492 doctrinam

1250 507 1502 550 Catholicam
1522 510 1731 552 continens
1744 537 1758 560 ‚
1775 512 2128 561 Romanorumque
2143 510 2226 548 De·

1250 577 1453 608 cretorum
1468 566 1629 610 fidelem
1644 566 1911 610 defenfionem
1925 565 2099 620 2‚litterae
2115 566 2224 606 Emi·

1250 624 1462 666 nentissimi
1478 627 1639 668 Domini
1654 625 1885 668 Cardinalis
1899 623 2056 668 Lercari
2072 650 2086 674 2
2099 623 2225 665 nomi·

1253 696 1303 724 ne
1313 681 1540 724 sanctitatis
1564 683 1708 726 Vestrae
1721 684 1770 727 ad
1786 698 1850 725 me
1863 711 1877 734 ‚
1897 683 1992 726 licet
2006 682 2226 737 indignum,

1252 737 1663 787 miffae‚attestantur:
1692 742 1796 793 Sed,
1821 755 1912 783 cum
1934 755 2001 796 per
2013 740 2227 795 ejusdem-2

1250 795 1552 839 Eminentiffimi
1573 798 1730 840 litteras
1744 801 1983 852 parvitatem
2007 796 2224 853 meamgad-

1248 857 1406 897 hortata
1422 857 1466 896 lit
1491 856 1683 897 Sanc-titas
1702 858 1840 898 Vestra
1856 884 1869 906 ‚
1883 869 1926 898 ut
1941 866 2083 900 contra
2097 854 2230 914 Qes·

1250 912 1447 954 nellianos
1465 913 1697 962 haereticoe,
1712 916 1932 955 Sestatores
1951 943 1964 964 ‚
1988 915 2229 957 Communi·
2249 951 2263 964 ,

1247 972 1482 1025 catorcsque
1495 984 1631 1012 eorum
1647 971 1947 1027 praeliaDomini
1963 973 2117 1027 longius
2131 986 2228 1027 pro-

1248 1030 1456 1078 ducerem,
1473 1030 1528 1078 δε,
1541 1040 1585 1071 ut
1601 1030 1640 1070 in
1657 1030 1695 1071 id
1709 1031 1805 1070 eniti
1822 1043 2026 1084 pergerem
2041 1059 2055 1080 ‚
2081 1045 2145 1073 me
2159 1027 2224 1072 sua

1248 1087 1462 1128 donaverit
1479 1087 1752 1129 benedictione
1766 1116 1780 1138 ,
1794 1090 1904 1142 Opus
1926 1101 2072 1129 novum
2085 1098 2226 1130 contra

1248 1144 1408 1188 eosdem
1425 1147 1635 1187 haereticos
1658 1172 1673 1194 ,
1700 1145 2137 1197 communicatoresque
2157 1159 2228 1188 eo-

1247 1218 1336 1246 rum
1366 1204 1586 1257 diligenter
1617 1203 1871 1246 elucubravi.
1904 1204 2004 1246 Ideo
2033 1207 2081 1245 ad
2100 1205 2222 1259 pedes

1249 1263 1472 1306 Sanstitatis
1493 1263 1639 1305 Vestrae
1658 1262 1863 1304 humiliter
1878 1259 2227 1315 provolutus,sup-

1245 1320 1409 1376 pliciter
1425 1321 1582 1377 postulo
1601 1349 1614 1369 ‚
1633 1319 1854 1363 Beatiffime
1877 1321 2019 1369 Pater,
2044 1328 2089 1360 ut
2106 1330 2228 1372 pecu-

1250 1380 1333 1422 nias
1359 1394 1410 1422 ex
1447 1380 1544 1422 meis
1568 1379 1679 1421 libris
1705 1377 1991 1433 provenientes
2017 1376 2064 1417 ad
2099 1375 2226 1430 ipsum

1244 1450 1340 1493 opus
1353 1452 1506 1482 novum
1521 1436 1714 1487 accurate,
1735 1437 2012 1480 elucubratum
2025 1460 2039 1483 a
2071 1434 2225 1489 aliaque

1244 1510 1365 1551 opera
1382 1499 1487 1553 typis
1510 1495 1760 1547 mandanda,
1787 1495 2019 1550 impendere
2048 1493 2143 1534 mihi
2173 1492 2224 1534 li·

1245 1564 1334 1602 ceat
1346 1582 1360 1606 ,
1374 1567 1417 1599 ut
1431 1557 1540 1598 bono
1553 1555 1724 1597 addatur
1741 1557 1890 1596 bonum
1902 1579 1916 1591 .

1352 1618 1441 1672 Jam
1458 1614 1555 1657 vivae
1576 1613 1687 1656 vocis
1699 1613 1865 1658 oraculo
1879 1641 1894 1663 ‚
1917 1609 2049 1667 opera,
2065 1607 2222 1653 Admo-

1241 1674 1338 1717 dum
1356 1672 1585 1716 Reverendi
1602 1672 1733 1714 Patris
1750 1671 1976 1714 Cherubini
2005 1669 2055 1711 de
2072 1671 2227 1712 Noves‚

1244 1733 1441 1788 Capucini
1457 1761 1472 1782 ‚
1492 1728 1799 1772 Eminentiffimi
1824 1728 2052 1771 Cardinalis
2079 1725 2131 1767 de
2146 1725 2225 1765 Po-

1244 1791 1376 1843 lignac
1397 1788 1596 1840 Theologi
1609 1787 1798 1827 ordinarii
1812 1789 1889 1826 &c-
1922 1785 2113 1825 Sanctitas
2143 1782 2224 1820 Ve-

1242 1845 1316 1884 stra
1333 1845 1431 1883 hanc
1449 1843 1543 1884 mihi
1567 1842 1773 1882 licentiam
1791 1839 1929 1882 tribuit
1944 1851 1956 1879 :
1970 1838 2055 1888 fect,
2070 1847 2111 1878 ut
2126 1835 2146 1876 a
2161 1847 2223 1876 me

1243 1899 1356 1954 super
1372 1900 1473 1942 hanc
1488 1912 1575 1942 rem
1588 1897 1716 1939 omnis
1735 1896 1902 1939 recedat
1917 1895 2125 1950 scrupulus
2140 1922 2156 1943 ‚
2173 1906 2221 1934 ac

1242 1958 1428 1999 incautus
1442 1953 1750 2010 imprudensque
1766 1970 1842 1997 non
1861 1954 1996 1996 videar
2009 1982 2024 2004 ‚
2037 1952 2222 1995 eamdem

1239 2013 1408 2060 gratiam
1447 2015 1594 2061 scripto
1627 2010 1815 2051 submisse
1843 2012 2059 2063 prosequor
2088 2024 2101 2051 ε
2144 2007 2222 2063 qui

1239 2063 1428 2105 concessa
1451 2064 1578 2106 hostes
1594 2064 1780 2104 Eccleflae
1795 2091 1809 2113 ‚
1829 2067 1918 2112 Deo
1944 2066 2109 2119 juvante
2123 2093 2136 2113 ,
2167 2065 2219 2104 ad

1236 2119 1370 2175 fugam
1385 2120 1618 2175 conjiciam,
1651 2122 1855 2164 Sanctitati
1879 2122 2027 2164 Vestrae
2055 2124 2219 2173 immor7

1239 2180 1339 2220 tales
1370 2181 1516 2234 gratias
1549 2178 1703 2222 habebo
1726 2208 1741 2231 ‚
1783 2194 1826 2223 ac
1859 2193 1933 2235 pro
1964 2179 2042 2236 ipsa
2072 2179 2219 2237 jugiter

1239 2240 1372 2280 Deum
1386 2238 1638 2293 deprecabor
1654 2240 1731 2280 &c.

1355 2298 1501 2338 Datum
1533 2298 1664 2338 Sancti
1692 2297 1881 2351 Stephani
1913 2297 1952 2338 in
1984 2296 2216 2339 Territerio

1237 2356 1451 2409 Segufiano
1464 2353 1530 2395 die
1549 2365 1616 2405 24·
1631 2355 1882 2407 Septembris
1903 2367 2022 2405 ¹727·

1354 2468 1607 2512 Fr.Andreas
1626 2467 1645 2508 a
1661 2471 1849 2509 Grazaco
1863 2467 2074 2518 Sacerdos,
2090 2447 2219 2522 Capu-

1469 2526 1580 2568 cinus
1596 2527 1798 2580 Indignus,
1814 2526 2031 2568 Provinciae
2052 2527 2218 2581 Lugdu-

1467 2583 1590 2627 nenfis
1605 2585 1682 2627 &c.

1471 2699 1971 2744 RESCRIPTUM.

1313 2820 1371 2860 Ex
1399 2817 1614 2860 Audientia
1643 2814 1870 2873 Sanft‘iffi'mi
1896 2814 1957 2857 die
1970 2814 2146 2870 fiptima
2201 2860 2203 2863 ¹

1573 2873 1748 2917 ombris
1766 2889 1779 2915 1
1791 2886 1889 2923 727.

1296 2991 1559 3036 Sanetiffimus
1574 2988 2047 3044 annuit2quibuscumque
2062 2988 2099 3029 in
2118 3001 2216 3030 con-

1239 3055 1407 3095 trarium
1429 3064 1507 3093 non
1524 3047 1764 3091 obstantibus
1777 3075 1792 3098 ‚
1806 3046 2002 3101 derogans
2018 3048 2094 3087 &c.

1594 3168 1658 3214 Ν.
1677 3168 1749 3215 Μ.
1769 3162 1911 3214 Card.
1933 3164 2110 3212 Lercari
2131 3197 2144 3211 .

1241 3286 1442 3340 Exemplar
1468 3282 1509 3322 in
1530 3282 1650 3326 Arch.
1671 3282 1846 3337 generali
1875 3279 2013 3326 Ordin.
2030 3282 2212 3325 Armorio

1298 3341 1508 3387 Provincia
1523 3339 1795 3399 Lugdunenfis
1813 3369 1827 3384 .

2034 3859 2161 3899 PRO·
