2704 4120
960 198 1607 319 Apostoxlica-
2139 238 2240 325 ις

558 394 976 462 ΝΟΤΑ.

345 536 403 575 Uit
428 537 494 574 hoc
519 536 608 574 idem
635 535 811 583 negotium
835 538 978 592 Summo
993 536 1146 576 Pontifici
1159 550 1251 577 anno

263 642 314 670 t„
332 585 1251 682 ⁸23³{502'33222'1‘35e2'gssffleflii‘f‘zssfflsizssfi'g

255 684 289 718 S.
303 681 416 721 officii
429 683 616 729 deputavit,
627 680 836 719 constitutam
846 683 998 730 quinque
1010 683 1245 725 limium-UD.

251 730 491 769 Cardinalibus
503 730 678 773 ‚videlicet
691 727 824 767 Albano
838 730 1038 768 Camerario
1051 757 1061 772 ,
1075 734 1248 771 Zondada-

254 779 284 816 ri
299 803 310 820 ‚
326 779 424 818 Gotti
440 805 451 822 ,
464 781 586 818 Porzla
599 803 611 821 ‚
636 777 812 823 Guadagni
826 805 836 820 .
861 778 1079 817 Illussrissimo
1096 781 1141 817 D.
1155 783 1247 819 Tho·

249 838 304 865 ma
317 829 487 872 cervini,
499 827 686 865 Patriareha
697 827 947 876 Hierosolym„
962 829 997 865 &
1010 829 1069 865 Sac
1084 830 1246 868 Rincon-

247 878 464 923 gregationis
481 875 670 914 Secretario
683 900 694 916 ‚
703 887 741 913 ac
755 876 1050 915 Reverendiffimo
1063 878 1246 916 P.D.Tho-

246 936 299 962 ma
326 926 388 963 Ser
415 928 450 964 'o
476 924 771 971 Congregationia
799 926 942 963 Piorum
964 927 1216 970 operariorum
1231 953 1242 970 ,

246 985 324 1020 quae
337 974 369 1010 in
450 974 523 1010 ibus
536 973 685 1008 Eminen.
706 972 752 1008 D.
768 972 887 1011 Albani
913 973 1051 1021 27.Julii
1063 976 1241 1016 ejusdem„

245 1022 321 1058 anni
342 1021 448 1058 habita
466 1020 637 1066 respondit
650 1034 661 1053 =
678 1022 722 1056 ad
733 1028 775 1057 D.
789 1024 1011 1060 secretarium
1027 1022 1133 1070 juxta
1154 1038 1240 1062 men.

242 1078 312 1153 ἔξω
324 1093 336 1111 ,
344 1081 449 1156 {uam
462 1069 659 1115 explicatam
670 1069 891 1108 Sanctiffimus
902 1072 1102 1119 approbavit
1115 1076 1239 1112 eodem

277 1127 297 1153 e
308 1142 321 1160 ,
392 1123 505 1156 anno'.

275 1216 508 1307 „attufit-aph.
522 1218 556 1254 in
578 1218 688 1255 αὐτὸ.
702 1222 826 1255 secret.
841 1224 874 1255 8.
891 1223 1044 1268 congreg.
1061 1222 1130 1269 Rg't.
1145 1224 1240 1270 regeo'

410 1277 428 1301 o
442 1267 544 1312 mens:
556 1269 600 1304 Θ·
612 1278 686 1303 ann.
695 1269 799 1315 prad.
807 1268 870 1312 fol·
883 1279 941 1316 75.

241 1404 1238 1433 Q———————n—n——-

235 1524 327 1593 Jua
357 1523 622 1578 conferendi
650 1527 882 1581 Habitum
911 1531 1062 1581 Tertii
1093 1533 1237 1584 Ordi-

259 1603 261 1606 ⁴
309 1594 378 1645 nis
403 1629 420 1655 ,
461 1598 694 1650 Fratribus
731 1598 935 1662 ejusdem
961 1603 1111 1653 Tertii
1139 1607 1235 1656 Or·

303 1665 425 1716 dinis
464 1670 682 1721 Nationis
707 1673 960 1724 Gallicana:
1002 1674 1233 1741 privative

303 1737 456 1804 quoad
491 1743 756 1811 Capucinos
789 1757 1052 1815 competere
1089 1781 1109 1807 ,
1159 1749 1232 1799 de·
1258 1796 1261 1798 .

309 1809 477 1861 clarat.

306 1947 772 2001 CLEMENS
823 1953 1037 2003 PAPA
1096 1957 1162 2006 X.

386 2081 456 2127 Ad
471 2090 708 2140 perpetuam
729 2086 792 2127 rei
817 2089 1044 2130 memoriam
1056 2116 1069 2130 .

332 2232 471 2288 Xponi
489 2232 606 2276 nobis
621 2247 750 2290 nuper
763 2232 950 2277 fecerunt
965 2233 1103 2277 dilecti
1122 2233 1229 2286 Filii,

240 2313 242 2315 >
362 2294 525 2336 Fratres
540 2294 672 2336 Tertii
686 2293 857 2336 Ordinis
879 2295 1009 2336 saneti
1026 2295 1226 2337 francisci

227 2351 572 2409 congregationis
587 2353 809 2396 Gallicanae
820 2379 835 2402 ‚
848 2353 958 2410 quod
972 2379 986 2401 ‚
1006 2354 1102 2396 licet
1114 2356 1227 2395 Con·

229 2412 416 2466 gregatio
430 2412 732 2455 Venerabilium
748 2413 936 2456 Fratrum
958 2416 1223 2456 nostrorum,

226 2474 268 2511 δ.
284 2468 398 2514 ΚΕ.
416 2469 698 2515 cardinalium
724 2473 897 2527 negotiis
911 2499 926 2522 ‚
957 2474 997 2514 δι
1023 2471 1226 2517 consulta-

228 2529 408 2573 tionibus
423 2528 717 2587 Episcoporum
731 2554 758 2581 ,Δ
777 2534 816 2573 &
833 2531 1099 2588 Regularium
1121 2545 1223 2588 prae-

223 2589 349 2644 polita
365 2617 381 2641 ‚
409 2588 450 2631 in
464 2591 738 2635 controversia
764 2591 870 2635 inter
901 2589 1000 2646 ipsos
1017 2604 1221 2646 exponen-

223 2656 288 2690 tes
301 2661 352 2691 ex
366 2661 447 2691 una
458 2677 474 2699 ,
486 2649 708 2694 &dilectos
724 2651 875 2706 pariter
893 2650 1034 2702 Filios,
1056 2653 1218 2692 Fratres

222 2705 391 2751 Ordinis
409 2709 618 2752 Minorum
647 2709 829 2766 ejusdem
863 2704 1115 2754 §.Franciici
1137 2711 1218 2750 Ca-

218 2766 465 2823 pucinorum
492 2780 823 2826 nuncupatorum
847 2769 886 2811 in
903 2770 1050 2822 Regno
1062 2767 1218 2809 Gallia·

224 2837 315 2866 rum
326 2825 527 2880 degentes
559 2840 609 2868 ex
631 2829 760 2870 altera
786 2828 966 2881 partibus
983 2853 998 2875 ,
1028 2825 1137 2868 circa
1155 2824 1216 2880 jus

223 2880 462 2926 conferendi
478 2884 673 2927 Habitum
690 2885 822 2927 Tertii
837 2883 1004 2926 Ordinis
1023 2886 1066 2927 S.
1086 2886 1215 2926 Fran·

222 2939 318 2983 cisci
341 2941 551 2997 utriusque
581 2940 706 2986 Sextis
724 2944 908 2986 Personis
924 2943 1189 2986 Saecularibus
1202 2969 1216 2992 ι,

219 2997 364 3056 easque
379 2999 582 3054 dirigendi
599 3001 875 3054 vertente,die
893 3015 909 3044 r
919 3017 958 3058 3.
971 3002 1108 3043 Martii
1123 3017 1218 3058 pro·-

220 3058 331 3102 xime
347 3059 538 3114 praeteriti
556 3088 580 3111 ,‚
603 3060 785 3115 partibus
801 3060 954 3116 pluries
969 3062 1120 3104 auditis
1141 3062 1215 3104 de-

221 3117 406 3162 crevisset
433 3144 449 3168 ‚
484 3127 534 3161 ut
561 3120 728 3162 Fratres
757 3120 957 3176 Capucini
985 3117 1136 3175 praesati
1163 3121 1214 3162 ab

220 3175 446 3233 huiusmodi
463 3175 637 3222 Habitus
649 3178 876 3222 collatione
897 3181 936 3222 δι
951 3178 1216 3223 directione)

219 3236 380 3295 penitus
392 3236 917 3287 abstinerentmihilominus
926 3237 1079 3282 dilecto
1091 3237 1216 3281 etiam

220 3294 330 3340 Pilio
343 3299 621 3342 Procurator-e
631 3296 827 3341 Generali
841 3296 1007 3341 Ordinis
1027 3300 1214 3341 Fratrum

221 3355 524 3410 capucinorum
536 3366 812 3413 conquerente
822 3385 837 3409 ,
861 3356 901 3400 se
915 3357 954 3399 in
969 3356 1122 3415 juribus
1136 3355 1213 3398 suis

222 3411 469 3460 sufficienter
489 3414 673 3459 auditum
688 3429 768 3460 non
782 3415 892 3460 fuiss‘e
905 3445 920 3469 ‚
951 3416 1096 3460 eadem
1107 3418 1210 3459 Car-

224 3468 417 3518 dinalium
430 3474 712 3530 congregatio
735 3475 804 3519 die
819 3491 886 3520 20.
899 3473 1077 3531 ejusdem
1095 3487 1209 3517 men-

221 3527 273 3571 fis
289 3532 505 3584 mandavit,
518 3534 570 3575 ab
595 3533 857 3590 expeditione
879 3534 935 3578 sui
950 3533 1115 3579 Decreti
1140 3535 1211 3576 hu·

223 3585 396 3645 jusmodi
409 3591 659 3649 supersederi
675 3623 692 3645 ,
721 3594 843 3652 usque
868 3593 997 3637 diftus
1014 3597 1212 3638 Procura-

225 3656 294 3690 tor
304 3649 516 3694 Generalis
526 3651 714 3719 quasdam
729 3652 1018 3710 provifionales
1033 3654 1072 3695 in
1095 3651 1210 3694 fimili

223 3703 354 3750 forma
369 3707 508 3749 Brevia
523 3708 684 3754 litteras
698 3741 712 3764 ‚
743 3711 871 3770 quasi
887 3727 1095 3757 rec-mem.
1111 3711 1211 3754 Cle·

221 3774 363 3809 mente
375 3769 480 3820 Papa
497 3768 572 3809 tx.
586 3770 872 3815 Praedecelsore
888 3774 1024 3816 nostro
1048 3770 1097 3814 ad
1113 3785 1213 3827 prae·

219 3822 293 3870 fati
307 3826 472 3871 Ordinis
487 3827 676 3870 Fratrum
689 3831 894 3875 Minorum
904 3832 1208 3888 Capucinorum

1311 350 1492 417 favorem
1505 349 1699 397 emandss‘e
1706 350 1912 409 afferebat,
1924 354 2105 412 partibus
2118 371 2304 407 commu..

1311 422 1466 454 mearet
1484 441 1496 454 .

1313 525 1325 536 ·
1431 473 1540 515 Cum
1553 481 1689 517 autem
1704 503 1719 527 ‚
1742 475 1841 517 sicut
1852 473 1991 517 eadem
2005 474 2202 528 expofitio
2216 477 2303 521 sub-

1310 531 1532 586 jungebat,
1562 532 1748 590 praesatus
1764 537 2006 578 Procurator
2019 535 2230 577 Generalis
2257 537 2298 578 id

1310 598 1390 630 non
1406 591 1630 646 praestiterit
1643 620 1659 643 ‚
1689 593 1870 651 nihilque
1887 593 2034 636 habeat
2046 618 2062 642 a
2080 593 2189 648 quod
2208 594 2304 649 plu-

1309 647 1388 689 ries
1399 675 1415 697 ,
1444 650 1535 691 &in
1545 649 1710 696 diversis
1723 652 2048 698 contradifioriis
2064 663 2146 694 tam
2159 666 2297 695 coram

1306 705 1470 762 praesata
1492 734 1511 758 ‚
1541 709 1660 763 qnam
1687 725 1823 755 coram
1851 713 1980 756 altera
1993 741 2008 765 ,
2040 724 2189 766 nempe
2217 714 2298 754 Ve-

1307 765 1548 810 nerabilium
1580 768 1768 811 Fratrum
1807 771 2031 816 nostrorum
2057 770 2234 826 ejusdem
2252 775 2295 815 S.

1306 823 1695 868 R.E.Cardinalium
1711 830 1896 873 Concilii
1916 830 2146 873 Tridentini
2164 831 2297 872 inter-

1305 892 1468 940 pretum
1490 886 1892 941 congregationibus
1919 902 1997 930 non
2014 889 2133 932 fuerit
2148 888 2246 931 alias
2272 887 2295 931 ἒ

1302 942 1418 987 dietis
1434 943 1637 987 Fratribus
1655 944 1873 999 Capucinis
1891 948 2188 1000 productum3&
2201 962 2294 1003 pro-

1300 1012 1441 1060 pterea
1452 1002 1873 1059 diCtiExponentesmt
1890 1004 2112 1059 hujusmodi
2127 1017 2294 1050 contro-

1302 1060 1435 1104 verfiae
1451 1060 1531 1118 jam
1547 1063 1673 1106 toties
1689 1091 1702 1113 ,
1733 1063 1868 1105 &tam
1884 1061 2120 1107 solemniter
2135 1065 2291 1115 decisae,

1299 1120 1560 1163 &noviffime
1590 1134 1729 1164 coram
1754 1122 1860 1163 dista
1875 1122 2159 1166 Cardinalium
2178 1126 2293 1166 Con·

1299 1180 1536 1236 gregatione
1547 1188 1611 1223 ter
1623 1179 1808 1235 expofitae
1823 1178 1912 1223 finis
1927 1191 1966 1223 ta
1974 1181 2091 1224 ndem
2108 1181 2288 1234 impona·

1299 1250 1369 1283 tur
1382 1265 1398 1288 2
1427 1253 1473 1282 ac
1486 1239 1562 1281 alia
1578 1240 1757 1297 quinque
1777 1242 1956 1282 Decreta
1969 1241 1989 1282 a
2007 1240 2176 1295 praeiatis
2191 1238 2293 1281 dua-

1297 1298 1375 1342 bus
1386 1296 1667 1342 Cardinalium
1680 1300 2076 1354 Congregationibus
2096 1313 2142 1341 re
2150 1298 2173 1339 s
2166 1298 2291 1353 pecti·

1298 1359 1348 1402 ve
1362 1367 1504 1401 contra
1522 1356 1704 1414 praefatos
1718 1360 1876 1401 Fratres
1885 1359 2115 1414 Capucinos
2130 1371 2291 1399 emana-

1298 1429 1339 1461 ta
1351 1444 1366 1467 ‚
1399 1430 1474 1459 nec
1488 1430 1567 1460 non
1580 1416 1751 1475 desuper
1765 1418 1964 1473 expeditae
1980 1418 2136 1473 pariter
2153 1417 2190 1457 in
2207 1413 2290 1458 for-

1299 1491 1362 1520 ma
1388 1476 1526 1518 Brevis
1553 1475 1703 1521 litterae
1723 1477 1965 1533 Apostolicae
1991 1475 2287 1526 observentur,

1295 1533 1525 1593 opportune
1539 1534 1607 1579 fibi
1620 1538 1658 1580 in
1673 1535 1870 1594 praemissis
1887 1536 1909 1579 a
1921 1536 2050 1580 Nobis
2065 1534 2286 1592 provideri,

1294 1597 1356 1646 δι,
1370 1604 1416 1640 ut
1431 1593 1552 1644 infra,
1566 1595 1770 1653 indulgeri
1782 1596 2032 1653 summopere
2042 1594 2284 1638 desiderent.

1410 1657 1498 1698 Nos
1524 1652 1737 1711 specialem
1764 1657 1856 1714 ipfis
1873 1656 2182 1712 Exponentibus
2197 1666 2289 1708 gra-

1293 1715 1390 1758 tiam
1413 1712 1554 1756 facere
1579 1716 1765 1759 volentes
1793 1744 1808 1768 ,
1838 1716 1878 1757 &
1895 1727 2041 1758 eorum
2068 1711 2286 1769 fingulares

1294 1773 1526 1818 Personas&
1541 1775 1745 1830 quibusvis
1772 1774 2211 1819 excommunicationis
2228 1798 2260 1810 -·
2277 1798 2290 1810 ·

1291 1835 1332 1874 δι
1344 1832 1547 1875 absolutas
1561 1835 1650 1877 sore
1660 1833 1897 1884 censentes,
1920 1831 2283 1887 ‚supplicationibus

1293 1890 1422 1928 Nobis
1441 1887 1558 1940 super
1572 1891 1654 1934 hos:
1671 1891 1878 1932 humiliter
1891 1890 2086 1941 porrectis
2116 1887 2286 1929 inclina-

1292 1944 1323 1985 ti
1339 1971 1354 1993 ‚
1385 1943 1436 1985 de
1452 1955 1764 1988 memoratorum
1782 1945 2062 1988 Cardinalium
2085 1943 2285 2000 negotiis,

1291 2003 1332 2038 &
1343 2002 1703 2041 consultationibus
1718 2002 2008 2053 Episcoporum
2021 2030 2036 2051 ‚
2061 2004 2101 2043 &
2116 2002 2288 2056 Regula·

1293 2056 1394 2095 rium
1411 2054 1794 2111 praepolitorum,qui
1807 2056 1988 2109 partibus
1999 2057 2145 2098 auditis
2164 2059 2201 2099 in
2210 2062 2287 2099 De-

1291 2123 1422 2164 creto‚
1436 2112 1531 2159 alias
1548 2113 1738 2156 videlicet
1753 2115 1858 2169 dieta
1872 2113 1939 2157 die
1957 2128 2017 2171 ¹3·
2033 2117 2174 2159 Martii
2189 2130 2285 2173 pro-

1291 2171 1397 2213 xime
1416 2173 1611 2228 praeteriti
1627 2171 1746 2216 editis
1761 2202 1776 2224 ,
1791 2173 2076 2229 persistendum
2094 2173 2170 2217 effe
2186 2190 2282 2217 cen·

1290 2230 1456 2274 suerunt
1476 2257 1490 2280 ,
1511 2233 1716 2283 confixio,
1737 2232 1909 2287 praefatis
1924 2234 2131 2276 Fratribus
2147 2237 2283 2277 Mino-

1289 2292 1400 2334 ribus
1415 2292 1634 2345 Capucinis
1651 2293 1884 2347 nuncupatis
1908 2318 1922 2341 ‚
1955 2308 2003 2335 ne
2021 2294 2058 2334 in
2076 2293 2292 2348 posterumv

1288 2350 1327 2392 in
1342 2350 1609 2393 admittendis
1630 2351 1871 2396 Mulieribus
1899 2350 1949 2395 ad
1966 2353 2158 2395 Habitum
2178 2357 2284 2394 Ter-

1288 2410 1334 2452 tii
1347 2409 1518 2452 Ordinis
1534 2412 1575 2452 S.
1592 2407 1822 2462 francisci,
1851 2411 1982 2454 sivein
2001 2411 2088 2466 ipsis
2103 2412 2282 2466 dirigen-

1284 2467 1348 2511 dis
1370 2469 1412 2512 se
1424 2469 1610 2524 ingerant
1623 2494 1638 2517 ‚
1667 2470 1909 2512 auetoritate
1921 2470 2150 2525 Apostolica
2166 2497 2179 2519 ,
2213 2480 2278 2511 te·

1282 2540 1383 2571 nore
1399 2526 1650 2581 praesentium
1665 2527 1951 2571 interdicimus
1978 2557 1992 2579 ‚
2023 2543 2070 2572 ac
2086 2529 2280 2584 praedic'tis

1282 2587 1491 2630 Fratribus
1514 2585 1733 2641 Capucinis
1761 2596 2006 2643 perpetuum
2033 2589 2148 2643 super
2174 2601 2275 2643 prae-

1280 2644 1398 2688 missis
1415 2645 1614 2689 silentium
1630 2644 1870 2701 imponimus
1885 2674 1898 2687 .

1398 2708 1672 2748 Decernentes
1696 2703 1854 2749 easdem
1872 2703 2083 2759 praesentes
2109 2703 2272 2746 litteras

1278 2760 1434 2815 semper
1463 2762 1600 2806 firmas
1615 2789 1629 2812 ³
1665 2763 1819 2806 validas
1834 2793 1848 2816 ‚
1881 2765 1922 2806 δι
1933 2762 2117 2807 efficaces
2131 2763 2273 2806 existe·

1277 2837 1320 2864 re
1334 2823 1373 2862 &
1387 2825 1496 2874 sore,
1529 2821 1692 2878 suosque
1704 2823 1909 2878 plenarios
1923 2824 2157 2879 &integros
2177 2821 2277 2864 effi:-

1278 2885 1359 2923 etus
1374 2882 1508 2923 lortiri
1522 2883 1561 2923 &
1576 2881 1762 2924 obtinere
1775 2908 1790 2931 a
1813 2896 1859 2924 ac
1871 2882 1954 2924 illis
1969 2910 1981 2931 ,
2000 2883 2051 2924 ad
2067 2893 2166 2935 quos
2182 2879 2267 2933 spe-

1278 2943 1385 2991 etat,
1416 2943 1456 2982 δι
1482 2954 1555 2994 pro
1582 2950 1767 2994 tempore
1789 2939 1975 2995 spectabit
1999 2967 2014 2988 ,
2046 2935 2267 2992 plenissimt't

1277 2997 1501 3054 suflragari,
1517 2998 1557 3037 &
1577 2996 1627 3038 ab
1641 2998 1697 3037 eis
1720 2997 1940 3052 respective
1962 2993 2263 3038 iuviolabiliter

1275 3057 1481 3102 observari
1495 3084 1507 3097 .

1394 3117 1541 3171 sicque
1567 3115 1606 3155 in
1629 3111 1824 3168 praemissis
1850 3126 1923 3166 per
1950 3112 2263 3168 quoscumque,

1268 3177 1433 3234 Judices
1454 3174 1718 3224 ordinarios,
1750 3186 1796 3215 ac
1819 3171 2070 3227 Delegatos‚
2104 3173 2260 3217 etiam„

1275 3235 1502 3279 Causarum
1518 3232 1657 3274 Palatii
1675 3230 1896 3287 Apostolici
1913 3230 2134 3274 Auditores
2155 3231 2260 3288 judi-

1275 3296 1356 3337 cari
1373 3324 1387 3346 ‚
1416 3295 1455 3334 δι
1467 3289 1623 3333 definiri
1636 3289 1791 3333 debere
1802 3316 1819 3340 2
1847 3304 1892 3334 ac
1904 3290 2063 3334 irritum
2074 3294 2111 3333 δι
2125 3292 2259 3341 inane,

1272 3353 1299 3396 fi
1323 3353 1429 3396 secus
1449 3352 1562 3406 super
1584 3349 1644 3392 his
1659 3347 1681 3392 fi
1698 3363 1900 3406 quoquam
1921 3351 2062 3406 quavis
2086 3350 2260 3392 auctori·

1272 3424 1359 3455 tate
1386 3410 1557 3453 scienter
1595 3410 1662 3452 vel
1688 3409 1925 3466 ignoranter
1952 3409 2173 3465 contigerit
2202 3418 2262 3450 at·

1272 3482 1417 3515 tentari
1431 3498 1443 3511 .

1388 3533 1481 3573 Non
1502 3527 1752 3572 obstantibus
1778 3526 1974 3584 praemissis
1989 3555 2005 3579 ‚
2033 3541 2079 3570 ac
2097 3523 2256 3570 Consti.

1273 3588 1524 3639 nationibus,
1552 3589 1592 3630 δι
1616 3587 1952 3631 Ordinationibus
1982 3584 2222 3641 Apostolicis
2240 3616 2255 3639 ,

1271 3663 1343 3693 nec
1359 3662 1436 3692 non
1454 3645 1802 3703 quibusvi3,etiam
1818 3645 2045 3701 juramento
2059 3672 2072 3694 ‚
2105 3641 2255 3685 confir.

1270 3710 1447 3752 matione
1461 3706 1692 3761 Apostolica
1706 3733 1722 3755 a
1736 3706 1802 3749 vel
1816 3706 1957 3761 quavis
1973 3702 2163 3745 firmitate
2177 3702 2255 3748 alia

1270 3768 1471 3812 roboratis
1491 3767 1646 3810 statutis
1663 3795 1676 3817 ‚
1706 3762 2139 3810 &consuetudinibus,
2171 3766 2254 3815 pri·

1270 3827 1430 3882 vilcgiis
1445 3839 1602 3883 quoque
1620 3824 1784 3868 indultis
1799 3851 1811 3874 ‚
1836 3824 1869 3864 8<
1888 3821 2035 3865 litteris
2049 3820 2251 3886 Apostoli-

2142 3892 2198 3919 cis
