2592 4094
857 220 1600 337 Lotharingiae.
2000 258 2200 343 195:-

220 361 490 414 nevolentiae
509 379 615 432 erga
633 366 810 414 Fratres
827 364 1079 415 exercendae
1106 365 1225 432 quasi
1249 364 1523 414 ademerint.
1562 361 1805 421 Incitavitss
1840 366 2048 430 inquam,
2078 373 2223 434 gentis

217 431 487 500 splendore,
516 433 661 502 stirpis
684 435 948 501 antiquitate
974 433 1024 484 &
1053 436 1203 500 ampla
1233 438 1445 484 Heroum
1475 431 1657 504 sylloge
1688 432 1906 483 illustrem
1942 436 2221 485 Luxembur-

217 505 370 572 gicam
404 508 640 554 Domum:
680 517 973 571 praeterquam
1004 504 1157 559 enim,
1197 502 1319 568 quod
1350 504 1644 571 Margaritha
1666 504 1690 553 ὲ
1719 502 1972 561 Sabaudia,
2004 504 2226 569 Principis⁴

215 573 410 622 Antonii
434 574 461 621 ὲ
483 572 806 640 Luxemburgo
826 572 1006 628 Vidua,
1042 570 1090 622 ἃ
1108 565 1369 621 Comitatus
1397 572 1619 622 Lineenfis
1639 575 1825 625 Dotaria
1839 608 1854 630 ‚
1871 575 2070 640 primum
2093 573 2232 622 Linei.

215 640 266 692 &
291 642 543 692 Provinciae
571 646 864 693 Conventum
898 639 982 691 suis
1017 642 1212 708 expensis
1242 641 1434 690 erexerit
1453 677 1470 698 ,
1494 644 1796 711 *Margaritha
1828 641 2101 710 Magdalena
2133 640 2222 688 de,

215 712 491 771 Clermont,
521 710 701 763 Ducissa
722 710 1030 780 Luxemburgi
1048 746 1064 769 ,
1098 708 1147 760 ὃς
1178 708 1401 758 Francisci
1431 710 1456 758 a
1482 713 1842 762 Montmerantio
1858 747 1872 770 ‚
1897 713 2090 761 Franciae
2115 714 2220 759 Ma·

216 781 401 831 rechalli
416 781 505 833 ὅτε.
527 784 729 841 Coniux,
743 781 848 831 dato
866 781 923 831 ad
938 798 1103 830 novam
1133 778 1194 827 ibi
1213 776 1540 836 Domumfitu,
1556 783 1727 829 avitum
1750 778 2217 849 Luxemburgensium

213 867 322 920 erga
347 869 427 900 nos
456 849 669 901 affesium
699 852 934 903 innovavit
956 885 968 899 .
1009 851 1258 905 Incitavit,
1291 849 1504 914 inquam,
1533 848 1805 898 Christinam
1825 851 1880 899 de
1914 855 2066 914 Croy,
2094 851 2221 900 Prin-

216 919 414 988 cipissam
451 920 505 968 de
529 923 653 970 Salm
682 954 698 976 ,
739 935 790 970 ut
816 917 1140 986 Carpinensem
1159 952 1176 974 ,
1195 919 1328 984 vulg&
1358 918 1584 975 Charmes,
1623 922 1911 968 Conventum
1943 920 2077 968 condi
2095 918 2223 981 jube-

214 1005 312 1047 ret,
351 988 544 1038 Barbari
577 988 632 1036 de
650 992 924 1045 Bernecour,
951 988 1114 1037 celebri
1143 986 1287 1036 saeculi
1309 986 1514 1037 Heroinzi
1533 1022 1549 1044 ‚
1568 1006 1618 1035 ac
1639 991 1829 1036 Domini
1845 988 2127 1038 Albimontis
2146 986 2222 1037 seu

212 1060 262 1108 de
292 1059 484 1107 Blamont
501 1056 652 1107 Vidua
669 1092 684 1114 ,
711 1076 763 1107 ac
793 1058 991 1108 Claudio
1011 1055 1225 1107 Tomasin
1242 1092 1256 1112 ‚
1282 1058 1369 1105 loci
1392 1059 1595 1105 Parocho
1615 1092 1630 1114 ,
1667 1056 1886 1126 insignem
1913 1075 2096 1125 operam
2117 1075 2223 1124 prae-

211 1127 459 1177 stantibus.
497 1127 700 1177 Surrexit
724 1126 772 1179 &
804 1129 1052 1177 Lunevillae
1094 1131 1307 1176 Fratrum
1346 1130 1523 1174 Domus
1553 1143 1605 1175 ex
1641 1131 1802 1176 aemula
1835 1129 2002 1177 virtute
2039 1129 2223 1176 Nicolai

213 1199 419 1265 Priguey
449 1231 464 1255 ,
501 1195 704 1246 Ecclefiae
742 1200 1010 1266 Collegiatae
1048 1232 1064 1254 ,
1101 1196 1150 1249 8(
1193 1197 1381 1246 Ducalis
1427 1195 1578 1246 saneti
1614 1200 1817 1264 Georgy
1867 1199 2078 1247 Cantoris
2111 1231 2128 1254 ,
2172 1195 2222 1246 δε

215 1268 464 1325 Canonici,
493 1266 638 1316 nobili
668 1264 854 1316 foemina‘i
882 1265 1079 1319 Susanns
1107 1268 1162 1316 de
1187 1265 1417 1321 Custines,
1450 1263 1603 1315 Vidua
1636 1268 1823 1314 Domini
1852 1266 1895 1315 d'
1921 1271 2215 1321 Haracourt,

214 1337 414 1387 Comitis
444 1335 499 1385 de
534 1336 882 1396 Damnatasols,
917 1336 964 1388 &
997 1339 1181 1386 Batonis
1212 1336 1268 1386 de
1304 1334 1568 1401 Chamblay
1607 1334 1905 1397 coadjuvante
1925 1370 1937 1382 .
1959 1331 2220 1383 Funda'irunt

212 1407 288 1454 alii
315 1404 363 1456 ὃς
392 1405 576 1472 quidem
608 1405 982 1458 Mirecuriensem
1008 1410 1229 1457 Dominus
1257 1405 1313 1455 de
1333 1403 1624 1472 Marcoffay‚
1641 1407 1666 1453 ὲ
1692 1407 1893 1454 Domino
1927 1402 1982 1451 de
2013 1400 2219 1465 Rouffay

213 1477 628 1542 ampliatum3cujus
649 1475 884 1544 utriusque
904 1478 1123 1527 cadavera
1140 1481 1183 1525 in
1202 1474 1396 1526 Ecclefia
1413 1475 1473 1524 ibi
1489 1473 1785 1541 requiescunt:
1804 1473 2218 1523 Rambervillanam

211 1545 374 1594 nobilis
402 1549 565 1594 mulier
581 1547 776 1596 Claudia
794 1548 837 1596 d'
856 1548 1079 1617 Hardigy
1095 1585 1109 1607 ,
1126 1545 1216 1597 five
1248 1545 1507 1614 d'Adigny,
1535 1545 1690 1594 Vidua
1712 1547 1896 1594 Batonis
1910 1543 1965 1593 de
1985 1540 2222 1598 Billistein,

208 1611 453 1682 suppetitas
475 1614 719 1665 ferentibus
753 1619 912 1666 Nobili
938 1620 1138 1667 Domina
1164 1613 1401 1667 Comitissa
1429 1616 1484 1664 de
1504 1617 1674 1664 Martel
1691 1650 1706 1671 ,
1745 1615 1947 1683 Collegii
1983 1610 2218 1662 Romarici

212 1687 381 1733 montis
413 1687 622 1744 alumna,
649 1686 698 1737 δε
724 1690 924 1737 Domina
956 1690 1168 1736 Nicolina
1187 1687 1278 1738 ὅτε.
1303 1690 1391 1753 San
1412 1680 1744 1735 Deodatensem
1770 1687 1969 1733 Domina
1995 1680 2221 1730 Elisabeth

211 1758 443 1820 Baupart,
483 1754 715 1804 Batonissa
749 1757 804 1804 de
839 1757 1137 1808 Clivomonte
1163 1793 1177 1812 ,
1207 1754 1448 1805 Comitissa
1482 1756 1537 1803 de
1566 1759 1775 1822 Creange
1806 1752 1895 1803 ἃς.
1934 1747 2223 1801 Stannensern

214 1826 440 1871 D.Sim0n
458 1825 624 1879 Sallet,
640 1822 870 1888 utriusque
887 1823 1087 1871 Ducatfis
1106 1825 1403 1889 Loth'aringiae
1423 1821 1469 1869 ὅ(
1487 1824 1613 1868 Barri
1635 1821 1958 1869 Thesaurarius
1973 1818 2224 1867 Generalis:

212 1888 453 1941 Vicensem
472 1892 666 1942 Carolus
692 1894 908 1948 Bovette‚
923 1891 1113 1940 Ordinis
1140 1896 1186 1940 S.
1203 1892 1415 1957 Stephani
1448 1891 1490 1936 in
1510 1887 1677 1938 Tuscia
1711 1894 1856 1954 Eques
1875 1924 1891 1946 ,
1925 1889 2151 1937 Dominus
2168 1885 2223 1933 de

214 1964 526 2017 Domemont,
556 1960 611 2010 de
630 1963 780 2010 Turre
814 1960 904 2011 ὅτε.
926 1959 1225 2009 Vizeliensem
1247 1961 1445 2008 Domina
1461 1959 1654 2008 Claudia
1669 1959 1724 2007 de
1742 1962 2002 2007 Granmont
2017 1955 2225 2014 ,coadiu-

213 2029 425 2078 vantibus
455 2029 736 2075 Dominabus
759 2029 814 2074 de
842 2029 1094 2081 Forbac‚&
1123 2029 1177 2073 de
1211 2030 1382 2092 Pitigot
1411 2027 1468 2072 de
1495 2032 1772 2075 Romecour.
1794 2025 2102 2077 Neocastrensi
2117 2023 2225 2073 funs

210 2095 324 2145 dum
351 2130 366 2152 ,
406 2093 608 2143 Ecclefiae
635 2092 954 2159 supellestilem
973 2127 989 2149 ‚
1030 2092 1318 2140 Bibliothecae
1352 2091 1521 2146 libros,
1557 2091 1606 2140 <Sc
1641 2094 1874 2140 Fratribus
1915 2096 2126 2141 continua
2151 2092 2226 2139 de-

209 2164 280 2214 dit
306 2162 515 2213 beneficia
539 2162 775 2230 praedirstus
791 2162 1015 2212 Dominus
1038 2162 1181 2212 Sallet
1197 2157 1524 2210 Thesaurarius
1541 2194 1556 2217 ,
1595 2164 1720 2223 cujus
1755 2179 1869 2211 uxor
1891 2159 1940 2211 <Sc
1971 2163 2015 2210 in
2038 2162 2226 2227 Capella

171 2238 262 2287 '‘'S.
285 2236 475 2283 Antonii
502 2233 671 2282 ibidem
703 2230 870 2281 sonum
905 2233 1076 2281 ultimae
1106 2230 1224 2279 tubae
1254 2232 1298 2277 in
1327 2231 1476 2295 quiete
1505 2231 1710 2298 expec‘tat
1736 2267 1747 2279 .
1785 2234 1875 2281 Pro
1907 2228 2225 2280 Fontanecenfi

215 2302 408 2354 fundum
429 2302 475 2353 ὃς
502 2303 664 2370 praedia
691 2319 774 2370 pro
802 2301 1076 2350 habitatione
1100 2299 1226 2349 dedit
1251 2302 1476 2347 Dominus
1504 2298 1560 2346 de
1595 2302 1768 2366 Mitry,
1800 2319 1855 2349 ex
1882 2299 2225 2367 antiquiffima...

214 2375 521 2441 Lotharingiae
546 2372 703 2440 stirpe,
720 2375 763 2420 in
796 2373 950 2420 locum
973 2369 1337 2419 commodiorem
1366 2386 1463 2415 eam
1489 2367 1714 2417 transtulit
1731 2374 1788 2418 D.
1807 2372 1965 2418 Simon
1988 2371 2184 2418 Gamian
2202 2405 2221 2427 ,

215 2443 431 2492 fabricam
466 2443 703 2511 ampliavit
729 2445 787 2490 D.
804 2444 1003 2509 Joannes
1037 2440 1282 2490 Chevalier
1301 2472 1316 2494 ,
1342 2435 1390 2485 ὅ(
1418 2433 1602 2500 perfecit
1631 2440 1688 2484 D.
1719 2440 1783 2484 N.
1802 2437 1857 2484 de
1891 2438 2044 2485 Poirat
2062 2471 2074 2484 .
2107 2438 2222 2495 Tul-v

214 2510 380 2562 lensem
407 2510 623 2562 fabricam
656 2509 817 2579 infigni
848 2526 977 2560 terra:
1003 2512 1123 2578 petio
1149 2525 1254 2555 cum
1285 2504 1459 2571 praediis
1487 2506 1750 2552 coemeterio
1779 2502 2034 2569 Hospitalis
2064 2509 2113 2554 S.
2146 2508 2223 2554 Pe-

215 2584 276 2632 tri
309 2584 535 2651 contiguis
557 2584 757 2649 Joannes
788 2582 845 2630 de
873 2583 1077 2631 Porcelet
1100 2578 1155 2625 de
1177 2577 1414 2629 Masslane,
1455 2573 1660 2622 Abbatiae
1691 2578 1736 2622 S.
1757 2573 1987 2623 Mansueti
2019 2573 2219 2623 Coadiu,

213 2667 286 2702 tor
319 2688 335 2710 ,
378 2651 427 2704 δε
458 2651 746 2720 postmodum
780 2649 1026 2717 Episcopus
1051 2644 1275 2697 Tullenfis
1299 2644 1564 2692 acceleravit
1594 2679 1608 2699 ‚
1639 2641 1687 2693 ὅ(
1714 2660 1796 2709 pro
1822 2647 1915 2704 ejus
1947 2640 2096 2690 forma
2128 2661 2221 2690 am·
2254 2683 2257 2686 .

216 2723 397 2788 plianda
426 2727 486 2772 D.
520 2723 699 2779 Fleuri,
729 2719 933 2770 Ecclefiae
947 2715 1231 2769 Cathedralis
1257 2712 1480 2765 Tullenfis
1505 2715 1789 2767 Canonicus,
1806 2711 2122 2781 ampliffimam
2149 2710 2219 2760 sti·
2254 2754 2256 2756 .

213 2806 319 2857 pem
337 2793 538 2840 contulit
559 2789 652 2840 &c.

353 2863 463 2908 Non
497 2856 721 2926 suspendit
747 2874 895 2909 tamen
922 2860 1013 2908 haec
1054 2859 1194 2907 aliena
1225 2855 1456 2904 aemulatio
1489 2853 1880 2904 Sereniffimorum
1916 2851 2216 2918 Principum-³,

215 2929 462 2989 affestum3
499 2928 576 2977 ubi
607 2931 723 2977 enim
756 2931 949 2979 aliorum
978 2927 1166 2977 devotio
1195 2942 1350 2974 muros
1382 2926 1558 2981 erexit,
1590 2925 1631 2971 hi
1669 2924 1837 2971 erestos
1863 2924 1986 2970 mirae
2016 2924 2122 2969 artis
2149 2924 2216 2988 pi-

216 3003 357 3052 sturis
374 3036 389 3058 ,
421 2997 599 3066 copiosa
625 2997 894 3066 supellec'tile
920 2998 1010 3050 (Sec.
1046 3008 1372 3047 exornaverunt
1408 3014 1423 3052 3
1463 2995 1536 3042 vei
1568 3029 1582 3050 ,
1620 2993 1694 3042 ubi
1720 2994 1840 3041 muri
1869 2989 2129 3040 fatiscebant
2157 2991 2214 3039 ad

215 3073 423 3126 ruinam,
457 3086 534 3118 eos
564 3067 890 3125 restaurarunt,
910 3070 1016 3125 vel,
1042 3067 1118 3117 ubi
1136 3065 1335 3135 angustia
1362 3065 1576 3112 incolatui
1595 3066 1802 3111 Fratrum
1822 3078 1898 3110 eos
1915 3063 2062 3110 minus
2086 3074 2213 3126 aptos

221 3140 420 3192 reddidit
452 3174 467 3196 ,
503 3140 776 3205 amplizirunt
804 3157 817 3188 ε
852 3140 898 3187 in
939 3138 1146 3187 omnibus
1186 3152 1336 3185 autern
1382 3132 1609 3182 Fratribus
1638 3130 1947 3180 benefecerunt
1979 3165 1994 3188 ,
2039 3128 2087 3179 ὅ(
2121 3131 2211 3177 ino·

217 3213 340 3281 piam
370 3206 651 3280 profeffionis
671 3245 686 3267 ,
726 3207 821 3259 fixae
853 3209 1081 3257 charitatis
1110 3205 1302 3255 subsidio
1333 3201 1617 3251 subleva'runt
1641 3237 1653 3248 .
1699 3195 1858 3266 Usque
1887 3199 1943 3248 ad
1989 3197 2213 3248 familiari-

217 3294 358 3331 tatem
388 3280 533 3328 crevit
570 3277 878 3328 benevolentia
897 3313 911 3335 ,
935 3277 1044 3327 dum
1066 3281 1277 3326 Fratrum
1309 3269 1584 3320 consortium
1611 3269 1688 3319 fibi
1724 3271 1910 3319 voluere
1939 3287 2179 3318 commune
2199 3304 2213 3323 ‚

217 3349 267 3400 δι’
302 3367 405 3398 cum
437 3349 506 3395 his
539 3348 594 3396 ad
624 3347 819 3397 mensam
848 3347 1022 3406 sedere,
1054 3346 1242 3411 ciboque
1273 3340 1391 3392 refici
1418 3338 1636 3409 gestivssre
1663 3376 1674 3389 .
1712 3339 1934 3390 Habitum
1964 3340 2212 3405 Religionis

217 3420 284 3467 ita
317 3417 620 3474 aestimarunt,
658 3433 708 3467 ut
734 3419 962 3469 Henricus
995 3414 1257 3471 Altefatus‚
1294 3411 1455 3473 rejecto
1492 3408 1783 3460 virdunensis
1815 3411 1990 3476 Mytrae
2013 3407 2213 3474 splendo-

220 3505 299 3544 re,
337 3488 418 3534 illo
446 3486 596 3543 indui,
638 3491 843 3537 Fratrum
868 3490 1093 3537 exercitiis
1130 3482 1446 3536 commisceri,
1483 3482 1597 3528 inter
1623 3481 1701 3527 hos
1728 3482 1880 3537 mori,
1911 3478 1958 3529 ὃς
1983 3495 2086 3524 cum
2113 3480 2208 3525 Ha-

217 3557 316 3607 bitu
345 3556 392 3603 in
419 3553 614 3605 Ecclefia
643 3559 890 3607 S.Nicolai
924 3556 1094 3624 sepeliri
1121 3555 1320 3605 voluerit
1338 3586 1350 3598 .
1386 3549 1580 3600 Habitus
1611 3548 1657 3599 ὅ(
1681 3551 1841 3614 quietis
1870 3547 2040 3596 socium
2069 3545 2116 3593 in
2140 3563 2208 3593 ea-

223 3626 328 3676 dem
366 3622 563 3674 Ecclefia
592 3625 723 3675 habet
758 3627 974 3694 piiffimus
1005 3626 1199 3675 Antistes
1228 3628 1456 3688 Nepotem
1479 3655 1494 3675 ,
1531 3620 1814 3674 Henricum,
1852 3618 2083 3667 Comitem
2121 3613 2207 3663 de..

219 3696 450 3763 Chaligny
469 3729 486 3753 ,
521 3697 832 3744 Marchionem
866 3698 919 3745 de
951 3700 1073 3760 Moy
1102 3695 1190 3746 ὅτε.
1227 3695 1303 3760 qui
1331 3689 1460 3737 ficuti
1489 3690 1643 3738 vivens
1672 3690 1812 3736 vitam
1830 3687 1946 3735 Viro
1971 3685 2206 3751 Capucino
2242 3727 2244 3729 ,

167 3798 172 3802 -
216 3783 373 3835 parem
394 3765 551 3820 duxit,
581 3764 643 3813 ita
664 3767 758 3833 pari
779 3762 903 3816 ferali
927 3766 1092 3832 amiiiu
1115 3768 1225 3814 inter
1241 3761 1493 3831 capucinos
1521 3760 1719 3823 requiem
1747 3771 1956 3805 aeternam
1976 3753 2202 3821 expe-’stat-

356 3833 476 3885 Tom·
490 3834 542 3885 V.
1499 3833 1535 3877 B
1548 3827 1574 3875 b
1613 3845 1638 3874 2
2046 3825 2141 3885 Qui
