2592 4094
929 208 1006 296 S.
1065 207 1640 296 ludovici.
2021 248 2181 334 139

231 346 371 398 clefiae
387 350 768 401 Bethlehemiticae
797 366 915 401 anno
946 369 1035 399 122
1046 371 1092 412 3.
1121 353 1179 401 ad
1194 354 1427 401 Ditionem
1449 357 1631 402 Ducum
1646 350 1994 403 Nivernensium
2019 365 2238 412 translatae

223 419 486 469 nominatus
501 419 668 470 dicitur
684 423 958 471 Fr.Carolus
970 421 1305 477 Tolonenfis,&
1319 437 1505 471 econtra
1520 425 1562 471 in
1578 426 1759 482 timore,
1773 421 1821 474 &
1835 423 2054 473 modestia
2075 430 2237 479 Cabel-

220 488 466 539 lionensem
483 489 800 539 Pontificatum
819 488 1040 538 recusavit
1060 492 1435 554 Fr-Hyacinthus
1452 493 1858 552 Avenionenfis,ex
1877 494 2016 543 nobili
2034 493 2234 561 deJoan-

220 558 292 606 nis
318 558 374 608 de
395 562 588 609 Verclos
617 559 749 628 stirpe
765 594 781 618 ,
800 560 827 608 ὲ
843 564 889 609 S.
907 577 972 616 m,
992 561 1230 609 Clemente
1255 563 1350 609 XI.
1379 564 1420 610 ei
1448 562 1716 614 destinatum
1740 600 1752 613 .
1789 565 1897 613 Fuit
1923 568 1999 613 Fr.
2018 566 2249 630 Herony.'

212 645 354 686 mus,
386 628 692 688 ArelatenfiS,
729 648 785 679 ex
829 628 992 679 illustri
1024 630 1376 678 Laurentiorum
1413 631 1615 698 prosapia
1641 670 1657 692 ,
1694 634 1892 684 duorum
1924 631 2234 701 Archiepisco-

216 714 385 767 porum
402 735 418 757 ,
444 700 657 750 videlicet
674 697 861 767 Caspari
874 734 891 758 ‚
921 696 1260 766 Archiepiscopi
1285 700 1557 750 Aralatenfis
1574 736 1589 758 ,
1604 703 1652 754 ὃς
1666 705 1915 761 Honorati,
1932 706 2053 770 prius
2072 706 2118 752 in
2133 707 2236 755 Par-

217 769 419 819 lame‘nto
435 771 586 839 Regio
601 768 838 828 advocati,
861 768 910 820 ὅ(
933 767 1029 837 post
1057 782 1256 817 mortem
1283 772 1504 839 conjugis,
1522 774 1862 840 Archiepiscopi
1879 772 2202 824 Ebredunenfis
2220 811 2236 834 ,

215 834 333 889 ficut
366 839 416 891 ὅς
436 840 630 889 Andreae
645 873 662 897 ,
687 841 877 890 Henrici
909 840 1047 907 Regis
1068 840 1161 887 IV.
1178 839 1432 888 Archiatris
1449 874 1465 897 ,
1483 839 1639 888 Frater
1654 839 1901 892 secundum
1918 862 2099 894 carnem
2115 846 2238 906 Ger-²

214 922 401 966 manus,
426 907 475 959 ‹3t
505 913 648 958 trium
666 906 1179 975 Archiepiscopatuum,
1212 907 1469 974 AquenHS,
1506 911 1783 959 Arelatenfis
1801 947 1815 968 ‚
1843 911 2231 963 &Ebredunensis

214 979 473 1039 nominatus
513 975 730 1026 successor
755 1012 772 1034 ,
810 979 986 1026 nullum
1014 993 1164 1027 tamen
1201 979 1460 1044 acceptavit
1488 1013 1503 1035 ,
1532 979 1683 1029 dicens
1717 1001 1728 1028 :
1768 981 1856 1047 Ego
1887 984 2043 1049 sbrtem
2070 990 2234 1035 meam-A

207 1047 514 1104 humillimam,
542 1051 594 1095 ὃ
616 1047 722 1094 hunc
748 1046 945 1112 Capucini
973 1048 1162 1096 habitum
1186 1049 1322 1098 vilem
1349 1050 1403 1096 &¹
1425 1048 1606 1114 asperum
1625 1051 1762 1114 pluris
1776 1050 1897 1118 ficio
1912 1087 1928 1108 ,
1957 1057 2077 1120 quam
2100 1072 2234 1102 omnes

208 1121 384 1166 omnium
399 1115 684 1166 ‘Praelatorum
707 1119 854 1166 titulos
883 1123 1129 1176 eminentes,
1165 1118 1270 1167 crim
1282 1120 1488 1168 omnium
1517 1119 1576 1168 ob
1603 1122 1829 1171 virtutum
1857 1121 2014 1180 dotes,
2044 1121 2093 1172 ὅ(
2116 1125 2231 1173 Caeli

205 1185 326 1235 dona
345 1221 362 1244 ,
398 1204 495 1254 quae
528 1188 688 1237 tertius
716 1187 766 1239 δι
794 1186 1135 1239 Matisconenfis
1162 1189 1414 1239 Annalium
1443 1203 1596 1239 tomus
1632 1188 1714 1240 fol.
1734 1209 1848 1242 220.
1865 1190 2093 1251 recenset,
2120 1190 2229 1242 esset

211 1254 493 1326 digniffimus
509 1293 521 1306 .

342 1329 539 1392 Qoties
571 1329 793 1378 memoria
811 1333 893 1379 Fr.
916 1333 1148 1381 Honorati
1171 1327 1461 1381 Cannetenfis
1487 1331 1598 1380 mihi
1630 1327 1931 1388 obversatur,
1959 1334 2096 1380 toties
2124 1347 2232 1379 cum

206 1398 549 1465 Apocalyptico
573 1402 754 1465 Joanne
772 1401 1049 1469 ingeminare
1064 1417 1234 1471 cogor:
1272 1402 1369 1450 Vidi
1390 1401 1567 1451 alterum
1587 1401 1794 1469 Angelum
1815 1401 2030 1451 volantem
2051 1415 2125 1466 per
2150 1418 2232 1448 me-

202 1465 315 1514 dium
339 1465 490 1516 Caelum
503 1503 520 1524 ,
552 1470 765 1518 habentem
791 1470 1071 1538 Evangelium
1090 1489 1282 1521 aeternum
1299 1507 1315 1530 ‚
1340 1487 1386 1519 ut
1408 1473 1724 1541 evangelizaret
1744 1470 1983 1537 fidentibus
2002 1470 2128 1537 fhper
2148 1485 2232 1518 ten-

202 1552 292 1584 ram
307 1572 323 1595 ,
342 1543 397 1586 ἔθ’
409 1540 536 1604 steper
561 1558 714 1588 omnem
739 1555 927 1607 gentem,
955 1544 1011 1591 (Ὺ
1035 1542 1191 1591 tribum
1206 1579 1222 1600 ,
1252 1543 1503 1608 &linguam
1517 1579 1533 1601 ,
1561 1545 1614 1591 ὼ·
1638 1542 1858 1608 populum:
1899 1542 2108 1611 Angelus
2140 1538 2229 1590 fuit

202 1607 493 1666 Honoratus,
513 1627 602 1658 non
621 1608 766 1659 solum
785 1613 965 1661 nomine
985 1648 1002 1671 ,
1028 1630 1120 1679 quo
1145 1612 1265 1663 sacra
1283 1611 1499 1680 Baptismi
1525 1609 1700 1664 funstio
1723 1630 1828 1663 eum
1850 1616 2085 1682 Angelum
2101 1615 2228 1676 Ray·

208 1676 435 1726 mundum
456 1696 571 1727 anno
595 1689 740 1742 1632.
767 1682 950 1732 vocavit
966 1717 983 1739 ‚
1016 1681 1088 1732 sed
1105 1681 1349 1734 &illibatae
1372 1685 1477 1732 vitae
1491 1684 1716 1742 candore,
1747 1699 1881 1749 quem
1909 1683 2117 1731 omnium
2136 1683 2229 1729 vir-

213 1758 365 1794 tutum
390 1746 561 1796 acceffu
587 1747 786 1799 servavit
802 1784 814 1797 .
856 1753 1050 1800 Volavit
1072 1769 1152 1816 per
1183 1752 1384 1800 medium
1419 1755 1598 1805 Caelum
1622 1789 1639 1810 ‚
1660 1752 1735 1801 seu
1759 1751 2005 1801 Ecclesiam
2034 1751 2195 1798 Galliae
2210 1781 2227 1803 ,

201 1812 247 1860 in
271 1831 362 1878 qua
380 1815 665 1864 Miffionario
693 1819 822 1873 zelo,
853 1817 901 1867 ὅ(
926 1834 982 1864 eo
1012 1820 1155 1885 ignito
1181 1821 1284 1867 zelo
1310 1820 1593 1867 annuntiavit
1623 1820 1857 1884 Evangelii
1886 1820 2150 1873 veritatem,
2179 1830 2229 1865 ut

199 1883 316 1930 inter
332 1882 660 1933 Ecclefiasticos
676 1882 887 1935 Praesules
920 1904 1024 1935 eum
1067 1885 1215 1936 secum
1234 1888 1336 1944 ,vel
1365 1888 1408 1934 in
1436 1885 1509 1937 sua
1526 1887 1721 1936 Dioecefi
1748 1891 2006 1936 Praeconem
2035 1885 2226 1934 habendi

198 1955 447 2007 contentio,
460 1951 508 2002 ἃ
536 1954 681 2002 amica
695 1958 890 2003 oriretur
904 1958 1148 2004 aemulatio.
1164 1960 1448 2021 Stupuerunt
1471 1958 1718 2006 collestum
1738 1955 1792 2005 ab
1808 1974 1860 2005 eo
1886 1955 2089 2005 fruEium
2108 1957 2218 2005 Tri-

202 2019 285 2066 bus
301 2018 524 2087 &lingua
539 2020 813 2074 Parifiensis,
849 2021 1157 2082 Lugdunensis
1176 2054 1191 2075 ,
1221 2022 1502 2067 Maffilienfis
1522 2056 1536 2075 ,
1570 2024 1836 2069 Tolonenfis
1857 2058 1872 2078 ,
1898 2027 2213 2087 Perpinianen-

194 2084 282 2143 fis,
317 2088 599 2152 Aquitaniae,
628 2087 800 2134 Montis
828 2083 1014 2142 Pelusii,
1043 2087 1297 2134 Occitaniae
1311 2085 1508 2137 ἁφὰς.
1532 2085 1765 2137 &Virum
1779 2090 1834 2138 de
1852 2092 1984 2138 Caelo
2019 2090 2098 2138 fibi
2116 2090 2220 2139 mis-

192 2152 296 2214 sum
326 2157 370 2203 in
389 2157 477 2205 Dei
504 2154 813 2204 bened-ifiione
836 2154 1152 2204 collaudarunt
1168 2191 1179 2202 .
1200 2158 1447 2222 Nunquam
1466 2157 1696 2206 hominem
1717 2157 1774 2206 fic
1803 2157 1882 2206 fibi
1908 2162 2115 2208 locutum
2133 2159 2216 2209 esse

201 2224 415 2274 concordi
440 2227 666 2294 praeconio
686 2223 1029 2284 asseruerunt,&
1045 2242 1274 2291 nunquam
1291 2228 1520 2277 Honorati
1539 2230 1814 2278 memoriam
1833 2230 1856 2278 εὶ
1872 2225 1918 2278 se
1934 2228 2218 2288 recessuram,

190 2295 321 2364 grata
350 2294 439 2344 fide
462 2301 701 2359 jurarunt.
740 2294 981 2346 Tranfiens
1009 2314 1087 2365 per
1118 2298 1317 2345 Patriam
1337 2299 1586 2356 Honorati,
1608 2301 1696 2348 Vir
1713 2298 1892 2356 nobilis,
1907 2298 2135 2349 descendit
2161 2300 2218 2349 de

190 2382 311 2432 equo
326 2399 343 2423 ,
373 2364 576 2416 &infixo
594 2381 721 2416 terrae
736 2364 938 2424 osculo,
963 2368 1256 2416 exclamavit:
1295 2362 1533 2414 ‘Benedic‘la
1560 2382 1704 2423 terra,
1735 2386 1819 2431 quae
1844 2364 1970 2414 nobie¹
1992 2370 2105 2416 dedit
2131 2369 2217 2417 Ho-

186 2441 334 2485 minem
347 2434 554 2504 Magnum
568 2456 584 2496 3
608 2435 716 2486 folia
749 2437 1005 2488 novitatum
1022 2473 1037 2495 ,
1074 2455 1173 2504 quae
1188 2431 1417 2483 curiosum
1448 2453 1524 2501 per
1543 2435 1701 2483 orbem
1736 2433 2058 2503 disperguntur
2074 2470 2091 2494 ,
2109 2454 2215 2503 pro-

188 2507 310 2575 digia
331 2506 620 2565 Miffionum,
638 2509 793 2575 amplo
816 2509 999 2557 tramite
1015 2503 1302 2574 publicarunt
1320 2537 1333 2558 ‚
1358 2502 1405 2552 ὅ(
1421 2521 1575 2551 omnes
1594 2539 1608 2561 ,
1635 2505 1711 2569 qui
1732 2518 1958 2552 novernnt
1980 2522 2088 2553 eum
2103 2539 2120 2563 ,
2148 2504 2211 2554 sa-

186 2593 266 2625 cro
283 2575 431 2639 jubilo
460 2577 580 2627 dona
610 2579 633 2627 ἓι
661 2580 791 2629 Caelo
818 2580 860 2627 ei
892 2579 1056 2626 collata
1088 2573 1413 2624 comendarunt
1441 2608 1454 2623 .
1507 2574 1744 2622 Gaudium
1777 2575 2011 2622 convertit
2039 2575 2084 2622 in
2121 2592 2209 2623 nae-

190 2647 311 2695 niam
341 2664 482 2698 annus
509 2647 778 2698 millesimus
794 2645 1132 2696 sexcentesimus
1158 2641 1471 2710 nonagesimus
1488 2659 1674 2711 quartus
1696 2678 1710 2700 ,
1743 2642 1854 2692 dum
1875 2644 2112 2711 Angelum
2139 2662 2207 2693 ra-

185 2719 288 2782 puit
304 2752 321 2774 ,
344 2715 393 2767 &
423 2732 552 2766 terrae
569 2718 728 2766 datum
753 2717 810 2765 ad
830 2723 903 2764 An
938 2718 1104 2764 elicum
1132 2712 1356 2762 transtulit
1380 2712 1659 2763 consortium
1677 2749 1691 2770 ,
1727 2716 1772 2761 in
1797 2712 2110 2762 haereditatern
2144 2711 2206 2761 sa·

183 2785 291 2833 lutis
321 2786 486 2836 reliffis
517 2787 674 2843 libris,
702 2789 778 2853 qui
807 2732 1098 2852 praesgeferunt
1127 2785 1284 2832 titulos
1328 2780 1583 2848 sequentes.-
1617 2783 1847 2851 ‘ngimen
1874 2782 2205 2848 vitaespiritua-

180 2853 261 2904 list'
290 2855 446 2905 Praxis
472 2859 669 2903 orationis
686 2857 877 2903 mentalis
897 2874 907 2902 :
928 2855 1138 2904 methodus
1152 2852 1357 2920 faciendae
1380 2853 1642 2920 Cotfiffionis
1655 2857 1886 2922 generalis:
1914 2851 2056 2901 Preces
2074 2851 2198 2900 Chri-

182 2923 313 2974 Hiani
337 2932 427 2974 &a
460 2923 750 2992 pluribusque
777 2921 1090 2992 manuscriptis
1109 2961 1122 2973 .

327 2997 561 3046 Honorati
595 3013 756 3043 nomen
788 3012 877 3043 non
907 2997 1057 3063 gerit,
1090 2992 1163 3043 sed
1201 2994 1383 3043 honoris
1407 2994 1623 3044 virtutem
1653 2994 1848 3058 explicat
1883 2988 2198 3039 Fr.Cherubi-

183 3082 266 3113 nus
297 3066 324 3113 ὲ
361 3067 547 3124 Noves,
583 3065 694 3114 dum
715 3065 940 3114 Melchior
967 3063 1220 3115 Cardinalis
1251 3065 1308 3113 de
1324 3059 1943 3132 Polignac,Christianissimi
1973 3060 2110 3127 Regis
2138 3060 2195 3107 ad

180 3127 350 3202 Papam
366 3137 570 3193 Orator,
587 3137 898 3185 Familiarium
928 3134 1113 3185 suorum
1143 3135 1286 3183 coetui
1310 3152 1414 3183 eum
1442 3134 1737 3201 aggregavit,
1776 3127 2086 3180 Sereniffimus
2113 3131 2195 3178 Po-

183 3205 314 3254 loniae
345 3210 446 3256 Rex
475 3206 721 3256 Stanislaus
766 3203 899 3255 suum
929 3207 975 3254 in
1001 3207 1124 3255 Aula
1156 3202 1389 3254 Pontificia
1422 3203 1673 3250 nominavit
1699 3201 1996 3268 Theologum
2021 3233 2036 3255 ,
2075 3200 2192 3247 Illu-

180 3271 412 3326 striffimus
438 3282 497 3327 D.
514 3278 733 3326 Nicolaus
752 3277 984 3325 Lercarius
1011 3293 1091 3343 per
1111 3274 1234 3325 suam
1251 3270 1609 3323 Avenionensem
1639 3271 1935 3339 Legationcm
1960 3267 2190 3318 constituit

180 3344 605 3405 Poenitentiarium,
644 3345 914 3396 Benedistus
946 3349 1062 3412 Papa
1078 3349 1228 3396 XIII.
1261 3348 1307 3393 S.
1328 3343 1684 3410 Congregationi
1718 3339 2112 3409 indulgentiarum
2139 3335 2188 3387 ὃς

181 3413 352 3464 Indicis
384 3415 615 3484 adscripsit
644 3451 660 3474 ,
688 3419 903 3468 Clemens
939 3419 1062 3465 XII.
1099 3417 1213 3464 inter
1237 3411 1560 3480 qualificatores
1589 3415 1636 3460 S.
1655 3409 1816 3461 Officii
1848 3408 2184 3460 annumeravit.

178 3485 307 3533 'Aula
323 3488 468 3553 Regia
486 3489 832 3536 Procuratorem
850 3485 1116 3536 Miffionum
1132 3486 1385 3534 Galliarum
1403 3483 1448 3530 in
1473 3482 1667 3531 Oriente
1686 3480 1774 3532 διε.
1805 3477 2079 3556 designavit,
2108 3480 2183 3525 Sa·

180 3571 255 3602 cra
286 3553 422 3603 Sedes
452 3557 537 3604 hoc
577 3558 621 3604 in
646 3573 833 3606 munere
860 3554 1149 3606 confirmavit
1170 3590 1186 3612 ,
1224 3552 1489 3602 Benedrtffffis
1527 3554 1670 3601 XIV.
1697 3553 1873 3600 vacanti
1895 3565 1973 3614 per
2005 3545 2183 3626 obitum

178 3624 439 3675 Definitorii
461 3628 697 3675 Generalis
727 3624 851 3676 sedili
882 3625 1103 3676 substituit
1125 3660 1142 3683 ,
1184 3624 1232 3675 ὅ(
1265 3621 1559 3691 postmodum
1588 3621 1725 3671 Ordo
1753 3637 1832 3688 per
1862 3616 2182 3684 capitularia..

182 3696 289 3748 votri
314 3698 359 3745 in
383 3697 498 3754 hoc,
533 3713 650 3744 anno
683 3714 827 3758 1747.
855 3695 983 3745 fixit.

315 3765 535 3819 Clarescit
569 3765 618 3818 δε
643 3769 879 3816 Provincia
910 3764 1104 3834 plurima
1140 3763 1371 3814 nobilitate
1394 3796 1409 3818 ‚
1439 3759 1487 3811 &
1516 3778 1663 3829 paucae
1699 3757 1800 3807 sunt
1833 3758 1879 3805 in
1902 3774 1950 3806 ea
1981 3756 2180 3866 Fagigliae
