2592 4094
1015 219 1542 336 Tolosana.

2064 267 2225 345 207

259 371 304 410 et
335 369 387 409 ea
419 360 627 430 religiosa
644 397 660 420 ,
676 381 725 412 ac
755 361 889 412 dotia
914 363 1081 415 virtute
1109 368 1323 419 dotatum
1339 403 1357 428 ‚
1374 383 1425 420 ut
1448 367 1583 438 longe
1601 371 1702 437 plus
1718 403 1735 431 ,
1759 367 1898 438 quarn
1926 369 2008 437 ipsi
2030 372 2189 426 datum
2212 381 2284 437 fit,

255 430 475 487 meruerit
497 465 509 479 .

435 601 762 667 Provincia
799 599 928 666 haec
968 601 1150 670 etiam
1186 605 1391 694 gloriae
1413 654 1430 681 ‚
1472 630 1603 696 qua:
1639 609 1718 673 de
1755 612 1846 672 Fr.
1875 605 2280 703 JosephiaJo-

251 668 376 777 josa

531 857 769 908 Con-ventus
797 856 995 906 Fratrum

246 1121 552 1172 Donationem
584 1122 785 1190 Capellae
812 1125 859 1171 S.
875 1125 1010 1191 Lupi,
1026 1123 1084 1173 ad
1107 1141 1231 1173 men·

248 1231 250 1233 .
316 1187 867 1261 samArchiepiscopalem
887 1193 1230 1246 Narbonensem

315 1256 568 1326 spec‘tantis,
582 1280 666 1330 pro
699 1267 862 1313 Domo
881 1268 1093 1315 Fratrum
1125 1284 1232 1316 con-

245 1365 251 1368 «
313 1329 523 1382 struenda
536 1368 551 1391 ,
587 1333 613 1381 a
630 1331 869 1385 Francisco
889 1336 1137 1387 Cardinale
1150 1339 1230 1404 Jo-

245 1429 247 1431 -
313 1398 452 1462 josaeo
467 1400 637 1455 fa&am
654 1440 671 1463 ‚
690 1404 930 1455 ratihaberi
956 1407 1206 1457 committit
1218 1446 1229 1462 .

237 1531 741 1589 GREGORIUS
790 1536 996 1586 PAPA
1043 1538 1220 1590 XIV.

397 1649 467 1692 Ad
474 1659 706 1706 perpetuam
721 1655 781 1693 rei
798 1653 1023 1697 memoriam
1042 1681 1056 1705 ,

240 1762 394 1869 AD
407 1778 454 1806 ea
470 1766 648 1810 libenter
671 1768 918 1812 intendimus
932 1795 948 1817 ,
974 1782 1061 1825 quae
1077 1772 1218 1824 Regu-

338 1875 342 1878 .
386 1821 526 1864 larium
552 1823 812 1878 personarum
841 1825 1212 1871 commoditatem-a

238 1877 486 1930 respiciunt,
516 1891 558 1922 ut
582 1882 623 1924 hi
651 1880 796 1923 divinis
813 1880 1011 1939 obsequiis
1035 1881 1216 1925 fructuo-

238 1935 311 1980 fius
327 1936 498 1980 insistere
512 1939 654 1996 poffiut
667 1967 678 1980 .
696 1943 800 1982 Cum
817 1941 941 1996 igitur
955 1971 970 1991 ,
990 1939 1208 1984 ficut-rece·

236 1995 366 2051 pimus
390 2009 544 2050 nuper,
573 1997 740 2038 dilectus
770 1998 889 2040 Filius
916 2001 1071 2046 noster,
1091 2002 1210 2040 Fran-

237 2051 387 2099 ciseus,
401 2053 508 2094 tit-uli
525 2052 772 2095 sanetiffimae
790 2054 998 2094 Trinitatis
1013 2056 1052 2092 in
1072 2066 1210 2094 monte

237 2108 379 2154 Pincio
411 2111 630 2164 Presbyter
646 2108 874 2150 Cardinalis
901 2109 1095 2164 deJojosa
1111 2123 1211 2151 nun-

237 2175 405 2223 cupatus
420 2195 435 2218 ,
464 2166 646 2210 Ecclefiae
665 2166 865 2214 Tolosanae
880 2197 894 2219 ,
922 2166 1213 2222 dispensatione.

233 2224 465 2282 Apostolica
481 2224 624 2268 Praesul
638 2254 651 2277 ,
680 2238 755 2268 nec
779 2241 854 2269 non
871 2225 1070 2268 fruetuum
1086 2254 1099 2277 ,
1118 2226 1211 2268 red—

213 2285 413 2334 «lituum,
430 2286 748 2340 &proventuum
774 2281 912 2327 mensae
934 2283 1212 2339 Archiepiseo-

236 2340 334 2398 palis
357 2341 897 2392 Narbonensis-reservarer,
915 2343 1077 2397 cupiens
1091 2342 1209 2397 quam

233 2398 383 2443 multos
410 2399 582 2454 dignos,
609 2401 648 2441 δι
674 2401 796 2444 utiles
824 2402 860 2443 in
878 2402 1006 2445 Vinea
1045 2399 1207 2443 Domini

236 2458 459 2512 Operarios
472 2459 654 2514 reperire
669 2488 682 2509 ,
697 2473 742 2500 ac
759 2461 862 2501 votis
882 2458 1122 2501 dilectorum
1140 2458 1208 2500 Fi-

240 2516 391 2558 liorum
419 2517 760 2566 communitatis,
787 2521 827 2563 &
855 2518 1075 2562 Hominum
1093 2516 1208 2559 Civi-

237 2574 330 2618 tatis
347 2575 629 2624 Narbonenfis,
643 2577 904 2633 precibusque
923 2570 1089 2618 Ministri
1109 2577 1207 2615 Pro-

235 2633 418 2676 vincialis
450 2636 632 2678 Fratrum
653 2637 960 2688 Capucinorum
989 2631 1206 2676 Provinciae

212 2690 453 2746 ‘Aquitania
467 2706 667 2740 annuere,
681 2695 944 2743 Orator-ium,
968 2691 1032 2734 seu
1053 2688 1203 2744 Capel-

231 2749 310 2791 lam
336 2751 378 2791 S·
403 2751 532 2804 Lupi,
555 2764 708 2806 prope,
734 2754 770 2793 δι
799 2763 910 2794 extra
933 2761 1064 2793 muros
1090 2747 1203 2789 distae

229 2806 422 2850 Civitatis
445 2807 644 2856 sitam2ad
670 2811 842 2851 mensam
872 2803 1201 2862 Archiepiscopa-

232 2866 313 2908 lem
330 2864 553 2920 praedie'tam
576 2865 761 2920 legitime
777 2869 1019 2922 spectantem
1034 2893 1047 2915 ,
1060 2865 1099 2905 &
1113 2878 1182 2919 per
1193 2889 1209 2902 -

216 2923 442 2973 >tinentem,
456 2926 534 2967 una
548 2937 641 2968 cum
664 2926 855 2967 Oratorio
868 2951 883 2975 ,
912 2924 976 2966 seu
1002 2923 1170 2977 Capella
1187 2952 1201 2975 ,

235 2984 386 3031 horto,
403 2981 565 3037 aliisque
586 2980 736 3038 juribus
750 3013 764 3035 ,
788 2985 826 3025 &
854 2982 1107 3037 pertinentiis
1123 2980 1201 3028 suis,

231 3041 374 3083 Ordini
402 3039 600 3082 dictorum
629 3043 814 3084 Fratrum
840 3042 1200 3097 Capucinorum,

232 3099 353 3141 ctiam
385 3098 436 3140 de
461 3099 652 3145 consensu
687 3101 898 3156 Capituli,
922 3103 959 3142 &
975 3100 1204 3145 Canonico-

228 3171 318 3200 rum
339 3157 522 3200 Ecclesia:
541 3160 807 3201 Narbonensis
834 3159 882 3202 ad
908 3159 1069 3205 laudem
1100 3158 1203 3209 Dei,

228 3217 268 3258 δι
285 3213 518 3259 Christianae
535 3217 758 3273 Religionis
769 3225 1043 3273 augmentum,
1059 3231 1202 3272 perpe-

229 3273 303 3315 tub
322 3273 535 3323 concessit-2
562 3287 682 3331 prout
712 3276 750 3317 in
778 3277 947 3332 publicis
976 3276 1085 3318 ditftae
1100 3289 1199 3317 con-

229 3329 409 3373 eeffionis
425 3331 641 3388 scripturis,
657 3334 808 3391 plenius
823 3335 973 3379 dicitur
987 3333 1202 3377 contineri.

233 3390 418 3443 Cumque
434 3389 538 3434 dista
552 3394 847 3445 Communitas,
865 3396 903 3436 δι
919 3394 1110 3441 Homines
1126 3406 1202 3447 pro

227 3459 372 3487 eorum
393 3446 611 3493 devotione
635 3452 879 3509 summopere
892 3453 1081 3507 cupiant,
1095 3450 1199 3506 apud

233 3502 445 3558 Capellam
461 3534 478 3557 ,
507 3506 570 3549 seu
585 3510 817 3555 Oratorium
841 3510 1066 3566 hujusmodi
1081 3523 1199 3554 unam.

230 3562 404 3604 Domum
430 3565 675 3620 Regularem
704 3567 797 3611 dieti
820 3570 984 3616 Ordinis
1014 3572 1197 3614 fratrum

229 3622 532 3675 Capucinorum
543 3625 643 3679 erigi
656 3654 672 3675 ‚
699 3627 739 3666 &
763 3628 933 3677 institui,
949 3637 1196 3684 propterea-³

225 3679 396 3723 dilectus
410 3679 536 3725 Filius
549 3709 564 3731 ,
582 3684 859 3728 Bonavcntura
885 3688 936 3729 de
955 3685 1163 3729 Monreale
1177 3713 1192 3735 ‚

227 3741 399 3791 Frater,
425 3741 466 3780 δε
493 3740 734 3785 Procurator
750 3745 961 3788 Generalis
990 3742 1196 3798 ejusdem„

224 3797 406 3846 Ordinis,
421 3798 566 3850 Nobis,
580 3798 696 3856 ipsius
713 3803 875 3847 Ordinis
891 3802 1196 3854 nominessmmiu

1056 1018 1297 1033 -—

410 690 636 758 virtute
676 711 1036 790 promanat,
1084 698 1273 783 digne
1308 699 1616 788 particeps
1649 701 1908 765 excurrit
1945 703 2022 766 ad

1443 877 1615 908 XXXIX·

1529 1018 1644 1034 *-
1647 1022 2276 1039 —fi————

1290 1125 1388 1169 liter
1421 1124 1629 1182 supplicari
1646 1124 1742 1168 fecit
1755 1152 1769 1174 ,
1785 1136 1830 1169 ut
1854 1127 1892 1169 in
1907 1129 2104 1184 praemisfis
2118 1144 2269 1185 oppor-

1293 1185 1390 1226 tune
1410 1183 1646 1239 providere,
1661 1185 1713 1227 de
1734 1185 1984 1241 benignitate
2009 1188 2269 1244 Apostolica.)

1292 1242 1548 1298 dignaremur
1562 1272 1573 1285 .
1837 1243 1838 1246 ’

1408 1306 1496 1346 Nos
1523 1302 1670 1357 igitur,
1690 1303 1758 1357 qui
1782 1301 1946 1344 Ordinis
1974 1303 2178 1362 praedicti,
2198 1305 2268 1358 qui

1292 1363 1435 1404 uberes
1457 1361 1641 1418 quotidie
1666 1363 1702 1403 in
1719 1359 1898 1406 Ecclesia
1917 1363 1991 1404 Dei
2008 1360 2156 1405 fruetus
2171 1365 2271 1414 pro-¹

1290 1420 1404 1462 ducit
1432 1448 1447 1468 ,
1476 1420 1770 1468 incrementum
1798 1417 2046 1475 summopere
2073 1416 2272 1459 desidera-

1290 1492 1403 1527 mus,
1421 1477 1648 1532 hujusmodi
1684 1476 2040 1532 supplicationibus
2060 1475 2269 1526 inclinati,

1287 1535 1577 1579 concessionem
1606 1537 1702 1579 dieti
1725 1536 1939 1587 Oratorii,
1964 1533 2030 1578 seu
2057 1532 2263 1590 Capellae,

1278 1609 1324 1637 ac
1350 1595 1561 1650 scripturas
1577 1594 1749 1651 desuper
1763 1592 1965 1636 confectas
1980 1623 1994 1644 ,
2014 1606 2187 1649 quarum
2204 1603 2266 1634 te-

1277 1667 1417 1695 norem
1448 1653 1703 1709 praesentibus
1730 1665 1806 1708 pro
1835 1652 2017 1707 expresso
2032 1652 2263 1697 haberivo·

1278 1711 1415 1754 lumus
1429 1738 1443 1759 ,
1466 1726 1511 1755 ac
1526 1712 1621 1755 inde
1649 1714 1780 1755 secuta
1797 1722 2072 1771 quaecumque,
2086 1709 2263 1751 auctori·

1281 1776 1366 1811 tate
1383 1769 1613 1823 Apostolica
1634 1798 1647 1820 ,
1670 1779 1813 1814 tenore
1839 1768 2089 1823 praestntium
2114 1781 2261 1822 perpe-

1285 1828 1360 1867 tuo
1387 1824 1704 1876 confirmamus,
1733 1830 1769 1867 δε
1798 1823 2263 1880 approbamus,illisque

1284 1883 1470 1937 plenaria:
1486 1911 1498 1933 ,
1516 1885 1554 1924 &
1571 1883 1813 1925 inviolabilis
1835 1882 2034 1926 firmitatis
2052 1882 2177 1925 robur
2193 1883 2263 1924 ad-

1273 1940 1457 1998 jicimus,
1475 1943 1514 1983 δι
1529 1941 1701 1997 singulos
1727 1952 1810 1984 tam
1831 1941 1929 1998 juris
1947 1972 1963 1992 ,
1990 1941 2106 1996 quam
2136 1940 2254 1992 faeti,

1272 2002 1310 2043 &
1342 1999 1636 2042 solemnitatum
1676 1999 1802 2041 forsan
1834 2000 2114 2056 requisita-rum
2140 1997 2257 2042 defe-

1272 2059 1357 2096 stus
1370 2083 1384 2104 ,
1403 2059 1429 2095 si
1444 2058 1514 2108 qui
1531 2057 1831 2101 intervenerint
1848 2060 1889 2102 in
1906 2057 2052 2099 eisdem
2065 2084 2079 2108 ,
2093 2056 2257 2112 supple-

1276 2122 1364 2150 mus
1378 2138 1388 2150 .
1411 2113 1616 2154 Praeterea
1640 2112 1772 2154 eidem
1789 2115 2150 2160 Bonaventurae,&
2164 2115 2252 2154 aliis

1273 2167 1369 2211 dieti
1385 2168 1549 2212 Ordinis
1568 2170 2133 2224 superioribus,&1=ratribus
2149 2170 2255 2227 apud

1273 2228 1509 2270 Oratorium
1527 2253 1542 2276 ,
1568 2226 1632 2273 seu
1652 2227 1866 2283 Capellam
1879 2228 2119 2286 hujusmodi,
2133 2243 2255 2272 unam

1273 2286 1450 2329 Domum
1467 2284 2000 2341 ejusdemOrdinisFratrum
2017 2288 2253 2348 Capucino·

1271 2355 1469 2391 rum,cum
1484 2344 1662 2386 Ecclesia
1679 2345 1775 2390 dieti
1790 2347 1924 2389 San&
1938 2346 2058 2400 Lupi,
2074 2346 2136 2392 vel
2152 2347 2256 2389 alte·

1269 2400 1350 2443 rius
1365 2401 1763 2455 nuncupationis,nec
1778 2416 1856 2449 non
1882 2403 2094 2456 campanili
2119 2404 2251 2445 humi-

1270 2456 1329 2507 li,
1345 2459 1546 2512 campanis
1562 2459 1824 2509 ,coemeterio
1840 2485 1853 2508 ,
1871 2458 2118 2502 dormitorio
2132 2488 2146 2511 ,
2179 2475 2246 2502 re·

1269 2514 1459 2563 nestorio,
1485 2515 1687 2563 claustro,
1716 2515 1844 2558 hortis
1869 2541 1884 2566 ,
1911 2516 2128 2558 hortalitiis
2157 2545 2171 2567 ,
2201 2520 2241 2559 &

1267 2571 1354 2614 aliis
1378 2571 1547 2614 officinis
1576 2571 1802 2615 necessariis
1831 2572 2063 2627 quibusvis,
2087 2576 2242 2618 etiarn..

1267 2630 1348 2675 loci
1375 2629 1578 2672 Ordinarii
1610 2628 1772 2674 licentia
1799 2630 1971 2686 desuper
1988 2630 2151 2675 minime
2185 2646 2242 2673 re.

1266 2687 1407 2744 quisita
1422 2717 1436 2741 ‚
1452 2689 1644 2740 construi,
1658 2692 1696 2734 δε
1710 2687 1894 2733 aedificari
1908 2686 2096 2741 faciendi,
2116 2689 2242 2731 licen-

1263 2749 1359 2794 tiam
1373 2748 1632 2791 concedimus
1649 2777 1662 2798 ,
1679 2747 1867 2803 illamque
1884 2774 1898 2797 ,
1914 2746 2118 2803 postquam
2139 2762 2240 2790 con-

1266 2807 1406 2848 structa
1422 2834 1434 2857 ,
1449 2808 1486 2847 &
1500 2804 1693 2848 aedificata
1720 2805 1843 2847 fuerit
1857 2834 1871 2858 ‚
1900 2806 1938 2849 in
1959 2808 2133 2848 Domum
2152 2806 2240 2848 Rea

1264 2865 1446 2920 gularem
1462 2864 1556 2909 dicti
1571 2864 1735 2907 Ordinis
1750 2892 1764 2916 ,
1789 2862 1855 2907 sub
1871 2862 2097 2917 hujusmodi
2115 2864 2232 2904 invo-

1262 2923 1422 2966 catione
1443 2937 1518 2977 pro
1536 2929 1732 2977 perpetuo
1756 2920 1821 2962 usu
1836 2948 1850 2970 ,
1867 2922 1914 2961 ’δι
1926 2921 2232 2965 habitatione-s

1262 2982 1506 3032 Guardiani,
1536 2983 1575 3027 ὃς
1597 2983 1783 3023 Fratrum
1808 2978 1924 3034 ipsius
1950 2978 2113 3022 Ordinis
2128 2978 2228 3021 illuc

1265 3040 1650 3084 introducendorum
1668 3066 1681 3088 ,
1708 3040 1746 3078 &
1759 3037 2103 3092 permansurorum
2118 3066 2133 3089 ,
2163 3038 2231 3092 qui

1262 3099 1316 3142 ibi
1330 3098 1397 3141 sub
1410 3098 1583 3154 regulari
1603 3096 1850 3138 observantia
1867 3097 1956 3138 Deo
1969 3094 2230 3145 famulentur,

1261 3157 1311 3201 ad
1327 3158 1443 3199 instar
1468 3157 1634 3198 aliarum
1648 3152 1830 3196 similium
1856 3152 2116 3209 Regularium
2146 3155 2229 3194 Do-

1261 3215 1560 3265 morum‚etiam
1575 3212 1774 3269 perpetuo
1789 3212 2042 3267 erigimus,ac
2057 3211 2228 3257 institui-

1263 3287 1376 3316 mus:
1391 3287 1464 3315 nec
1478 3285 1555 3314 non
1572 3284 1647 3325 pro
1661 3280 1842 3325 tempore
1863 3272 1904 3313 in
1932 3270 2074 3313 eadem
2091 3273 2225 3312 Domo

1263 3330 1602 3376 commorantibus
1615 3329 1850 3377 Guardiano
1861 3355 1875 3378 ,
1890 3330 1928 3374 &
1944 3329 2146 3375 Fratribus
2169 3328 2226 3369 di-

1260 3392 1310 3436 &i
1327 3389 1512 3438 Ordinis,
1544 3396 1588 3428 ut
1609 3396 1688 3429 tam
1717 3388 1756 3430 in
1773 3389 1977 3440 Civitate,
2004 3391 2121 3444 quam
2149 3387 2221 3428 im»

1260 3459 1345 3494 tota
1363 3446 1533 3491 Dioecefi
1549 3446 1794 3490 Narbonensi
1805 3474 1822 3499 ,
1846 3448 1923 3490 sine
1936 3455 2071 3489 tamen
2082 3442 2224 3499 praeju-

1259 3510 1367 3552 dicio
1404 3503 1691 3549 parochialium
1712 3533 1727 3558 ‚
1763 3506 1803 3547 &
1827 3506 1994 3550 aliarum
2024 3500 2222 3549 Ecclesia·

1258 3582 1342 3610 rum
1359 3590 1374 3613 ,
1397 3564 1464 3606 seu
1477 3563 1707 3619 quorumvis
1730 3563 1912 3606 locorum
1929 3563 2100 3617 piorum,
2114 3558 2221 3601 elec„

1256 3622 1455 3677 mosynam
1470 3621 1641 3665 ostiatim
1666 3621 1687 3662 εὶ
1703 3619 2037 3665 Christifidelibus
2058 3626 2217 3673 petere,

1254 3686 1294 3730 ὃς
1308 3682 1487 3737 exigere:
1504 3682 1543 3724 δι
1568 3677 1726 3734 insuper
1739 3709 1754 3730 ‚
1782 3679 1806 3720 fi
1830 3680 1868 3719 in
1884 3677 2216 3722 construt‘tionea'

1260 3741 1370 3784 dietae
1398 3736 1547 3783 Domus
1568 3738 1780 3792 Regularis
1794 3765 1809 3786 ,
1837 3737 1877 3776 &
1894 3735 1999 3778 illius
2015 3737 2217 3777 membro-

1259 3813 1346 3842 rum
1371 3798 1590 3851 contigerit
1615 3808 1756 3838 novam
1775 3793 1993 3837 Ecclesiam
2013 3795 2067 3836 ibi
2090 3792 2214 3837 fabri-

2057 3866 2137 3895 cari
2151 3879 2165 3901 ,
