2592 4094
276 401 422 443 dietam
437 396 647 452 Capellam
665 384 912 434 visitaverint
927 408 941 430 ,
963 382 1142 426 Litanias
1155 382 1245 436 ejus

274 461 367 503 dem
398 455 657 510 B-Virginis,
678 457 742 491 aut
761 442 890 485 tribus
921 441 1073 484 vicibus
1101 442 1250 486 oratio·

276 534 368 563 nem
399 514 678 559 Dominieam,
698 505 737 546 δι
763 499 1055 542 Salutationem
1082 500 1254 556 Angeli-

277 593 363 621 cam
378 605 391 627 ,
405 584 470 617 aut
484 570 578 613 alias
595 566 678 619 pias
700 558 907 602 orationes
922 588 937 609 ,
966 569 1087 612 prout
1115 560 1252 614 sugge.

276 649 339 682 ret
353 628 541 676 devotio,
556 623 605 664 ad
622 624 753 666 Deum
770 631 844 672 pro
865 617 1100 666 Sanetiffimi
1119 619 1256 660 Domi.

277 697 317 740 ni
343 688 461 736 nostri
481 688 612 737 Papae,
628 680 667 720 &
679 677 830 718 Sancta:
854 676 969 720 Sedis
983 675 1226 732 Apostolicae
1239 707 1255 729 ,

279 769 323 797 ac
354 745 465 792 fidei
481 737 706 783 Catholicae
724 737 976 779 exaltatione
991 764 1005 787 ,
1032 736 1260 778 haeresum,

274 801 542 855 extimatione
566 823 580 846 2
603 797 643 837 δέ
670 796 903 850 Principum
934 794 1257 837 Christianorum

275 850 411 925 pacis,
425 873 469 902 ac
485 855 641 900 unionis
668 852 972 900 conservatione
987 852 1138 896 devote
1153 854 1255 895 reci-

275 922 398 972 tando
411 949 430 970 ,g
453 915 615 971 quoties
642 913 683 955 in
700 913 841 955 diebus
867 913 1109 959 Festivitatis
1135 913 1251 956 Nati.

275 970 602 1028 vitatisDomini
627 971 849 1071 nostrihesu
875 970 1049 1022 Christi,
1071 986 1115 1013 ac
1141 971 1259 1014 Festi.

273 1041 445 1084 vitatum
468 1030 747 1090 gloriofiffimae
805 1029 943 1084 irginis
959 1030 1169 1080 Mariae,ac
1186 1030 1259 1072 fin.

277 1098 380 1157 gulis
407 1095 550 1137 diebus
573 1089 738 1135 Sabbati
771 1087 946 1130 fecerint
969 1113 983 1136 2
1019 1088 1162 1131 decem
1193 1102 1261 1131 an.

277 1171 349 1202 nos-
371 1181 384 1204 ,
410 1167 454 1195 ac
487 1150 659 1193 totidem
685 1146 959 1203 quadragenas
988 1146 1102 1188 dictis
1137 1147 1258 1193 Festi-

277 1213 469 1261 vitatibus
484 1239 500 1260 ,
512 1209 601 1251 aliis
618 1207 716 1248 vero
729 1205 871 1248 diebus
896 1203 1162 1261 quadraginta
1176 1206 1261 1248 dies

277 1277 330 1319 de
348 1270 531 1328 injunffls
553 1266 619 1308 fibi
635 1264 886 1320 poenitentiis
899 1290 913 1313 ,
936 1262 1176 1318 Apostolicae
1188 1279 1261 1307 au-

272 1330 476 1378 iteritatis
493 1325 732 1369 sufficienter
748 1323 796 1367 ad
818 1322 862 1364 id
886 1321 908 1362 a
924 1323 1029 1363 Sede
1048 1322 1262 1377 praedic'tfag,

277 1391 475 1435 facultate
489 1384 656 1431 muniti,
675 1392 816 1424 tenore
832 1379 1084 1436 praesentium
1102 1409 1115 1430 ,
1139 1383 1261 1424 mise·

268 1449 496 1501 ,ricorditer
512 1447 548 1487 in
567 1441 743 1487 Domino
765 1437 1263 1495 relaxamus‚praestmtibus

281 1507 481 1569 perpetuo
507 1500 712 1546 valituris.

398 1569 549 1609 Datum
566 1559 778 1604 Avenione
796 1558 835 1600 in
856 1556 1013 1600 Palatio
1029 1557 1264 1613 Apostolico

284 1627 352 1670 die
375 1625 531 1669 decima
547 1632 649 1662 nona
673 1617 809 1659 menfis
839 1617 1070 1661 Decembris
1084 1631 1190 1660 anno
1212 1618 1262 1660 ab

282 1683 571 1731 Incarnatione
599 1677 807 1720 Dominica
826 1706 841 1727 ,
871 1674 1083 1717 millefimo
1111 1676 1269 1719 sexcen-

280 1744 423 1787 tefimo
439 1739 602 1783 decimo
617 1736 783 1790 septimo
797 1763 809 1785 ,
825 1733 1085 1777 pontificatus
1101 1737 1268 1779 sanetis.

279 1803 362 1845 fimi
378 1801 416 1842 in
433 1796 593 1840 Christo
610 1794 755 1842 Patris,
771 1807 816 1834 ac
836 1793 997 1835 Domini
1026 1795 1145 1837 nostri
1167 1798 1265 1837 Pau-

281 1862 311 1904 li
330 1854 477 1903 Divina
502 1850 763 1912 providentia
791 1854 904 1909 Papa:
921 1853 1087 1897 V-anno
1105 1854 1264 1902 decimo

280 1920 408 1965 tertio
421 1946 433 1960 .

480 2035 530 2099 J·
549 2038 601 2083 F.
621 2027 905 2092 Archiepisc.
932 2029 1203 2077 Patracenfis
1218 2062 1232 2075 .

345 2205 553 2262 originale
563 2207 606 2248 in
623 2201 794 2247 Archivo
809 2199 1022 2243 Convemffis
1033 2225 1047 2241 .

282 2399 806 2425 m—--a-u--u—
811 2395 1275 2409 -—-—-—

457 2497 496 2538 D
554 2498 589 2539 E
649 2497 688 2537 C
748 2495 789 2537 R
850 2493 883 2532 E
947 2492 1007 2564 T*
1047 2492 1087 2532 Ο

356 2617 452 2666 Sac.
468 2615 716 2682 Congregat.
747 2609 884 2677 Epist·-
902 2644 916 2667 ,
944 2610 999 2658 ὑ·
1016 2607 1203 2676 Regni.

284 2742 462 2788 Fratres
478 2737 521 2784 in
537 2729 811 2789 Civitate,&
829 2730 1068 2780 Comitatu
1084 2730 1283 2778 Avenio·

355 2803 477 2857 nenfi
495 2804 586 2855 ἃς.
615 2807 817 2853 Crucem
847 2802 1076 2867 propriam
1100 2801 1145 2848 in
1178 2803 1281 2849 Pro·

356 2875 624 2926 ceffionibus
644 2890 726 2942 pro
743 2872 873 2921 libitu
889 2887 1066 2939 portare
1086 2867 1281 2937 posse,ad

353 2946 582 2996 instantias
602 2941 886 2998 Consulum,
915 2939 962 2991 ἃ
995 2941 1284 2992 Confiliario-

356 3010 993 3066 rumCivitatis'Valreaeenfis
1011 3013 1281 3060 declaratur.

286 3120 289 3123 Δ
326 3142 604 3202 Illustrt‘ffi'mo,
631 3144 678 3191 15·
699 3139 1012 3198 Reverendiffimo
1044 3139 1251 3182 Cardinali

469 3201 680 3258 Burghcst'o
698 3230 712 3253 ,
731 3205 935 3244 Avenionis
954 3204 1097 3255 Legata
1111 3228 1123 3237 .

351 3317 631 3378 Illufiriffime,
645 3317 693 3365 ἐς
713 3315 1023 3374 Reverendiffimc
1040 3316 1218 3359 Domine.

397 3438 461 3478 Ro
475 3445 591 3491 parte
609 3434 835 3483 humilium,
851 3437 888 3476 &
909 3435 1153 3478 devotorum
1171 3438 1277 3477 Ora-

413 3507 548 3538 torum
578 3494 798 3535 Consulum
834 3521 847 3543 ,
876 3494 1136 3543 incolarum,
1163 3495 1276 3536 habi-

293 3563 488 3602 tatorum,
503 3557 544 3596 &
559 3554 871 3596 Communitatis
890 3552 1279 3603 Valreacenfis‚Vas-

295 3613 475 3656 sionensis
498 3611 916 3661 Dioecefis,humiliter
933 3613 1164 3668 exponitur,
1180 3627 1278 3667 qua-

297 3668 390 3710 liter
404 3674 425 3714 ὲ
441 3683 612 3727 quatuor
625 3697 638 3718 2
656 3670 720 3712 vel
738 3670 912 3723 quinque
927 3673 1053 3721 annis,
1067 3683 1134 3713 aut
1153 3672 1276 3721 circa,

298 3727 500 3779 quoddam
537 3729 783 3774 Coenobium
827 3731 1164 3772 Reverendorum
1203 3732 1256 3771 Pa

298 3794 406 3825 trum
421 3789 717 3839 Capucinorum
735 3787 937 3841 inceptum
954 3787 1076 3831 suerit
1102 3790 1277 3831 archite-

298 3842 393 3884 etati
418 3843 459 3886 in
475 3845 618 3888 vicinia
634 3847 757 3904 Urbis
775 3874 789 3899 ,
803 3845 1045 3906 tandemque
1059 3877 1073 3902 ,
1088 3850 1275 3892 nimirum

981 245 1579 331 Provincia

1314 398 1420 426 anno
1438 378 1669 439 nuperrime
1685 379 1819 436 elapso
1838 411 1852 432 ,
1882 383 1974 423 Deo
1992 383 2096 426 bene
2112 385 2276 440 juvante
2290 414 2308 438 ‚

1313 441 1631 499 pcraedificatum
1653 439 1918 496 eleemosynis
1941 451 2021 483 tam
2045 442 2157 491 diatae
2181 450 2309 488 Com-

1317 503 1547 550 munitatis,
1576 503 1698 556 quam
1712 514 1852 542 eorum
1876 499 2180 555 particularium
2201 532 2213 555 ,
2235 518 2310 546 ne-

1317 560 1412 602 dum
1427 591 1442 612 ,
1463 572 1505 601 ut
1529 560 1689 601 divinus
1704 567 1837 602 cultus
1853 569 2100 613 augeretur,
2131 563 2308 604 verum...

1316 620 1462 671 etiam,
1478 630 1523 662 ut
1539 627 1745 660 tantorum
1765 620 1959 661 Virorum
1986 618 2176 674 exemplo
2189 647 2204 671 2
2221 619 2307 662 san-

1316 679 1454 720 &itate
1470 707 1484 730 ‚
1498 692 1544 719 ac
1562 679 1624 731 pia
1639 676 1861 719 devotione
1875 703 1888 725 a
1907 676 2103 718 malorum
2120 681 2158 720 St
2174 681 2305 734 impu-

1318 737 1502 779 dentium
1528 736 1683 791 flagitia
1711 749 1784 790 per
1799 737 1984 782 Urbem,
2005 737 2139 784 vicos,
2155 738 2194 781 δι
2217 736 2308 779 sub·

1317 796 1467 838 urbana
1480 797 1640 838 curiose
1655 794 1959 837 discurrentium
1974 823 1990 845 ,
2022 794 2059 835 in
2087 798 2306 843 omnium

1314 854 1550 907 oculis‚tuta
1571 851 1723 904 fronte,
1738 867 1784 896 ac
1802 854 1890 896 ullo
1907 854 1988 896 fine
1999 853 2151 897 rubore
2166 855 2307 896 viven-

1314 913 1417 955 tium
1433 943 1447 966 ,
1463 913 1489 954 fi·
1504 914 1627 968 aliqui
1649 913 1703 954 ibi
1728 912 2004 965 reperirentur
2021 940 2035 963 ‚
2064 912 2307 955 coerceren-

1317 981 1411 1025 tur;
1446 975 1507 1014 Ita
1521 1001 1534 1023 ,
1550 982 1592 1013 ut
1611 971 1659 1013 ad
1679 970 1841 1026 praesens
1865 972 1938 1013 Dei
1954 973 2051 1025 Opt.
2069 975 2177 1014 Max.
2197 972 2306 1014 beni-

1318 1031 1475 1086 gnitate
1499 1031 1653 1072 dietum
1679 1030 1932 1072 Coenobium
1961 1030 2214 1078 inhabitetur
2235 1032 2310 1072 Fa-

1322 1089 1431 1131 milia
1445 1090 1498 1131 ita
1519 1088 1771 1136 honorabili,
1785 1087 2032 1145 singulariae
2053 1102 2180 1146 prope
2195 1088 2235 1129 di
2247 1089 2310 1131 vi-

1322 1162 1370 1190 na
1388 1149 1542 1192 virtute
1561 1176 1574 1199 ,
1587 1147 1766 1190 doctrina
1783 1176 1798 1197 ,
1811 1147 1976 1203 ingenio
1989 1175 2005 1196 ,
2027 1147 2181 1201 pietate
2194 1177 2210 1198 ,
2225 1149 2310 1190 lau·

1322 1206 1600 1262 dabilibusque
1615 1206 1794 1248 moribus
1808 1203 1998 1248 adornata
2011 1233 2026 1254 ,
2054 1215 2096 1246 ut
2113 1207 2193 1247 haec
2224 1219 2314 1246 om-

1320 1266 1387 1308 nia
1408 1267 1447 1307 in
1474 1267 1585 1316 illis,
1617 1266 1811 1307 &eorum
1839 1263 2004 1319 singulis
2032 1277 2110 1305 non
2129 1266 2311 1306 summa-³

1326 1324 1465 1373 modo,
1482 1324 1546 1367 sed
1567 1322 1821 1366 incredibilia
1836 1321 1911 1364 effe
1927 1322 2156 1374 videantur,
2171 1325 2317 1378 unum-

1321 1396 1527 1439 quemque·
1539 1382 1587 1425 ad
1603 1382 1795 1438 pietatem
1809 1383 2106 1424 commoventia
2121 1411 2131 1422 .
2149 1381 2321 1432 Verum,

1323 1455 1416 1484 cum
1435 1440 1748 1498 supplicationes
1766 1439 1945 1496 quaedam
1963 1468 1976 1492 ,
2001 1440 2067 1483 seu
2094 1439 2311 1496 process'io-

1321 1515 1391 1544 nes
1416 1510 1706 1558 peragerentur
1719 1529 1733 1552 ‚
1749 1500 1798 1541 ad
1813 1513 1907 1555 quas
1923 1500 2154 1542 Reverendi
2171 1502 2314 1542 Patres

1325 1559 1629 1603 conventuales
1643 1557 1717 1614 jam
1730 1558 1845 1600 dictae
1871 1558 1989 1601 Villae
2016 1557 2214 1602 accedere
2245 1571 2317 1599 re·

1323 1617 1514 1662 cusa'irunt
1530 1648 1545 1672 ,
1572 1620 1622 1661 εὸ
1652 1617 1761 1674 quod
1777 1617 1855 1675 jam
1879 1617 1983 1659 dieta
1998 1618 2161 1661 Familia
2179 1619 2318 1659 Reve-

1330 1677 1544 1722 rendorum
1562 1680 1728 1721 Patrum
1752 1677 2055 1731 Capucinorum
2082 1676 2150 1719 {bb
2171 1687 2316 1718 eorum

1329 1739 1466 1779 Cruce
1494 1735 1682 1779 incedere
1719 1735 1908 1785 nolebat,
1937 1748 2075 1789 magna
2092 1745 2192 1777 tunc
2217 1748 2317 1775 con-

1326 1796 1459 1836 tentio
1471 1821 1485 1844 2
1500 1809 1547 1837 ac
1561 1793 1841 1837 controversia
1857 1795 1930 1833 hac
1947 1793 2010 1833 *de
2027 1807 2072 1835 re
2093 1802 2183 1835 orta
2215 1792 2291 1833 fuit
2303 1818 2319 1846 2

1326 1855 1367 1895 &
1393 1853 1511 1903 talis,
1536 1863 1581 1896 ut
1610 1852 1648 1894 in
1677 1849 2037 1907 supplicationibus
2063 1859 2148 1892 tum
2171 1862 2322 1891 conce·

1329 1912 1452 1969 ptivis
1466 1941 1483 1966 ,
1497 1926 1589 1955 cum
1606 1911 1756 1954 stativis
1771 1939 1787 1961 ‚
1803 1923 1886 1964 quae
1901 1908 2154 1964 postmodum
2183 1907 2221 1949 in
2249 1906 2314 1950 di-

1328 1976 1389 2014 sta
1406 1971 1516 2013 Villa
1532 1973 1643 2012 faetae
1655 1968 1822 2012 fuerunt
1841 1996 1854 2018 ,
1877 1965 2039 2023 praefata
2055 1965 2223 2008 Familia
2241 1968 2325 2008 Re-¹

1329 2027 1601 2067 verendorum
1618 2029 1779 2066 Patr-um
1793 2025 2089 2077 Capucinorum
2103 2021 2322 2066 adeffenon

1327 2078 1420 2122 ausa
1435 2080 1558 2122 fuerit
1579 2079 1628 2120 ad
1649 2080 1855 2122 vitandum
1874 2079 2128 2128 scandalum,
2142 2081 2250 2135 quod
2266 2080 2323 2122 ina

1328 2137 1381 2180 de
1409 2138 1507 2179 oriri
1521 2135 1674 2193 posset,
1702 2136 2082 2189 &timebatur,&,
2115 2151 2165 2179 ne
2183 2140 2321 2180 conei-

1331 2205 1486 2239 taretur
1517 2194 1617 2253 risus
1644 2195 1815 2237 inimicis
1841 2195 1980 2237 nostra:
2002 2199 2151 2238 sanetae
2168 2197 2317 2249 Fidei,

1329 2257 1397 2312 qui
1426 2269 1504 2297 non
1523 2254 1692 2298 multum
1723 2254 1868 2296 distant
1899 2255 1918 2295 a
1937 2255 2039 2297 dieta
2058 2255 2319 2312 Villa2quod

1334 2315 1373 2357 in
1393 2327 1514 2370 grave
1529 2313 1719 2356 damnum
1735 2314 1936 2355 dictorum
1952 2316 2176 2356 oratorum
2192 2317 2319 2358 cedit.

1334 2377 1617 2429 Quapropter,
1633 2386 1722 2415 cum
1747 2382 1916 2415 conatus
1928 2373 1991 2423 ,δι
2006 2373 2180 2415 intentio
2194 2374 2325 2416 disto-

1334 2447 1424 2475 rum
1441 2435 1628 2475 Fratrum
1656 2431 2000 2474 Conventualium
2025 2431 2139 2473 nullo
2165 2433 2324 2488 prorsus

1334 2491 1461 2546 legali
1488 2491 1756 2533 fundamento
1779 2490 2071 2533 corroboretur
2096 2516 2111 2538 2
2149 2491 2216 2534 sed
2262 2494 2327 2534 so-

1334 2549 1420 2593 lum
1450 2552 1490 2592 &
1515 2549 1726 2592 dumtaxat
1759 2548 1950 2592 fundetur
1964 2552 2077 2604 super
2092 2550 2160 2591 tali
2178 2550 2287 2606 quali
2305 2579 2320 2602 ,

1338 2610 1378 2649 &
1392 2610 1560 2664 quadam
1575 2607 1766 2665 praetensa
1783 2605 2077 2650 consuetudine
2088 2623 2231 2664 ,quam
2255 2610 2324 2652 vi-

1342 2682 1436 2722 gere
1453 2667 1621 2710 afferunt
1638 2668 1674 2709 in
1691 2668 1874 2711 Civitate
1899 2667 2118 2710 Avenionis
2130 2694 2144 2715 a
2162 2669 2200 2709 in
2215 2679 2326 2724 qua„

1342 2728 1381 2767 in
1403 2726 1588 2769 similibus
1613 2725 1965 2782 supplicationibus
1990 2727 2212 2775 &affibus2
2226 2741 2324 2783 prae·

1342 2786 1454 2828 libati
1482 2785 1714 2828 Reverendi
1742 2787 1878 2828 Patres
1899 2786 2326 2840 Capucini,Conven·

1342 2843 1403 2888 tfis
1421 2843 1713 2887 Avenionenfis
1733 2843 1860 2887 solent
1879 2844 2072 2886 incedere
2099 2844 2169 2888 sub
2189 2848 2328 2886 Cruce

1343 2905 1540 2947 dietorum
1558 2906 1741 2946 Fratrum
1756 2904 2102 2948 Conventualium
2117 2933 2131 2957 ,
2148 2918 2193 2946 ac
2209 2902 2245 2944 su
2251 2917 2323 2958 per

1345 2963 1460 3005 Bulla
1488 2962 1616 3005 felicis
1633 2962 1795 3004 record.
1811 2963 2005 3018 Gregorii
2022 2964 2133 3018 Papae
2148 2962 2326 3006 Decimi-

1345 3023 1488 3071 tertii,
1522 3023 1589 3064 sub
1608 3021 1743 3064 datum
1761 3023 1900 3065 Romae
1922 3033 2028 3063 anno
2048 3023 2167 3070 1580.
2183 3034 2198 3063 t
2217 3033 2324 3061 cum-

1342 3095 1423 3136 que
1453 3081 1559 3122 dicia
1587 3081 1776 3136 praetensa
1803 3077 2055 3124 consuetudo
2077 3106 2092 3129 ‚
2129 3090 2324 3136 quatenus

1341 3141 1398 3182 ibi
1418 3141 1609 3194 vigeret,
1626 3147 1750 3193 prout
1768 3153 1844 3180 non
1861 3139 1971 3194 viget
1983 3163 1997 3187 2
2014 3152 2061 3180 ex
2074 3152 2155 3194 quo
2167 3136 2322 3192 praet‘ati

1340 3198 1576 3240 Reverendi
1611 3200 1757 3240 Patres
1787 3197 1985 3252 Capucini
2020 3195 2221 3251 hucusque
2257 3196 2326 3239 vifi

1339 3257 1488 3300 fuerint
1509 3255 1745 3298 incedentes
1760 3255 2042 3297 indifferenter
2059 3254 2125 3295 sub
2148 3267 2326 3300 eorum„

1338 3319 1503 3362 Cruce,
1520 3325 1586 3356 aut
1618 3309 1685 3355 sub
1709 3317 1848 3356 Cruce
1875 3313 2072 3356 dictorum
2099 3315 2326 3358 Pramum..

1337 3373 1680 3417 Conventualium
1693 3400 1706 3422 ,
1726 3372 1988 3415 nihilominus
2011 3382 2148 3415 tamen
2163 3374 2220 3416 eis
2236 3374 2326 3416 nul·

1337 3434 1378 3476 lo
1393 3434 1515 3475 modo
1530 3443 1673 3473 nocere
1689 3429 1812 3485 poiset
1827 3458 1841 3482 ,
1857 3439 1958 3481 tum,
1971 3432 2063 3487 quia
2080 3431 2231 3489 dejure
2255 3447 2326 3475 ex.

1341 3493 1456 3534 tendi
1472 3506 1551 3534 non
1569 3488 1689 3545 poffet
1707 3491 1759 3531 de
1778 3489 1873 3532 loco
1905 3490 1955 3533 ad
1977 3491 2112 3533 locum
2128 3519 2142 3543 ,
2164 3494 2204 3533 &
2230 3507 2328 3536 con·

1341 3553 1509 3594 trarium
1540 3551 1776 3591 observetur
1808 3549 1952 3591 nedum
1979 3549 2018 3591 in
2045 3558 2131 3593 tota
2158 3552 2323 3604 Gallia,

1342 3608 1423 3653 imo
1441 3610 1540 3652 vero
1558 3611 1597 3649 in
1614 3610 1827 3650 Comitatu
1852 3607 2107 3661 Venaiffino,
2128 3621 2247 3664 prout
2265 3609 2327 3651 vi·

1338 3670 1437 3712 dere
1450 3669 1558 3711 estin
1575 3668 1759 3708 Civitate
1775 3669 2173 3722 Carpentoracftenfi,
2183 3683 2324 3723 quam-

1339 3731 1398 3771 vis
1414 3730 1450 3771 in
1466 3743 1510 3771 ea
1528 3726 1626 3768 adsit
1644 3730 1881 3769 Conventus
1897 3726 1947 3768 de
1962 3728 2225 3771 Observantia
2243 3756 2256 3778 ‚
2271 3728 2321 3771 de

1336 3789 1478 3843 quibus
1505 3786 1655 3839 pariter
1672 3785 1748 3839 jam
1764 3786 1867 3828 dieta
1893 3785 2007 3828 Bulla
2023 3787 2322 3842 loquitur3At-

1336 3859 1468 3893 tamen
1486 3847 1634 3904 positu,
1655 3843 1762 3903 quod
1787 3846 1865 3889 hoc
1877 3842 2000 3896 effet,
2015 3859 2093 3889 non
2107 3842 2230 3910 posset
2247 3844 2321 3887 ob-

2153 3913 2252 3945 tme-
