<?xml version="1.0" encoding="UTF-8"?>
<!DOCTYPE html PUBLIC "-//W3C//DTD XHTML 1.0 Transitional//EN"
    "http://www.w3.org/TR/xhtml1/DTD/xhtml1-transitional.dtd">
<html xmlns="http://www.w3.org/1999/xhtml" xml:lang="en" lang="en">
 <head>
  <title>
</title>
<meta http-equiv="Content-Type" content="text/html;charset=utf-8" />
  <meta name='ocr-system' content='tesseract 3.04.00' />
  <meta name='ocr-capabilities' content='ocr_page ocr_carea ocr_par ocr_line ocrx_word'/>
</head>
<body>
  <div class='ocr_page' id='page_1' title='image "./bullariumordinis05cath_0368.png"; bbox 0 0 2638 4088; ppageno 0'>
   <div class='ocr_carea' id='block_1_1' title="bbox 370 203 552 314">
    <p class='ocr_par' dir='ltr' id='par_1_1' title="bbox 370 203 552 314">
     <span class='ocr_line' id='line_1_1' title="bbox 370 203 552 314; baseline 0.044 -92"><span class='ocrx_word' id='word_1_1' title='bbox 370 203 552 314; x_wconf 54' lang='lat'>3:32&amp;</span> 
     </span>
    </p>
   </div>
   <div class='ocr_carea' id='block_1_2' title="bbox 306 334 1323 399">
    <p class='ocr_par' dir='ltr' id='par_1_2' title="bbox 306 334 1323 399">
     <span class='ocr_line' id='line_1_2' title="bbox 306 334 1323 399; baseline -0.004 -13"><span class='ocrx_word' id='word_1_2' title='bbox 306 341 551 388; x_wconf 77' lang='lat' dir='ltr'>ressentibus</span> <span class='ocrx_word' id='word_1_3' title='bbox 585 334 746 399; x_wconf 53' lang='lat' dir='ltr'>{bl-erog</span> <span class='ocrx_word' id='word_1_4' title='bbox 780 334 1145 398; x_wconf 53' lang='lat' dir='ltr'>aefaponen&#39;tibus</span> <span class='ocrx_word' id='word_1_5' title='bbox 1169 339 1323 395; x_wconf 86' lang='lat' dir='ltr'>praedi··</span> 
     </span>
    </p>
   </div>
   <div class='ocr_carea' id='block_1_3' title="bbox 308 394 1325 456">
    <p class='ocr_par' dir='ltr' id='par_1_3' title="bbox 308 394 1325 456">
     <span class='ocr_line' id='line_1_3' title="bbox 308 394 1325 456; baseline -0.002 -12"><span class='ocrx_word' id='word_1_6' title='bbox 308 404 382 445; x_wconf 67' lang='lat' dir='ltr'>elis</span> <span class='ocrx_word' id='word_1_7' title='bbox 400 405 604 449; x_wconf 69' lang='lat' dir='ltr'>celebrata</span> <span class='ocrx_word' id='word_1_8' title='bbox 633 407 740 455; x_wconf 81' lang='lat' dir='ltr'>fuit,-</span> <span class='ocrx_word' id='word_1_9' title='bbox 766 407 805 444; x_wconf 76' lang='grc' dir='ltr'>δι</span> <span class='ocrx_word' id='word_1_10' title='bbox 820 404 976 456; x_wconf 78' lang='lat' dir='ltr'>insuper</span> <span class='ocrx_word' id='word_1_11' title='bbox 990 394 1325 443; x_wconf 81' lang='lat' dir='ltr'>administratum</span> 
     </span>
    </p>
   </div>
   <div class='ocr_carea' id='block_1_4' title="bbox 286 460 1321 3882">
    <p class='ocr_par' dir='ltr' id='par_1_4' title="bbox 308 460 1321 1403">
     <span class='ocr_line' id='line_1_4' title="bbox 308 460 1321 512; baseline -0.003 -8"><span class='ocrx_word' id='word_1_12' title='bbox 308 463 593 507; x_wconf 66' lang='lat' dir='ltr'>Sanctiffimum</span> <span class='ocrx_word' id='word_1_13' title='bbox 630 460 888 506; x_wconf 85' lang='lat' dir='ltr'>Eucharistiae</span> <span class='ocrx_word' id='word_1_14' title='bbox 920 461 1267 503; x_wconf 57' lang='lat' dir='ltr'>Sacramentum-u</span> <span class='ocrx_word' id='word_1_15' title='bbox 1291 486 1321 512; x_wconf 53' lang='grc' dir='ltr'>,ι</span> 
     </span>
     <span class='ocr_line' id='line_1_5' title="bbox 309 518 1305 578; baseline -0.005 -14"><span class='ocrx_word' id='word_1_16' title='bbox 309 522 418 578; x_wconf 87' lang='lat' dir='ltr'>quod</span> <span class='ocrx_word' id='word_1_17' title='bbox 437 522 646 567; x_wconf 79' lang='lat' dir='ltr'>successive</span> <span class='ocrx_word' id='word_1_18' title='bbox 663 533 769 561; x_wconf 84' lang='lat' dir='ltr'>anno</span> <span class='ocrx_word' id='word_1_19' title='bbox 791 531 911 568; x_wconf 85' lang='lat'>1722.</span> <span class='ocrx_word' id='word_1_20' title='bbox 933 520 985 561; x_wconf 91' lang='lat' dir='ltr'>de</span> <span class='ocrx_word' id='word_1_21' title='bbox 1000 518 1167 563; x_wconf 89' lang='lat' dir='ltr'>licentia</span> <span class='ocrx_word' id='word_1_22' title='bbox 1181 519 1305 561; x_wconf 87' lang='lat' dir='ltr'>Ordi-</span> 
     </span>
     <span class='ocr_line' id='line_1_6' title="bbox 309 576 1303 635; baseline -0.005 -12"><span class='ocrx_word' id='word_1_23' title='bbox 309 581 410 624; x_wconf 88' lang='lat' dir='ltr'>narii</span> <span class='ocrx_word' id='word_1_24' title='bbox 444 584 483 624; x_wconf 88' lang='lat' dir='ltr'>in</span> <span class='ocrx_word' id='word_1_25' title='bbox 502 582 603 633; x_wconf 64' lang='lat' dir='ltr'>dieta</span> <span class='ocrx_word' id='word_1_26' title='bbox 624 576 799 620; x_wconf 79' lang='lat' dir='ltr'>Ecclesia</span> <span class='ocrx_word' id='word_1_27' title='bbox 830 579 1076 635; x_wconf 84' lang='lat' dir='ltr'>repositum,</span> <span class='ocrx_word' id='word_1_28' title='bbox 1106 580 1146 619; x_wconf 79' lang='grc' dir='ltr'>δι</span> <span class='ocrx_word' id='word_1_29' title='bbox 1172 577 1303 619; x_wconf 88' lang='lat' dir='ltr'>subin-</span> 
     </span>
     <span class='ocr_line' id='line_1_7' title="bbox 310 635 1304 698; baseline -0.004 -17"><span class='ocrx_word' id='word_1_30' title='bbox 310 637 363 682; x_wconf 89' lang='lat' dir='ltr'>de</span> <span class='ocrx_word' id='word_1_31' title='bbox 377 636 553 698; x_wconf 81' lang='lat' dir='ltr'>usquein</span> <span class='ocrx_word' id='word_1_32' title='bbox 569 635 737 693; x_wconf 86' lang='lat' dir='ltr'>praesens</span> <span class='ocrx_word' id='word_1_33' title='bbox 753 638 956 682; x_wconf 78' lang='lat' dir='ltr'>continuo</span> <span class='ocrx_word' id='word_1_34' title='bbox 969 635 1206 680; x_wconf 80' lang='lat' dir='ltr'>asservatum</span> <span class='ocrx_word' id='word_1_35' title='bbox 1223 636 1304 688; x_wconf 89' lang='lat' dir='ltr'>est,</span> 
     </span>
     <span class='ocr_line' id='line_1_8' title="bbox 311 696 1307 755; baseline -0.004 -14"><span class='ocrx_word' id='word_1_36' title='bbox 311 710 436 754; x_wconf 90' lang='lat' dir='ltr'>prout</span> <span class='ocrx_word' id='word_1_37' title='bbox 452 711 612 755; x_wconf 91' lang='lat' dir='ltr'>quoque</span> <span class='ocrx_word' id='word_1_38' title='bbox 627 696 886 740; x_wconf 83' lang='lat' dir='ltr'>Poenitentiae</span> <span class='ocrx_word' id='word_1_39' title='bbox 902 701 1210 741; x_wconf 76' lang='lat' dir='ltr'>Sacramentum</span> <span class='ocrx_word' id='word_1_40' title='bbox 1226 696 1307 737; x_wconf 82' lang='lat' dir='ltr'>mi·</span> 
     </span>
     <span class='ocr_line' id='line_1_9' title="bbox 312 754 1305 811; baseline -0.004 -12"><span class='ocrx_word' id='word_1_41' title='bbox 312 757 524 801; x_wconf 89' lang='lat' dir='ltr'>nistratum</span> <span class='ocrx_word' id='word_1_42' title='bbox 551 785 565 806; x_wconf 93' lang='lat'>,</span> <span class='ocrx_word' id='word_1_43' title='bbox 611 764 842 811; x_wconf 86' lang='lat' dir='ltr'>caeteraeque</span> <span class='ocrx_word' id='word_1_44' title='bbox 874 770 1012 798; x_wconf 90' lang='lat' dir='ltr'>omnes</span> <span class='ocrx_word' id='word_1_45' title='bbox 1037 754 1263 798; x_wconf 65' lang='lat' dir='ltr'>functiones</span> <span class='ocrx_word' id='word_1_46' title='bbox 1290 781 1305 802; x_wconf 74' lang='lat'>,</span> 
     </span>
     <span class='ocr_line' id='line_1_10' title="bbox 310 814 1306 871; baseline -0.002 -14"><span class='ocrx_word' id='word_1_47' title='bbox 310 829 398 871; x_wconf 84' lang='lat' dir='ltr'>quae</span> <span class='ocrx_word' id='word_1_48' title='bbox 414 817 451 858; x_wconf 90' lang='lat' dir='ltr'>in</span> <span class='ocrx_word' id='word_1_49' title='bbox 467 816 553 857; x_wconf 87' lang='lat' dir='ltr'>aliis</span> <span class='ocrx_word' id='word_1_50' title='bbox 568 815 760 858; x_wconf 86' lang='lat' dir='ltr'>Ecclesiis</span> <span class='ocrx_word' id='word_1_51' title='bbox 777 814 867 858; x_wconf 83' lang='lat' dir='ltr'>fieri</span> <span class='ocrx_word' id='word_1_52' title='bbox 881 818 1179 859; x_wconf 85' lang='lat' dir='ltr'>consueverunt</span> <span class='ocrx_word' id='word_1_53' title='bbox 1194 841 1207 864; x_wconf 85' lang='lat'>‚</span> <span class='ocrx_word' id='word_1_54' title='bbox 1237 827 1306 869; x_wconf 86' lang='lat' dir='ltr'>pe—</span> 
     </span>
     <span class='ocr_line' id='line_1_11' title="bbox 311 872 1306 931; baseline 0 -16"><span class='ocrx_word' id='word_1_55' title='bbox 311 877 428 916; x_wconf 67' lang='lat' dir='ltr'>1³61ae</span> <span class='ocrx_word' id='word_1_56' title='bbox 459 873 648 925; x_wconf 84' lang='lat' dir='ltr'>fuerunt,</span> <span class='ocrx_word' id='word_1_57' title='bbox 686 884 808 931; x_wconf 89' lang='lat' dir='ltr'>atque</span> <span class='ocrx_word' id='word_1_58' title='bbox 827 889 902 931; x_wconf 89' lang='lat' dir='ltr'>pro</span> <span class='ocrx_word' id='word_1_59' title='bbox 927 885 1115 931; x_wconf 85' lang='lat' dir='ltr'>tempore</span> <span class='ocrx_word' id='word_1_60' title='bbox 1139 872 1306 916; x_wconf 85' lang='lat' dir='ltr'>existens</span> 
     </span>
     <span class='ocr_line' id='line_1_12' title="bbox 312 931 1315 988; baseline 0.003 -13"><span class='ocrx_word' id='word_1_61' title='bbox 312 931 649 988; x_wconf 81' lang='lat' dir='ltr'>Archiepiscop&#39;us</span> <span class='ocrx_word' id='word_1_62' title='bbox 665 933 904 977; x_wconf 73' lang='lat' dir='ltr'>Valentinus</span> <span class='ocrx_word' id='word_1_63' title='bbox 917 933 1014 978; x_wconf 88' lang='lat' dir='ltr'>dum</span> <span class='ocrx_word' id='word_1_64' title='bbox 1028 936 1106 977; x_wconf 82' lang='lat' dir='ltr'>Par</span> <span class='ocrx_word' id='word_1_65' title='bbox 1136 932 1315 978; x_wconf 79' lang='lat' dir='ltr'>chialern.</span> 
     </span>
     <span class='ocr_line' id='line_1_13' title="bbox 310 991 1309 1049; baseline 0 -16"><span class='ocrx_word' id='word_1_66' title='bbox 310 991 727 1049; x_wconf 75' lang='lat' dir='ltr'>Ecclesiamejusdem</span> <span class='ocrx_word' id='word_1_67' title='bbox 744 991 862 1038; x_wconf 84' lang='lat' dir='ltr'>Villae</span> <span class='ocrx_word' id='word_1_68' title='bbox 875 1008 978 1039; x_wconf 84' lang='lat' dir='ltr'>anno</span> <span class='ocrx_word' id='word_1_69' title='bbox 998 993 1104 1045; x_wconf 81' lang='lat'><em>1726</em></span> <span class='ocrx_word' id='word_1_70' title='bbox 1122 1036 1128 1045; x_wconf 75' lang='lat'>..</span> <span class='ocrx_word' id='word_1_71' title='bbox 1148 991 1309 1041; x_wconf 83' lang='lat' dir='ltr'>isitavit‚</span> 
     </span>
     <span class='ocr_line' id='line_1_14' title="bbox 313 1048 1309 1110; baseline 0.002 -19"><span class='ocrx_word' id='word_1_72' title='bbox 313 1048 366 1091; x_wconf 87' lang='lat' dir='ltr'>ad</span> <span class='ocrx_word' id='word_1_73' title='bbox 381 1048 599 1094; x_wconf 78' lang='lat' dir='ltr'>Ecclesiam</span> <span class='ocrx_word' id='word_1_74' title='bbox 627 1065 786 1110; x_wconf 76' lang='lat' dir='ltr'>quoque</span> <span class='ocrx_word' id='word_1_75' title='bbox 803 1052 900 1108; x_wconf 69' lang='lat' dir='ltr'>disti</span> <span class='ocrx_word' id='word_1_76' title='bbox 915 1051 1094 1110; x_wconf 77' lang='lat' dir='ltr'>Hospitii</span> <span class='ocrx_word' id='word_1_77' title='bbox 1120 1050 1280 1097; x_wconf 81' lang='lat' dir='ltr'>accessit</span> <span class='ocrx_word' id='word_1_78' title='bbox 1294 1080 1309 1102; x_wconf 86' lang='lat'>‚</span> 
     </span>
     <span class='ocr_line' id='line_1_15' title="bbox 310 1107 1307 1166; baseline 0.001 -16"><span class='ocrx_word' id='word_1_79' title='bbox 310 1110 350 1150; x_wconf 86' lang='lat'>&amp;</span> <span class='ocrx_word' id='word_1_80' title='bbox 367 1109 416 1153; x_wconf 90' lang='lat' dir='ltr'>ad</span> <span class='ocrx_word' id='word_1_81' title='bbox 432 1110 655 1166; x_wconf 78' lang='lat' dir='ltr'>augendam</span> <span class='ocrx_word' id='word_1_82' title='bbox 675 1107 855 1154; x_wconf 84' lang='lat' dir='ltr'>fidelium</span> <span class='ocrx_word' id='word_1_83' title='bbox 872 1111 1142 1156; x_wconf 80' lang='lat' dir='ltr'>devotionem</span> <span class='ocrx_word' id='word_1_84' title='bbox 1164 1141 1178 1162; x_wconf 82' lang='lat'>,</span> <span class='ocrx_word' id='word_1_85' title='bbox 1208 1123 1307 1152; x_wconf 88' lang='lat' dir='ltr'>con-</span> 
     </span>
     <span class='ocr_line' id='line_1_16' title="bbox 311 1167 1307 1227; baseline 0.001 -17"><span class='ocrx_word' id='word_1_86' title='bbox 311 1167 424 1213; x_wconf 81' lang='lat' dir='ltr'>ceffit</span> <span class='ocrx_word' id='word_1_87' title='bbox 444 1170 740 1226; x_wconf 73' lang='lat' dir='ltr'><strong>indulgentiam</strong></span> <span class='ocrx_word' id='word_1_88' title='bbox 757 1171 1026 1227; x_wconf 77' lang='lat' dir='ltr'>quadraginta</span> <span class='ocrx_word' id='word_1_89' title='bbox 1051 1171 1206 1214; x_wconf 88' lang='lat' dir='ltr'>dierum</span> <span class='ocrx_word' id='word_1_90' title='bbox 1220 1183 1307 1219; x_wconf 82' lang='lat' dir='ltr'>om·</span> 
     </span>
     <span class='ocr_line' id='line_1_17' title="bbox 314 1226 1309 1286; baseline 0.002 -18"><span class='ocrx_word' id='word_1_91' title='bbox 314 1227 433 1270; x_wconf 84' lang='lat' dir='ltr'>nibus</span> <span class='ocrx_word' id='word_1_92' title='bbox 446 1254 460 1278; x_wconf 69' lang='lat'><strong>³</strong></span> <span class='ocrx_word' id='word_1_93' title='bbox 492 1231 559 1286; x_wconf 87' lang='lat' dir='ltr'>qui</span> <span class='ocrx_word' id='word_1_94' title='bbox 577 1231 813 1273; x_wconf 82' lang='lat' dir='ltr'>Orationem</span> <span class='ocrx_word' id='word_1_95' title='bbox 831 1230 1084 1275; x_wconf 89' lang='lat' dir='ltr'>Dominicam</span> <span class='ocrx_word' id='word_1_96' title='bbox 1098 1260 1112 1281; x_wconf 90' lang='lat'><strong>,</strong></span> <span class='ocrx_word' id='word_1_97' title='bbox 1137 1230 1176 1270; x_wconf 74' lang='grc' dir='ltr'>δε</span> <span class='ocrx_word' id='word_1_98' title='bbox 1195 1226 1309 1270; x_wconf 78' lang='lat' dir='ltr'>Salu—</span> 
     </span>
     <span class='ocr_line' id='line_1_18' title="bbox 315 1286 1309 1352; baseline 0.001 -25"><span class='ocrx_word' id='word_1_99' title='bbox 315 1288 513 1339; x_wconf 71' lang='lat' dir='ltr'>tationem</span> <span class='ocrx_word' id='word_1_100' title='bbox 531 1289 774 1346; x_wconf 82' lang='lat' dir='ltr'>Angelicam</span> <span class='ocrx_word' id='word_1_101' title='bbox 800 1287 850 1331; x_wconf 88' lang='lat' dir='ltr'>ad</span> <span class='ocrx_word' id='word_1_102' title='bbox 872 1288 1084 1352; x_wconf 83' lang='lat' dir='ltr'>quodlibet</span> <span class='ocrx_word' id='word_1_103' title='bbox 1103 1288 1232 1337; x_wconf 84' lang='lat' dir='ltr'>altare</span> <span class='ocrx_word' id='word_1_104' title='bbox 1247 1286 1309 1344; x_wconf 89' lang='lat' dir='ltr'>ip·</span> 
     </span>
     <span class='ocr_line' id='line_1_19' title="bbox 316 1345 857 1403; baseline 0.013 -17"><span class='ocrx_word' id='word_1_105' title='bbox 316 1345 393 1390; x_wconf 88' lang='lat' dir='ltr'>sius</span> <span class='ocrx_word' id='word_1_106' title='bbox 411 1346 589 1403; x_wconf 88' lang='lat' dir='ltr'>Hospitii</span> <span class='ocrx_word' id='word_1_107' title='bbox 605 1346 831 1392; x_wconf 64' lang='lat' dir='ltr'>recitassent</span> <span class='ocrx_word' id='word_1_108' title='bbox 845 1378 857 1393; x_wconf 85' lang='grc'><strong>.</strong></span> 
     </span>
    </p>

    <p class='ocr_par' dir='ltr' id='par_1_5' title="bbox 286 1408 1319 3882">
     <span class='ocr_line' id='line_1_20' title="bbox 435 1408 1308 1466; baseline 0 -16"><span class='ocrx_word' id='word_1_109' title='bbox 435 1410 622 1465; x_wconf 89' lang='lat' dir='ltr'><strong>Cumque</strong></span> <span class='ocrx_word' id='word_1_110' title='bbox 636 1408 798 1453; x_wconf 87' lang='lat' dir='ltr'>interim</span> <span class='ocrx_word' id='word_1_111' title='bbox 814 1408 1004 1453; x_wconf 79' lang='lat' dir='ltr'>evenisset</span> <span class='ocrx_word' id='word_1_112' title='bbox 1021 1410 1156 1453; x_wconf 87' lang='lat' dir='ltr'>obitus</span> <span class='ocrx_word' id='word_1_113' title='bbox 1177 1420 1308 1466; x_wconf 91' lang='lat' dir='ltr'>quon-</span> 
     </span>
     <span class='ocr_line' id='line_1_21' title="bbox 313 1464 1311 1520; baseline 0.008 -12"><span class='ocrx_word' id='word_1_114' title='bbox 313 1464 408 1509; x_wconf 85' lang='lat' dir='ltr'>dam</span> <span class='ocrx_word' id='word_1_115' title='bbox 436 1466 636 1511; x_wconf 87' lang='lat' dir='ltr'>Ludovici</span> <span class='ocrx_word' id='word_1_116' title='bbox 665 1468 799 1512; x_wconf 82' lang='lat' dir='ltr'>Fertis</span> <span class='ocrx_word' id='word_1_117' title='bbox 826 1469 968 1512; x_wconf 86' lang='lat' dir='ltr'>incolae</span> <span class='ocrx_word' id='word_1_118' title='bbox 995 1469 1107 1512; x_wconf 65' lang='lat' dir='ltr'>dieta</span> <span class='ocrx_word' id='word_1_119' title='bbox 1145 1471 1311 1520; x_wconf 58' lang='lat' dir='ltr'>Terras</span> 
     </span>
     <span class='ocr_line' id='line_1_22' title="bbox 313 1523 1308 1580; baseline 0.001 -14"><span class='ocrx_word' id='word_1_120' title='bbox 313 1526 382 1580; x_wconf 89' lang='lat' dir='ltr'>qui</span> <span class='ocrx_word' id='word_1_121' title='bbox 395 1523 602 1569; x_wconf 81' lang='lat' dir='ltr'>licentiam</span> <span class='ocrx_word' id='word_1_122' title='bbox 626 1529 857 1572; x_wconf 77' lang='lat' dir='ltr'>obtinuerat</span> <span class='ocrx_word' id='word_1_123' title='bbox 871 1529 894 1573; x_wconf 69' lang='grc' dir='ltr'><strong>ὲ</strong></span> <span class='ocrx_word' id='word_1_124' title='bbox 911 1528 1094 1572; x_wconf 86' lang='lat' dir='ltr'>Ministro</span> <span class='ocrx_word' id='word_1_125' title='bbox 1111 1523 1308 1573; x_wconf 86' lang='lat' dir='ltr'>Generali</span> 
     </span>
     <span class='ocr_line' id='line_1_23' title="bbox 312 1584 1307 1643; baseline 0 -17"><span class='ocrx_word' id='word_1_126' title='bbox 312 1584 537 1630; x_wconf 83' lang='lat' dir='ltr'>eorundem</span> <span class='ocrx_word' id='word_1_127' title='bbox 565 1587 753 1631; x_wconf 82' lang='lat' dir='ltr'>Fratrum</span> <span class='ocrx_word' id='word_1_128' title='bbox 779 1587 984 1630; x_wconf 87' lang='lat' dir='ltr'>Minorum</span> <span class='ocrx_word' id='word_1_129' title='bbox 1002 1588 1307 1643; x_wconf 86' lang='lat' dir='ltr'>Capucinorum</span> 
     </span>
     <span class='ocr_line' id='line_1_24' title="bbox 314 1637 1310 1707; baseline 0.004 -25"><span class='ocrx_word' id='word_1_130' title='bbox 314 1637 395 1707; x_wconf 73' lang='lat' dir='ltr'>sese</span> <span class='ocrx_word' id='word_1_131' title='bbox 409 1640 567 1695; x_wconf 80' lang='lat' dir='ltr'>sepeliri</span> <span class='ocrx_word' id='word_1_132' title='bbox 588 1642 764 1692; x_wconf 86' lang='lat' dir='ltr'>faciendi</span> <span class='ocrx_word' id='word_1_133' title='bbox 778 1647 818 1687; x_wconf 91' lang='lat' dir='ltr'>in</span> <span class='ocrx_word' id='word_1_134' title='bbox 834 1646 938 1689; x_wconf 67' lang='lat' dir='ltr'>dieta</span> <span class='ocrx_word' id='word_1_135' title='bbox 956 1646 1135 1690; x_wconf 73' lang='lat' dir='ltr'>Ecclesia</span> <span class='ocrx_word' id='word_1_136' title='bbox 1163 1643 1310 1703; x_wconf 80' lang='lat' dir='ltr'>praedi-</span> 
     </span>
     <span class='ocr_line' id='line_1_25' title="bbox 314 1700 1310 1760; baseline 0.001 -16"><span class='ocrx_word' id='word_1_137' title='bbox 314 1701 366 1744; x_wconf 72' lang='lat' dir='ltr'>eh</span> <span class='ocrx_word' id='word_1_138' title='bbox 394 1700 601 1756; x_wconf 84' lang='lat' dir='ltr'>Hospitii,</span> <span class='ocrx_word' id='word_1_139' title='bbox 631 1704 739 1760; x_wconf 91' lang='lat' dir='ltr'>quod</span> <span class='ocrx_word' id='word_1_140' title='bbox 765 1703 875 1760; x_wconf 85' lang='lat' dir='ltr'>juxta</span> <span class='ocrx_word' id='word_1_141' title='bbox 893 1704 1213 1748; x_wconf 82' lang='lat' dir='ltr'>Constitutiones</span> <span class='ocrx_word' id='word_1_142' title='bbox 1226 1706 1310 1746; x_wconf 89' lang='lat' dir='ltr'>Or-</span> 
     </span>
     <span class='ocr_line' id='line_1_26' title="bbox 312 1758 1313 1815; baseline 0.009 -15"><span class='ocrx_word' id='word_1_143' title='bbox 312 1758 418 1800; x_wconf 85' lang='lat' dir='ltr'>dinis</span> <span class='ocrx_word' id='word_1_144' title='bbox 447 1758 671 1815; x_wconf 84' lang='lat' dir='ltr'>hajusmodi</span> <span class='ocrx_word' id='word_1_145' title='bbox 698 1791 712 1814; x_wconf 80' lang='lat'>‚</span> <span class='ocrx_word' id='word_1_146' title='bbox 744 1773 789 1806; x_wconf 90' lang='lat' dir='ltr'>ut</span> <span class='ocrx_word' id='word_1_147' title='bbox 815 1764 1002 1806; x_wconf 73' lang='lat' dir='ltr'>asseritur</span> <span class='ocrx_word' id='word_1_148' title='bbox 1029 1792 1045 1812; x_wconf 90' lang='lat'>,</span> <span class='ocrx_word' id='word_1_149' title='bbox 1075 1764 1170 1807; x_wconf 78' lang='lat' dir='ltr'>fatis</span> <span class='ocrx_word' id='word_1_150' title='bbox 1196 1771 1313 1809; x_wconf 65' lang='lat' dir='ltr'>erata</span> 
     </span>
     <span class='ocr_line' id='line_1_27' title="bbox 312 1817 1315 1877; baseline 0 -18"><span class='ocrx_word' id='word_1_151' title='bbox 312 1817 477 1875; x_wconf 83' lang='lat' dir='ltr'>ejusque</span> <span class='ocrx_word' id='word_1_152' title='bbox 508 1819 700 1863; x_wconf 87' lang='lat' dir='ltr'>Cadaver</span> <span class='ocrx_word' id='word_1_153' title='bbox 725 1820 878 1863; x_wconf 88' lang='lat' dir='ltr'>ibidem</span> <span class='ocrx_word' id='word_1_154' title='bbox 913 1821 951 1863; x_wconf 91' lang='lat' dir='ltr'>in</span> <span class='ocrx_word' id='word_1_155' title='bbox 981 1819 1110 1863; x_wconf 87' lang='lat' dir='ltr'>forma</span> <span class='ocrx_word' id='word_1_156' title='bbox 1144 1818 1315 1877; x_wconf 78' lang='lat' dir='ltr'>depositi</span> 
     </span>
     <span class='ocr_line' id='line_1_28' title="bbox 312 1876 1314 1936; baseline 0 -18"><span class='ocrx_word' id='word_1_157' title='bbox 312 1877 563 1922; x_wconf 89' lang='lat' dir='ltr'>tumulatum</span> <span class='ocrx_word' id='word_1_158' title='bbox 578 1876 707 1924; x_wconf 80' lang='lat' dir='ltr'>fuisset</span> <span class='ocrx_word' id='word_1_159' title='bbox 724 1909 739 1933; x_wconf 85' lang='lat'>,</span> <span class='ocrx_word' id='word_1_160' title='bbox 770 1878 886 1924; x_wconf 83' lang='lat' dir='ltr'>ficuti</span> <span class='ocrx_word' id='word_1_161' title='bbox 912 1894 984 1936; x_wconf 89' lang='lat' dir='ltr'>per</span> <span class='ocrx_word' id='word_1_162' title='bbox 1003 1878 1189 1924; x_wconf 83' lang='lat' dir='ltr'>ultimam</span> <span class='ocrx_word' id='word_1_163' title='bbox 1205 1878 1314 1921; x_wconf 83' lang='lat' dir='ltr'>suam</span> 
     </span>
     <span class='ocr_line' id='line_1_29' title="bbox 313 1934 1317 1992; baseline 0 -13"><span class='ocrx_word' id='word_1_164' title='bbox 313 1934 615 1992; x_wconf 81' lang='lat' dir='ltr'>dispositionem</span> <span class='ocrx_word' id='word_1_165' title='bbox 643 1936 729 1982; x_wconf 85' lang='lat' dir='ltr'>fieri</span> <span class='ocrx_word' id='word_1_166' title='bbox 750 1938 1015 1982; x_wconf 83' lang='lat' dir='ltr'>mandaverat</span> <span class='ocrx_word' id='word_1_167' title='bbox 1033 1968 1048 1990; x_wconf 91' lang='lat'>,</span> <span class='ocrx_word' id='word_1_168' title='bbox 1083 1939 1287 1985; x_wconf 87' lang='lat' dir='ltr'>Parochus</span> <span class='ocrx_word' id='word_1_169' title='bbox 1302 1965 1317 1988; x_wconf 85' lang='lat'>‚</span> 
     </span>
     <span class='ocr_line' id='line_1_30' title="bbox 313 1997 1317 2055; baseline 0 -17"><span class='ocrx_word' id='word_1_170' title='bbox 313 1997 517 2039; x_wconf 87' lang='lat' dir='ltr'>&amp;Clerus</span> <span class='ocrx_word' id='word_1_171' title='bbox 536 1998 741 2053; x_wconf 46' lang='lat' dir='ltr'>praediuu</span> <span class='ocrx_word' id='word_1_172' title='bbox 772 1999 841 2055; x_wconf 91' lang='lat' dir='ltr'>qui</span> <span class='ocrx_word' id='word_1_173' title='bbox 867 2007 983 2043; x_wconf 87' lang='lat' dir='ltr'>antea</span> <span class='ocrx_word' id='word_1_174' title='bbox 1011 2012 1086 2055; x_wconf 92' lang='lat' dir='ltr'>pro</span> <span class='ocrx_word' id='word_1_175' title='bbox 1111 1997 1317 2055; x_wconf 79' lang='lat' dir='ltr'>persisten-</span> 
     </span>
     <span class='ocr_line' id='line_1_31' title="bbox 315 2054 1316 2112; baseline 0 -15"><span class='ocrx_word' id='word_1_176' title='bbox 315 2055 372 2098; x_wconf 77' lang='lat' dir='ltr'>tia</span> <span class='ocrx_word' id='word_1_177' title='bbox 387 2054 566 2111; x_wconf 85' lang='lat' dir='ltr'>ipsorum</span> <span class='ocrx_word' id='word_1_178' title='bbox 582 2060 769 2100; x_wconf 85' lang='lat' dir='ltr'>Fratrum</span> <span class='ocrx_word' id='word_1_179' title='bbox 786 2059 992 2101; x_wconf 85' lang='lat' dir='ltr'>Minorum</span> <span class='ocrx_word' id='word_1_180' title='bbox 1007 2059 1316 2112; x_wconf 88' lang='lat' dir='ltr'>Capucinorum</span> 
     </span>
     <span class='ocr_line' id='line_1_32' title="bbox 317 2114 1316 2171; baseline -0.004 -15"><span class='ocrx_word' id='word_1_181' title='bbox 317 2115 507 2159; x_wconf 87' lang='lat' dir='ltr'>steterant</span> <span class='ocrx_word' id='word_1_182' title='bbox 523 2142 537 2165; x_wconf 84' lang='lat'><strong>,</strong></span> <span class='ocrx_word' id='word_1_183' title='bbox 567 2115 798 2171; x_wconf 62' lang='lat' dir='ltr'>conjunctis·</span> <span class='ocrx_word' id='word_1_184' title='bbox 809 2116 943 2157; x_wconf 87' lang='lat' dir='ltr'>studiis</span> <span class='ocrx_word' id='word_1_185' title='bbox 956 2119 1159 2169; x_wconf 85' lang='lat' dir='ltr'>petierunt</span> <span class='ocrx_word' id='word_1_186' title='bbox 1174 2114 1316 2154; x_wconf 87' lang='lat' dir='ltr'>demo-</span> 
     </span>
     <span class='ocr_line' id='line_1_33' title="bbox 317 2171 1315 2226; baseline -0.002 -14"><span class='ocrx_word' id='word_1_187' title='bbox 317 2171 504 2213; x_wconf 83' lang='lat' dir='ltr'>litionem</span> <span class='ocrx_word' id='word_1_188' title='bbox 523 2171 676 2226; x_wconf 81' lang='lat' dir='ltr'>praefati</span> <span class='ocrx_word' id='word_1_189' title='bbox 693 2171 897 2226; x_wconf 81' lang='lat' dir='ltr'>Hospitii,</span> <span class='ocrx_word' id='word_1_190' title='bbox 926 2174 967 2211; x_wconf 90' lang='lat'>&amp;</span> <span class='ocrx_word' id='word_1_191' title='bbox 982 2171 1315 2215; x_wconf 64' lang='lat' dir='ltr'>restitutionem</span> 
     </span>
     <span class='ocr_line' id='line_1_34' title="bbox 286 2227 1316 2282; baseline -0.003 -12"><span class='ocrx_word' id='word_1_192' title='bbox 286 2268 288 2270; x_wconf 87' lang='lat'>.</span> <span class='ocrx_word' id='word_1_193' title='bbox 317 2228 504 2271; x_wconf 85' lang='lat' dir='ltr'>Ecclefiae</span> <span class='ocrx_word' id='word_1_194' title='bbox 533 2227 887 2282; x_wconf 68' lang='lat' dir='ltr'>Parochialidiffl</span> <span class='ocrx_word' id='word_1_195' title='bbox 915 2228 1142 2272; x_wconf 78' lang='lat' dir='ltr'>cadaveris</span> <span class='ocrx_word' id='word_1_196' title='bbox 1173 2257 1187 2278; x_wconf 84' lang='lat'>,</span> <span class='ocrx_word' id='word_1_197' title='bbox 1219 2239 1316 2282; x_wconf 87' lang='lat' dir='ltr'>pro·</span> 
     </span>
     <span class='ocr_line' id='line_1_35' title="bbox 319 2284 1314 2342; baseline -0.006 -12"><span class='ocrx_word' id='word_1_198' title='bbox 319 2285 479 2342; x_wconf 87' lang='lat' dir='ltr'>diitque</span> <span class='ocrx_word' id='word_1_199' title='bbox 505 2284 572 2328; x_wconf 91' lang='lat' dir='ltr'>die</span> <span class='ocrx_word' id='word_1_200' title='bbox 600 2288 727 2341; x_wconf 82' lang='lat' dir='ltr'>prima</span> <span class='ocrx_word' id='word_1_201' title='bbox 752 2284 946 2329; x_wconf 76' lang='lat' dir='ltr'>februarii</span> <span class='ocrx_word' id='word_1_202' title='bbox 971 2289 1120 2336; x_wconf 56' lang='lat'>1728„</span> <span class='ocrx_word' id='word_1_203' title='bbox 1150 2285 1314 2327; x_wconf 88' lang='lat' dir='ltr'>senten·</span> 
     </span>
     <span class='ocr_line' id='line_1_36' title="bbox 319 2338 1317 2399; baseline -0.007 -12"><span class='ocrx_word' id='word_1_204' title='bbox 319 2345 378 2387; x_wconf 84' lang='lat' dir='ltr'>tia</span> <span class='ocrx_word' id='word_1_205' title='bbox 393 2372 406 2394; x_wconf 85' lang='lat'>,</span> <span class='ocrx_word' id='word_1_206' title='bbox 436 2343 513 2399; x_wconf 68' lang='lat' dir='ltr'>qua</span> <span class='ocrx_word' id='word_1_207' title='bbox 533 2343 848 2393; x_wconf 84' lang='lat' dir='ltr'>decernebatur,</span> <span class='ocrx_word' id='word_1_208' title='bbox 863 2353 907 2385; x_wconf 92' lang='lat' dir='ltr'>ut</span> <span class='ocrx_word' id='word_1_209' title='bbox 930 2338 1317 2397; x_wconf 80' lang='lat' dir='ltr'>Hospitium&#39;praefa-</span> 
     </span>
     <span class='ocr_line' id='line_1_37' title="bbox 319 2399 1318 2450; baseline -0.004 -5"><span class='ocrx_word' id='word_1_210' title='bbox 319 2411 409 2445; x_wconf 87' lang='lat' dir='ltr'>tum</span> <span class='ocrx_word' id='word_1_211' title='bbox 425 2400 626 2444; x_wconf 75' lang='lat' dir='ltr'>subsistere</span> <span class='ocrx_word' id='word_1_212' title='bbox 639 2400 842 2450; x_wconf 79' lang='lat' dir='ltr'>deberet,</span> <span class='ocrx_word' id='word_1_213' title='bbox 874 2399 938 2443; x_wconf 89' lang='lat' dir='ltr'>sed</span> <span class='ocrx_word' id='word_1_214' title='bbox 956 2401 1062 2444; x_wconf 75' lang='lat' dir='ltr'>illius</span> <span class='ocrx_word' id='word_1_215' title='bbox 1083 2403 1241 2444; x_wconf 82' lang='lat' dir='ltr'>Fratres</span> <span class='ocrx_word' id='word_1_216' title='bbox 1267 2400 1318 2441; x_wconf 88' lang='lat' dir='ltr'>ab</span> 
     </span>
     <span class='ocr_line' id='line_1_38' title="bbox 319 2458 1317 2516; baseline -0.001 -14"><span class='ocrx_word' id='word_1_217' title='bbox 319 2474 446 2516; x_wconf 90' lang='lat' dir='ltr'>opere</span> <span class='ocrx_word' id='word_1_218' title='bbox 488 2458 687 2504; x_wconf 81' lang='lat' dir='ltr'>cessarent</span> <span class='ocrx_word' id='word_1_219' title='bbox 711 2490 727 2511; x_wconf 93' lang='lat'>‚</span> <span class='ocrx_word' id='word_1_220' title='bbox 769 2459 992 2503; x_wconf 83' lang='lat' dir='ltr'>Ecclesiam</span> <span class='ocrx_word' id='word_1_221' title='bbox 1033 2459 1274 2502; x_wconf 85' lang='lat' dir='ltr'>clauderent</span> <span class='ocrx_word' id='word_1_222' title='bbox 1303 2488 1317 2511; x_wconf 87' lang='lat'>,</span> 
     </span>
     <span class='ocr_line' id='line_1_39' title="bbox 321 2517 1317 2575; baseline -0.004 -12"><span class='ocrx_word' id='word_1_223' title='bbox 321 2519 564 2575; x_wconf 84' lang='lat' dir='ltr'>Campanile</span> <span class='ocrx_word' id='word_1_224' title='bbox 591 2517 800 2564; x_wconf 83' lang='lat' dir='ltr'>auferrent</span> <span class='ocrx_word' id='word_1_225' title='bbox 826 2546 841 2569; x_wconf 79' lang='lat'>‚</span> <span class='ocrx_word' id='word_1_226' title='bbox 877 2533 925 2562; x_wconf 83' lang='lat' dir='ltr'>ac</span> <span class='ocrx_word' id='word_1_227' title='bbox 958 2519 996 2563; x_wconf 87' lang='lat' dir='ltr'>se</span> <span class='ocrx_word' id='word_1_228' title='bbox 1026 2520 1171 2563; x_wconf 87' lang='lat' dir='ltr'>eodem</span> <span class='ocrx_word' id='word_1_229' title='bbox 1195 2518 1317 2562; x_wconf 92' lang='lat' dir='ltr'>modo</span> 
     </span>
     <span class='ocr_line' id='line_1_40' title="bbox 319 2577 1319 2638; baseline -0.001 -17"><span class='ocrx_word' id='word_1_230' title='bbox 319 2580 580 2621; x_wconf 89' lang='lat' dir='ltr'>continerent</span> <span class='ocrx_word' id='word_1_231' title='bbox 601 2607 615 2630; x_wconf 77' lang='lat'><strong>,</strong></span> <span class='ocrx_word' id='word_1_232' title='bbox 641 2593 726 2638; x_wconf 89' lang='lat' dir='ltr'>quo</span> <span class='ocrx_word' id='word_1_233' title='bbox 754 2579 862 2623; x_wconf 88' lang='lat' dir='ltr'>idem</span> <span class='ocrx_word' id='word_1_234' title='bbox 880 2577 1112 2636; x_wconf 83' lang='lat' dir='ltr'>Hospitium</span> <span class='ocrx_word' id='word_1_235' title='bbox 1140 2582 1200 2622; x_wconf 87' lang='lat' dir='ltr'>eis</span> <span class='ocrx_word' id='word_1_236' title='bbox 1223 2591 1319 2622; x_wconf 90' lang='lat' dir='ltr'>con-</span> 
     </span>
     <span class='ocr_line' id='line_1_41' title="bbox 320 2636 1319 2694; baseline -0.001 -13"><span class='ocrx_word' id='word_1_237' title='bbox 320 2636 468 2681; x_wconf 77' lang='lat' dir='ltr'>cessum</span> <span class='ocrx_word' id='word_1_238' title='bbox 498 2636 647 2691; x_wconf 87' lang='lat' dir='ltr'>fuerat,</span> <span class='ocrx_word' id='word_1_239' title='bbox 661 2639 764 2682; x_wconf 91' lang='lat' dir='ltr'>duos</span> <span class='ocrx_word' id='word_1_240' title='bbox 791 2648 924 2681; x_wconf 87' lang='lat' dir='ltr'>tamen</span> <span class='ocrx_word' id='word_1_241' title='bbox 942 2638 1151 2694; x_wconf 83' lang='lat' dir='ltr'>religiosos</span> <span class='ocrx_word' id='word_1_242' title='bbox 1166 2637 1319 2680; x_wconf 86' lang='lat' dir='ltr'>addere</span> 
     </span>
     <span class='ocr_line' id='line_1_42' title="bbox 318 2695 1316 2754; baseline 0 -16"><span class='ocrx_word' id='word_1_243' title='bbox 318 2695 503 2754; x_wconf 78' lang='lat' dir='ltr'>possent,</span> <span class='ocrx_word' id='word_1_244' title='bbox 539 2699 694 2754; x_wconf 86' lang='lat' dir='ltr'>hacque</span> <span class='ocrx_word' id='word_1_245' title='bbox 722 2697 921 2741; x_wconf 82' lang='lat' dir='ltr'>sententia</span> <span class='ocrx_word' id='word_1_246' title='bbox 952 2698 1001 2742; x_wconf 86' lang='lat' dir='ltr'>sic</span> <span class='ocrx_word' id='word_1_247' title='bbox 1021 2696 1235 2749; x_wconf 59' lang='lat' dir='ltr'>emanat12</span> <span class='ocrx_word' id='word_1_248' title='bbox 1257 2697 1316 2740; x_wconf 87' lang='lat' dir='ltr'>di-</span> 
     </span>
     <span class='ocr_line' id='line_1_43' title="bbox 321 2751 1318 2801; baseline -0.003 -1"><span class='ocrx_word' id='word_1_249' title='bbox 321 2761 403 2800; x_wconf 67' lang='grc' dir='ltr'>ἕως</span> <span class='ocrx_word' id='word_1_250' title='bbox 418 2757 623 2800; x_wconf 88' lang='lat' dir='ltr'>Parochus</span> <span class='ocrx_word' id='word_1_251' title='bbox 653 2759 693 2800; x_wconf 77' lang='grc' dir='ltr'>δι</span> <span class='ocrx_word' id='word_1_252' title='bbox 711 2751 858 2800; x_wconf 85' lang='lat' dir='ltr'>Clerus</span> <span class='ocrx_word' id='word_1_253' title='bbox 884 2756 962 2800; x_wconf 66' lang='lat' dir='ltr'>una</span> <span class='ocrx_word' id='word_1_254' title='bbox 990 2771 1085 2801; x_wconf 90' lang='lat' dir='ltr'>cum</span> <span class='ocrx_word' id='word_1_255' title='bbox 1106 2757 1318 2801; x_wconf 73' lang='lat' dir='ltr'>Fratribus</span> 
     </span>
     <span class='ocr_line' id='line_1_44' title="bbox 317 2815 1317 2873; baseline 0 -14"><span class='ocrx_word' id='word_1_256' title='bbox 317 2817 557 2859; x_wconf 83' lang='lat' dir='ltr'>memoratis</span> <span class='ocrx_word' id='word_1_257' title='bbox 583 2815 735 2873; x_wconf 82' lang='lat' dir='ltr'>Oppidi</span> <span class='ocrx_word' id='word_1_258' title='bbox 777 2817 828 2860; x_wconf 91' lang='lat' dir='ltr'>de</span> <span class='ocrx_word' id='word_1_259' title='bbox 855 2816 1020 2860; x_wconf 88' lang='lat' dir='ltr'>Villena</span> <span class='ocrx_word' id='word_1_260' title='bbox 1055 2816 1317 2860; x_wconf 57' lang='lat' dir='ltr'>instantiam„</span> 
     </span>
     <span class='ocr_line' id='line_1_45' title="bbox 320 2873 1318 2927; baseline -0.002 -9"><span class='ocrx_word' id='word_1_261' title='bbox 320 2873 428 2919; x_wconf 85' lang='lat' dir='ltr'>suam</span> <span class='ocrx_word' id='word_1_262' title='bbox 453 2873 706 2922; x_wconf 54' lang='lat' dir='ltr'>intentarunt</span> <span class='ocrx_word' id='word_1_263' title='bbox 732 2890 872 2919; x_wconf 81' lang='lat' dir='ltr'>coram</span> <span class='ocrx_word' id='word_1_264' title='bbox 898 2876 1043 2920; x_wconf 88' lang='lat' dir='ltr'>eodem</span> <span class='ocrx_word' id='word_1_265' title='bbox 1062 2876 1318 2927; x_wconf 81' lang='lat' dir='ltr'>Ordinatio,</span> 
     </span>
     <span class='ocr_line' id='line_1_46' title="bbox 321 2931 1318 2992; baseline 0 -17"><span class='ocrx_word' id='word_1_266' title='bbox 321 2935 390 2990; x_wconf 92' lang='lat' dir='ltr'>qui</span> <span class='ocrx_word' id='word_1_267' title='bbox 409 2949 518 2978; x_wconf 87' lang='lat' dir='ltr'>anno</span> <span class='ocrx_word' id='word_1_268' title='bbox 540 2946 660 2992; x_wconf 80' lang='lat'>¹⁷31·</span> <span class='ocrx_word' id='word_1_269' title='bbox 692 2935 831 2981; x_wconf 84' lang='lat' dir='ltr'>denuo</span> <span class='ocrx_word' id='word_1_270' title='bbox 857 2934 1076 2988; x_wconf 84' lang='lat' dir='ltr'>decrevit,</span> <span class='ocrx_word' id='word_1_271' title='bbox 1106 2944 1152 2977; x_wconf 90' lang='lat' dir='ltr'>ut</span> <span class='ocrx_word' id='word_1_272' title='bbox 1173 2931 1318 2990; x_wconf 87' lang='lat' dir='ltr'>praefa-</span> 
     </span>
     <span class='ocr_line' id='line_1_47' title="bbox 316 2991 1317 3052; baseline -0.002 -15"><span class='ocrx_word' id='word_1_273' title='bbox 316 2991 407 3037; x_wconf 78' lang='lat' dir='ltr'>t&#39;um</span> <span class='ocrx_word' id='word_1_274' title='bbox 428 2993 655 3049; x_wconf 79' lang='lat' dir='ltr'>Hospitium</span> <span class='ocrx_word' id='word_1_275' title='bbox 670 3003 933 3052; x_wconf 82' lang='lat' dir='ltr'>permaneret</span> <span class='ocrx_word' id='word_1_276' title='bbox 946 3023 960 3049; x_wconf 62' lang='lat'>2</span> <span class='ocrx_word' id='word_1_277' title='bbox 990 2993 1085 3036; x_wconf 62' lang='lat' dir='ltr'>dieii</span> <span class='ocrx_word' id='word_1_278' title='bbox 1102 2995 1202 3036; x_wconf 77' lang='lat' dir='ltr'>vero</span> <span class='ocrx_word' id='word_1_279' title='bbox 1220 2996 1317 3036; x_wconf 79' lang='lat' dir='ltr'>Fra-</span> 
     </span>
     <span class='ocr_line' id='line_1_48' title="bbox 319 3051 1318 3110; baseline -0.002 -16"><span class='ocrx_word' id='word_1_280' title='bbox 319 3063 404 3094; x_wconf 83' lang='lat' dir='ltr'>tres</span> <span class='ocrx_word' id='word_1_281' title='bbox 421 3053 599 3096; x_wconf 88' lang='lat' dir='ltr'>Minores</span> <span class='ocrx_word' id='word_1_282' title='bbox 614 3054 814 3110; x_wconf 84' lang='lat' dir='ltr'>Capucini</span> <span class='ocrx_word' id='word_1_283' title='bbox 842 3053 997 3109; x_wconf 79' lang='lat' dir='ltr'>januam</span> <span class='ocrx_word' id='word_1_284' title='bbox 1032 3051 1224 3095; x_wconf 80' lang='lat' dir='ltr'>Ecclesia:</span> <span class='ocrx_word' id='word_1_285' title='bbox 1250 3066 1318 3092; x_wconf 92' lang='lat' dir='ltr'>oc-</span> 
     </span>
     <span class='ocr_line' id='line_1_49' title="bbox 319 3108 1318 3161; baseline -0.003 -7"><span class='ocrx_word' id='word_1_286' title='bbox 319 3109 535 3156; x_wconf 84' lang='lat' dir='ltr'>cluderent</span> <span class='ocrx_word' id='word_1_287' title='bbox 556 3138 570 3161; x_wconf 75' lang='grc'><strong>,</strong></span> <span class='ocrx_word' id='word_1_288' title='bbox 587 3111 741 3155; x_wconf 89' lang='lat' dir='ltr'>ibidem</span> <span class='ocrx_word' id='word_1_289' title='bbox 756 3111 1044 3157; x_wconf 74' lang='lat' dir='ltr'>sanetiffimum</span> <span class='ocrx_word' id='word_1_290' title='bbox 1063 3108 1318 3159; x_wconf 79' lang='lat' dir='ltr'>Eucharistiae</span> 
     </span>
     <span class='ocr_line' id='line_1_50' title="bbox 313 3170 1317 3226; baseline -0.005 -11"><span class='ocrx_word' id='word_1_291' title='bbox 313 3172 630 3215; x_wconf 67' lang='lat' dir='ltr'>Sacramentum</span> <span class='ocrx_word' id='word_1_292' title='bbox 658 3186 738 3215; x_wconf 90' lang='lat' dir='ltr'>non</span> <span class='ocrx_word' id='word_1_293' title='bbox 761 3170 1028 3222; x_wconf 79' lang='lat' dir='ltr'>asservarent,</span> <span class='ocrx_word' id='word_1_294' title='bbox 1058 3184 1193 3226; x_wconf 80' lang='lat' dir='ltr'>neque</span> <span class='ocrx_word' id='word_1_295' title='bbox 1209 3183 1317 3211; x_wconf 89' lang='lat' dir='ltr'>mor-</span> 
     </span>
     <span class='ocr_line' id='line_1_51' title="bbox 318 3227 1315 3283; baseline -0.001 -13"><span class='ocrx_word' id='word_1_296' title='bbox 318 3228 413 3271; x_wconf 77' lang='lat' dir='ltr'>tuos</span> <span class='ocrx_word' id='word_1_297' title='bbox 440 3229 683 3283; x_wconf 86' lang='lat' dir='ltr'>sepelirent,</span> <span class='ocrx_word' id='word_1_298' title='bbox 717 3246 761 3273; x_wconf 86' lang='lat' dir='ltr'>ae</span> <span class='ocrx_word' id='word_1_299' title='bbox 789 3231 967 3276; x_wconf 85' lang='lat' dir='ltr'>cadaver</span> <span class='ocrx_word' id='word_1_300' title='bbox 992 3229 1088 3274; x_wconf 65' lang='lat' dir='ltr'>dieii</span> <span class='ocrx_word' id='word_1_301' title='bbox 1117 3227 1315 3274; x_wconf 82' lang='lat' dir='ltr'>Ludovici</span> 
     </span>
     <span class='ocr_line' id='line_1_52' title="bbox 323 3286 1317 3345; baseline -0.001 -15"><span class='ocrx_word' id='word_1_302' title='bbox 323 3286 514 3331; x_wconf 74' lang='lat' dir='ltr'>Ecclesiae</span> <span class='ocrx_word' id='word_1_303' title='bbox 536 3287 764 3331; x_wconf 87' lang='lat' dir='ltr'>Parochiali</span> <span class='ocrx_word' id='word_1_304' title='bbox 795 3290 1083 3335; x_wconf 85' lang='lat' dir='ltr'>restituerent:</span> <span class='ocrx_word' id='word_1_305' title='bbox 1110 3291 1133 3335; x_wconf 68' lang='lat' dir='ltr'>a</span> <span class='ocrx_word' id='word_1_306' title='bbox 1160 3288 1317 3345; x_wconf 86' lang='lat' dir='ltr'>postre-</span> 
     </span>
     <span class='ocr_line' id='line_1_53' title="bbox 320 3344 1316 3403; baseline -0.001 -14"><span class='ocrx_word' id='word_1_307' title='bbox 320 3361 388 3389; x_wconf 83' lang='lat' dir='ltr'>ma</span> <span class='ocrx_word' id='word_1_308' title='bbox 404 3346 598 3389; x_wconf 87' lang='lat' dir='ltr'>sententia</span> <span class='ocrx_word' id='word_1_309' title='bbox 625 3348 747 3395; x_wconf 74' lang='lat' dir='ltr'>ambre</span> <span class='ocrx_word' id='word_1_310' title='bbox 764 3351 902 3393; x_wconf 83' lang='lat' dir='ltr'>Partes</span> <span class='ocrx_word' id='word_1_311' title='bbox 928 3350 1203 3403; x_wconf 82' lang='lat' dir='ltr'>collitigantes</span> <span class='ocrx_word' id='word_1_312' title='bbox 1221 3376 1234 3399; x_wconf 85' lang='lat'><strong>‚</strong></span> <span class='ocrx_word' id='word_1_313' title='bbox 1265 3344 1316 3389; x_wconf 83' lang='lat' dir='ltr'>ad</span> 
     </span>
     <span class='ocr_line' id='line_1_54' title="bbox 323 3407 1317 3466; baseline -0.001 -18"><span class='ocrx_word' id='word_1_314' title='bbox 323 3407 430 3450; x_wconf 87' lang='lat' dir='ltr'>hanc</span> <span class='ocrx_word' id='word_1_315' title='bbox 459 3408 641 3449; x_wconf 70' lang='lat' dir='ltr'>Sanctam</span> <span class='ocrx_word' id='word_1_316' title='bbox 668 3409 814 3451; x_wconf 89' lang='lat' dir='ltr'>Sedem</span> <span class='ocrx_word' id='word_1_317' title='bbox 844 3408 1120 3466; x_wconf 63' lang='lat' dir='ltr'>provocfirunt</span> <span class='ocrx_word' id='word_1_318' title='bbox 1149 3437 1162 3459; x_wconf 91' lang='lat'>‚</span> <span class='ocrx_word' id='word_1_319' title='bbox 1188 3408 1317 3448; x_wconf 89' lang='lat' dir='ltr'>intro-</span> 
     </span>
     <span class='ocr_line' id='line_1_55' title="bbox 322 3463 1316 3523; baseline -0.005 -12"><span class='ocrx_word' id='word_1_320' title='bbox 322 3463 527 3521; x_wconf 58' lang='lat' dir='ltr'>dufissque</span> <span class='ocrx_word' id='word_1_321' title='bbox 539 3464 659 3507; x_wconf 65' lang='lat' dir='ltr'>causa</span> <span class='ocrx_word' id='word_1_322' title='bbox 672 3469 960 3523; x_wconf 73' lang='lat' dir='ltr'>appellationis</span> <span class='ocrx_word' id='word_1_323' title='bbox 973 3482 1110 3512; x_wconf 87' lang='lat' dir='ltr'>coram</span> <span class='ocrx_word' id='word_1_324' title='bbox 1126 3470 1316 3520; x_wconf 87' lang='lat' dir='ltr'>Congre-</span> 
     </span>
     <span class='ocr_line' id='line_1_56' title="bbox 326 3525 1316 3580; baseline 0.007 -13"><span class='ocrx_word' id='word_1_325' title='bbox 326 3525 489 3580; x_wconf 83' lang='lat' dir='ltr'>gatione</span> <span class='ocrx_word' id='word_1_326' title='bbox 507 3526 811 3570; x_wconf 84' lang='lat' dir='ltr'>Venerabilium</span> <span class='ocrx_word' id='word_1_327' title='bbox 837 3531 1022 3573; x_wconf 78' lang='lat' dir='ltr'>Fratrum</span> <span class='ocrx_word' id='word_1_328' title='bbox 1051 3526 1316 3572; x_wconf 75' lang='lat' dir='ltr'>nostrorum.-</span> 
     </span>
     <span class='ocr_line' id='line_1_57' title="bbox 326 3586 1316 3631; baseline 0 -5"><span class='ocrx_word' id='word_1_329' title='bbox 326 3587 479 3627; x_wconf 67' lang='lat' dir='ltr'>sanetae</span> <span class='ocrx_word' id='word_1_330' title='bbox 499 3586 687 3628; x_wconf 83' lang='lat' dir='ltr'>Romanae</span> <span class='ocrx_word' id='word_1_331' title='bbox 702 3587 889 3630; x_wconf 84' lang='lat' dir='ltr'>Ecclesiae</span> <span class='ocrx_word' id='word_1_332' title='bbox 899 3586 1180 3631; x_wconf 84' lang='lat' dir='ltr'>Cardinalium</span> <span class='ocrx_word' id='word_1_333' title='bbox 1202 3587 1316 3627; x_wconf 82' lang='lat' dir='ltr'>Con-</span> 
     </span>
     <span class='ocr_line' id='line_1_58' title="bbox 326 3643 1316 3701; baseline 0 -17"><span class='ocrx_word' id='word_1_334' title='bbox 326 3643 411 3686; x_wconf 86' lang='lat' dir='ltr'>cilii</span> <span class='ocrx_word' id='word_1_335' title='bbox 438 3644 669 3687; x_wconf 83' lang='lat' dir='ltr'>Tridentini</span> <span class='ocrx_word' id='word_1_336' title='bbox 695 3646 966 3701; x_wconf 87' lang='lat' dir='ltr'>interpretum</span> <span class='ocrx_word' id='word_1_337' title='bbox 992 3674 1007 3698; x_wconf 74' lang='grc'>,</span> <span class='ocrx_word' id='word_1_338' title='bbox 1038 3647 1120 3691; x_wconf 83' lang='lat' dir='ltr'>haec</span> <span class='ocrx_word' id='word_1_339' title='bbox 1145 3643 1316 3687; x_wconf 85' lang='lat' dir='ltr'>relatio-</span> 
     </span>
     <span class='ocr_line' id='line_1_59' title="bbox 330 3701 1315 3761; baseline 0.004 -20"><span class='ocrx_word' id='word_1_340' title='bbox 330 3714 424 3746; x_wconf 82' lang='lat' dir='ltr'>nem</span> <span class='ocrx_word' id='word_1_341' title='bbox 454 3702 557 3745; x_wconf 84' lang='lat' dir='ltr'>suam</span> <span class='ocrx_word' id='word_1_342' title='bbox 586 3706 702 3760; x_wconf 87' lang='lat' dir='ltr'>super</span> <span class='ocrx_word' id='word_1_343' title='bbox 733 3706 929 3761; x_wconf 83' lang='lat' dir='ltr'>praemiffis</span> <span class='ocrx_word' id='word_1_344' title='bbox 955 3735 970 3758; x_wconf 83' lang='lat'>‚</span> <span class='ocrx_word' id='word_1_345' title='bbox 1002 3715 1046 3749; x_wconf 83' lang='lat' dir='ltr'>ut</span> <span class='ocrx_word' id='word_1_346' title='bbox 1079 3706 1200 3749; x_wconf 87' lang='lat' dir='ltr'>moris</span> <span class='ocrx_word' id='word_1_347' title='bbox 1231 3701 1315 3755; x_wconf 79' lang='lat' dir='ltr'>est,</span> 
     </span>
     <span class='ocr_line' id='line_1_60' title="bbox 330 3759 1311 3824; baseline 0.009 -26"><span class='ocrx_word' id='word_1_348' title='bbox 330 3759 543 3824; x_wconf 68' lang='lat' dir='ltr'>exquisivit</span> <span class='ocrx_word' id='word_1_349' title='bbox 561 3790 575 3813; x_wconf 84' lang='lat'>,</span> <span class='ocrx_word' id='word_1_350' title='bbox 600 3777 686 3817; x_wconf 84' lang='lat' dir='ltr'>quae</span> <span class='ocrx_word' id='word_1_351' title='bbox 710 3763 886 3810; x_wconf 86' lang='lat' dir='ltr'>necdum</span> <span class='ocrx_word' id='word_1_352' title='bbox 903 3763 1120 3823; x_wconf 87' lang='lat' dir='ltr'>pervenit,</span> <span class='ocrx_word' id='word_1_353' title='bbox 1150 3763 1215 3807; x_wconf 83' lang='lat' dir='ltr'>vel</span> <span class='ocrx_word' id='word_1_354' title='bbox 1233 3776 1311 3807; x_wconf 67' lang='lat' dir='ltr'>eti-2</span> 
     </span>
     <span class='ocr_line' id='line_1_61' title="bbox 331 3815 1253 3882; baseline 0.012 -25"><span class='ocrx_word' id='word_1_355' title='bbox 331 3815 509 3873; x_wconf 81' lang='lat' dir='ltr'>partibus</span> <span class='ocrx_word' id='word_1_356' title='bbox 529 3821 724 3874; x_wconf 68' lang='lat' dir='ltr'>praediftis</span> <span class='ocrx_word' id='word_1_357' title='bbox 739 3826 1041 3882; x_wconf 63' lang='lat' dir='ltr'>communicata</span> <span class='ocrx_word' id='word_1_358' title='bbox 1051 3837 1133 3869; x_wconf 84' lang='lat' dir='ltr'>non</span> <span class='ocrx_word' id='word_1_359' title='bbox 1149 3821 1226 3867; x_wconf 83' lang='lat' dir='ltr'>fuit</span> <span class='ocrx_word' id='word_1_360' title='bbox 1239 3852 1253 3868; x_wconf 78' lang='grc'><strong>.</strong></span> 
     </span>
    </p>
   </div>
   <div class='ocr_carea' id='block_1_5' title="bbox 1067 196 1632 287">
    <p class='ocr_par' dir='ltr' id='par_1_6' title="bbox 1067 196 1632 287">
     <span class='ocr_line' id='line_1_62' title="bbox 1067 196 1632 287; baseline 0.025 -14"><span class='ocrx_word' id='word_1_361' title='bbox 1067 199 1203 284; x_wconf 55' lang='lat' dir='ltr'>Pa?</span> <span class='ocrx_word' id='word_1_362' title='bbox 1215 220 1324 283; x_wconf 77' lang='lat' dir='ltr'>av</span> <span class='ocrx_word' id='word_1_363' title='bbox 1338 200 1370 284; x_wconf 82' lang='lat' dir='ltr'>i</span> <span class='ocrx_word' id='word_1_364' title='bbox 1379 196 1496 286; x_wconf 68' lang='lat'>&#39;72⁵6</span> <span class='ocrx_word' id='word_1_365' title='bbox 1512 203 1547 286; x_wconf 82' lang='lat' dir='ltr'>i</span> <span class='ocrx_word' id='word_1_366' title='bbox 1564 202 1632 287; x_wconf 55' lang='grc' dir='ltr'>ὦ</span> 
     </span>
    </p>
   </div>
   <div class='ocr_carea' id='block_1_6' title="bbox 1365 342 2382 2517">
    <p class='ocr_par' dir='ltr' id='par_1_7' title="bbox 1365 342 2382 2517">
     <span class='ocr_line' id='line_1_63' title="bbox 1467 342 2363 405; baseline 0.001 -19"><span class='ocrx_word' id='word_1_367' title='bbox 1467 366 1477 378; x_wconf 55' lang='lat'>2</span> <span class='ocrx_word' id='word_1_368' title='bbox 1489 347 1597 386; x_wconf 89' lang='lat' dir='ltr'>Cum</span> <span class='ocrx_word' id='word_1_369' title='bbox 1615 342 2042 394; x_wconf 61' lang='lat' dir='ltr'>autem‚‚sieut·eadeni</span> <span class='ocrx_word' id='word_1_370' title='bbox 2062 351 2255 405; x_wconf 64' lang='lat' dir='ltr'>eprstfio</span> <span class='ocrx_word' id='word_1_371' title='bbox 2267 353 2363 396; x_wconf 53' lang='lat' dir='ltr'>suba</span> 
     </span>
     <span class='ocr_line' id='line_1_64' title="bbox 1371 402 2360 461; baseline -0.001 -16"><span class='ocrx_word' id='word_1_372' title='bbox 1371 402 1562 461; x_wconf 83' lang='lat' dir='ltr'>jungebat</span> <span class='ocrx_word' id='word_1_373' title='bbox 1589 432 1603 455; x_wconf 85' lang='lat'>,</span> <span class='ocrx_word' id='word_1_374' title='bbox 1633 402 1698 457; x_wconf 81' lang='lat' dir='ltr'>ipsi</span> <span class='ocrx_word' id='word_1_375' title='bbox 1730 403 1987 458; x_wconf 84' lang='lat' dir='ltr'>Exponentes</span> <span class='ocrx_word' id='word_1_376' title='bbox 2008 419 2034 454; x_wconf 83' lang='lat'>·,</span> <span class='ocrx_word' id='word_1_377' title='bbox 2058 406 2108 447; x_wconf 86' lang='lat' dir='ltr'>ad</span> <span class='ocrx_word' id='word_1_378' title='bbox 2132 409 2360 452; x_wconf 68' lang='lat' dir='ltr'>tollendam</span> 
     </span>
     <span class='ocr_line' id='line_1_65' title="bbox 1369 457 2357 519; baseline -0.001 -16"><span class='ocrx_word' id='word_1_379' title='bbox 1369 463 1422 505; x_wconf 90' lang='lat' dir='ltr'>de</span> <span class='ocrx_word' id='word_1_380' title='bbox 1437 461 1573 504; x_wconf 89' lang='lat' dir='ltr'>medio</span> <span class='ocrx_word' id='word_1_381' title='bbox 1587 468 1815 504; x_wconf 79' lang='lat' dir='ltr'>enarratam</span> <span class='ocrx_word' id='word_1_382' title='bbox 1831 461 2044 503; x_wconf 64' lang='lat' dir='ltr'>litem¹&amp;c..</span> <span class='ocrx_word' id='word_1_383' title='bbox 2052 474 2177 519; x_wconf 83' lang='lat' dir='ltr'>utque</span> <span class='ocrx_word' id='word_1_384' title='bbox 2196 457 2288 507; x_wconf 56' lang='lat' dir='ltr'>&#39;Fran</span> <span class='ocrx_word' id='word_1_385' title='bbox 2297 482 2357 510; x_wconf 68' lang='lat' dir='ltr'>re,</span> 
     </span>
     <span class='ocr_line' id='line_1_66' title="bbox 1366 518 2365 577; baseline 0 -13"><span class='ocrx_word' id='word_1_386' title='bbox 1366 524 1550 565; x_wconf 91' lang='lat' dir='ltr'>Minores</span> <span class='ocrx_word' id='word_1_387' title='bbox 1566 522 1766 577; x_wconf 81' lang='lat' dir='ltr'>Capucini</span> <span class='ocrx_word' id='word_1_388' title='bbox 1793 518 1947 576; x_wconf 86' lang='lat' dir='ltr'>praefati</span> <span class='ocrx_word' id='word_1_389' title='bbox 1983 521 2146 564; x_wconf 84' lang='lat' dir='ltr'>tandem</span> <span class='ocrx_word' id='word_1_390' title='bbox 2172 522 2365 569; x_wconf 56' lang='lat' dir='ltr'>adina-&#39;i</span> 
     </span>
     <span class='ocr_line' id='line_1_67' title="bbox 1369 577 2366 640; baseline 0.003 -17"><span class='ocrx_word' id='word_1_391' title='bbox 1369 577 1479 624; x_wconf 85' lang='lat' dir='ltr'>Villa</span> <span class='ocrx_word' id='word_1_392' title='bbox 1498 609 1512 632; x_wconf 88' lang='lat'>‚</span> <span class='ocrx_word' id='word_1_393' title='bbox 1532 583 1572 623; x_wconf 89' lang='lat' dir='ltr'>in</span> <span class='ocrx_word' id='word_1_394' title='bbox 1589 595 1712 638; x_wconf 81' lang='lat' dir='ltr'>grave</span> <span class='ocrx_word' id='word_1_395' title='bbox 1724 579 2023 622; x_wconf 87' lang='lat' dir='ltr'>detrimentum</span> <span class='ocrx_word' id='word_1_396' title='bbox 2041 582 2267 624; x_wconf 81' lang='lat' dir='ltr'>animarum</span> <span class='ocrx_word' id='word_1_397' title='bbox 2277 582 2366 640; x_wconf 75' lang='lat' dir='ltr'>ejus</span> 
     </span>
     <span class='ocr_line' id='line_1_68' title="bbox 1366 639 2366 696; baseline 0 -14"><span class='ocrx_word' id='word_1_398' title='bbox 1366 641 1589 683; x_wconf 87' lang='lat' dir='ltr'>incolatum</span> <span class='ocrx_word' id='word_1_399' title='bbox 1609 653 1690 683; x_wconf 93' lang='lat' dir='ltr'>non</span> <span class='ocrx_word' id='word_1_400' title='bbox 1707 639 1898 681; x_wconf 88' lang='lat' dir='ltr'>recedant</span> <span class='ocrx_word' id='word_1_401' title='bbox 1913 666 1926 689; x_wconf 87' lang='lat'><strong>,</strong></span> <span class='ocrx_word' id='word_1_402' title='bbox 1962 639 2026 682; x_wconf 77' lang='lat' dir='ltr'>sed</span> <span class='ocrx_word' id='word_1_403' title='bbox 2055 645 2366 696; x_wconf 56' lang='lat' dir='ltr'>&#39;eorumperx&#39;nao</span> 
     </span>
     <span class='ocr_line' id='line_1_69' title="bbox 1367 698 2363 748; baseline 0.003 -8"><span class='ocrx_word' id='word_1_404' title='bbox 1367 701 1504 741; x_wconf 85' lang='lat' dir='ltr'>nentia</span> <span class='ocrx_word' id='word_1_405' title='bbox 1532 714 1620 742; x_wconf 90' lang='lat' dir='ltr'>cum</span> <span class='ocrx_word' id='word_1_406' title='bbox 1652 699 1905 740; x_wconf 86' lang='lat' dir='ltr'>incremento</span> <span class='ocrx_word' id='word_1_407' title='bbox 1934 698 2080 740; x_wconf 78' lang='lat' dir='ltr'>Divini</span> <span class='ocrx_word' id='word_1_408' title='bbox 2110 698 2244 742; x_wconf 67' lang='lat' dir='ltr'>cultus</span> <span class='ocrx_word' id='word_1_409' title='bbox 2271 727 2285 748; x_wconf 70' lang='lat'>2</span> <span class='ocrx_word' id='word_1_410' title='bbox 2322 702 2363 743; x_wconf 85' lang='lat'>&amp;</span> 
     </span>
     <span class='ocr_line' id='line_1_70' title="bbox 1366 756 2362 814; baseline 0.005 -16"><span class='ocrx_word' id='word_1_411' title='bbox 1366 756 1583 812; x_wconf 87' lang='lat' dir='ltr'>spiritualis</span> <span class='ocrx_word' id='word_1_412' title='bbox 1598 756 1798 814; x_wconf 68' lang='lat' dir='ltr'>profed&#39;tfis</span> <span class='ocrx_word' id='word_1_413' title='bbox 1822 756 2052 799; x_wconf 81' lang='lat' dir='ltr'>incolarum</span> <span class='ocrx_word' id='word_1_414' title='bbox 2083 758 2362 813; x_wconf 60' lang='lat' dir='ltr'>praedictorum</span> 
     </span>
     <span class='ocr_line' id='line_1_71' title="bbox 1365 814 2359 867; baseline 0.004 -9"><span class='ocrx_word' id='word_1_415' title='bbox 1365 815 1515 859; x_wconf 77' lang='lat' dir='ltr'>firmius</span> <span class='ocrx_word' id='word_1_416' title='bbox 1541 817 1932 867; x_wconf 71' lang='lat' dir='ltr'>constabiliatur,‘ad</span> <span class='ocrx_word' id='word_1_417' title='bbox 1959 814 2175 859; x_wconf 72' lang='lat' dir='ltr'>duodecim</span> <span class='ocrx_word' id='word_1_418' title='bbox 2191 820 2359 864; x_wconf 46' lang='lat' dir='ltr'>&#39;frat-tes</span> 
     </span>
     <span class='ocr_line' id='line_1_72' title="bbox 1369 874 2366 932; baseline 0.001 -14"><span class='ocrx_word' id='word_1_419' title='bbox 1369 877 1555 920; x_wconf 83' lang='lat' dir='ltr'>Minores</span> <span class='ocrx_word' id='word_1_420' title='bbox 1569 876 1835 932; x_wconf 65' lang='lat' dir='ltr'>Capucinos5</span> <span class='ocrx_word' id='word_1_421' title='bbox 1854 874 1902 930; x_wconf 75' lang='lat' dir='ltr'>&#39;ex</span> <span class='ocrx_word' id='word_1_422' title='bbox 1928 876 2106 932; x_wconf 86' lang='lat' dir='ltr'>propriis</span> <span class='ocrx_word' id='word_1_423' title='bbox 2137 876 2366 932; x_wconf 84' lang='lat' dir='ltr'>eleemosy-</span> 
     </span>
     <span class='ocr_line' id='line_1_73' title="bbox 1370 933 2362 992; baseline 0.001 -14"><span class='ocrx_word' id='word_1_424' title='bbox 1370 936 1434 979; x_wconf 88' lang='lat' dir='ltr'>nis</span> <span class='ocrx_word' id='word_1_425' title='bbox 1448 935 1636 990; x_wconf 84' lang='lat' dir='ltr'>alendos,</span> <span class='ocrx_word' id='word_1_426' title='bbox 1668 937 1708 977; x_wconf 81' lang='grc' dir='ltr'>δι</span> <span class='ocrx_word' id='word_1_427' title='bbox 1722 934 2006 978; x_wconf 65' lang='grc' dir='ltr'>ΐυίὶεηῑαηάοε,</span> <span class='ocrx_word' id='word_1_428' title='bbox 2023 933 2102 977; x_wconf 87' lang='lat' dir='ltr'>sese</span> <span class='ocrx_word' id='word_1_429' title='bbox 2120 935 2362 992; x_wconf 70' lang='lat' dir='ltr'>obligare-³</span> 
     </span>
     <span class='ocr_line' id='line_1_74' title="bbox 1371 989 2362 1051; baseline 0 -14"><span class='ocrx_word' id='word_1_430' title='bbox 1371 995 1580 1039; x_wconf 80' lang='lat' dir='ltr'>statuerint</span> <span class='ocrx_word' id='word_1_431' title='bbox 1595 1024 1609 1046; x_wconf 79' lang='lat'>‚</span> <span class='ocrx_word' id='word_1_432' title='bbox 1640 994 1770 1051; x_wconf 83' lang='lat' dir='ltr'>sicque</span> <span class='ocrx_word' id='word_1_433' title='bbox 1785 1009 1859 1051; x_wconf 91' lang='lat' dir='ltr'>pro</span> <span class='ocrx_word' id='word_1_434' title='bbox 1875 989 2188 1049; x_wconf 83' lang='lat' dir='ltr'>reintegratione</span> <span class='ocrx_word' id='word_1_435' title='bbox 2217 995 2362 1049; x_wconf 70' lang='lat' dir='ltr'>supra...</span> 
     </span>
     <span class='ocr_line' id='line_1_75' title="bbox 1368 1052 2366 1112; baseline -0.002 -16"><span class='ocrx_word' id='word_1_436' title='bbox 1368 1053 1466 1097; x_wconf 71' lang='lat' dir='ltr'>dieti</span> <span class='ocrx_word' id='word_1_437' title='bbox 1481 1056 1635 1112; x_wconf 87' lang='lat' dir='ltr'>antiqui</span> <span class='ocrx_word' id='word_1_438' title='bbox 1654 1052 1893 1097; x_wconf 69' lang='lat' dir='ltr'>Conventus</span> <span class='ocrx_word' id='word_1_439' title='bbox 1915 1052 1951 1094; x_wconf 91' lang='lat' dir='ltr'>in</span> <span class='ocrx_word' id='word_1_440' title='bbox 1973 1052 2112 1096; x_wconf 86' lang='lat' dir='ltr'>eadem</span> <span class='ocrx_word' id='word_1_441' title='bbox 2133 1053 2249 1096; x_wconf 87' lang='lat' dir='ltr'>Villa</span> <span class='ocrx_word' id='word_1_442' title='bbox 2266 1053 2366 1095; x_wconf 89' lang='lat' dir='ltr'>olim</span> 
     </span>
     <span class='ocr_line' id='line_1_76' title="bbox 1370 1110 2366 1169; baseline 0 -13"><span class='ocrx_word' id='word_1_443' title='bbox 1370 1114 1574 1157; x_wconf 83' lang='lat' dir='ltr'>existentis</span> <span class='ocrx_word' id='word_1_444' title='bbox 1605 1113 1836 1169; x_wconf 80' lang='lat' dir='ltr'>Hospitium</span> <span class='ocrx_word' id='word_1_445' title='bbox 1869 1110 2075 1168; x_wconf 81' lang='lat' dir='ltr'>praefatum</span> <span class='ocrx_word' id='word_1_446' title='bbox 2108 1113 2149 1155; x_wconf 89' lang='lat' dir='ltr'>in</span> <span class='ocrx_word' id='word_1_447' title='bbox 2174 1126 2366 1156; x_wconf 58' lang='lat' dir='ltr'>novum„</span> 
     </span>
     <span class='ocr_line' id='line_1_77' title="bbox 1373 1170 2363 1229; baseline -0.006 -13"><span class='ocrx_word' id='word_1_448' title='bbox 1373 1177 1639 1217; x_wconf 90' lang='lat' dir='ltr'>Conventum</span> <span class='ocrx_word' id='word_1_449' title='bbox 1680 1185 1755 1229; x_wconf 90' lang='lat' dir='ltr'>pro</span> <span class='ocrx_word' id='word_1_450' title='bbox 1784 1170 1998 1215; x_wconf 85' lang='lat' dir='ltr'>duodecim</span> <span class='ocrx_word' id='word_1_451' title='bbox 2034 1171 2237 1214; x_wconf 84' lang='lat' dir='ltr'>Fratribus</span> <span class='ocrx_word' id='word_1_452' title='bbox 2267 1171 2363 1213; x_wconf 69' lang='lat' dir='ltr'>dieti</span> 
     </span>
     <span class='ocr_line' id='line_1_78' title="bbox 1370 1228 2382 1286; baseline -0.007 -11"><span class='ocrx_word' id='word_1_453' title='bbox 1370 1232 1538 1276; x_wconf 87' lang='lat' dir='ltr'>Ordinis</span> <span class='ocrx_word' id='word_1_454' title='bbox 1567 1233 1770 1275; x_wconf 88' lang='lat' dir='ltr'>Minorum</span> <span class='ocrx_word' id='word_1_455' title='bbox 1799 1230 2106 1286; x_wconf 82' lang='lat' dir='ltr'>Capucinorum</span> <span class='ocrx_word' id='word_1_456' title='bbox 2132 1259 2147 1281; x_wconf 87' lang='lat'>,</span> <span class='ocrx_word' id='word_1_457' title='bbox 2185 1243 2263 1274; x_wconf 91' lang='lat' dir='ltr'>non</span> <span class='ocrx_word' id='word_1_458' title='bbox 2294 1228 2382 1286; x_wconf 13' lang='lat' dir='ltr'>ob-y</span> 
     </span>
     <span class='ocr_line' id='line_1_79' title="bbox 1370 1287 2370 1350; baseline -0.006 -15"><span class='ocrx_word' id='word_1_459' title='bbox 1370 1292 1496 1335; x_wconf 86' lang='lat' dir='ltr'>stante</span> <span class='ocrx_word' id='word_1_460' title='bbox 1510 1290 1707 1350; x_wconf 84' lang='lat' dir='ltr'>ejusmodi</span> <span class='ocrx_word' id='word_1_461' title='bbox 1730 1289 1814 1331; x_wconf 87' lang='lat' dir='ltr'>litis</span> <span class='ocrx_word' id='word_1_462' title='bbox 1831 1287 2052 1347; x_wconf 84' lang='lat' dir='ltr'>pendentia</span> <span class='ocrx_word' id='word_1_463' title='bbox 2068 1289 2206 1344; x_wconf 62' lang='lat' dir='ltr'>,flerigi</span> <span class='ocrx_word' id='word_1_464' title='bbox 2222 1317 2235 1340; x_wconf 80' lang='grc'><strong>,</strong></span> <span class='ocrx_word' id='word_1_465' title='bbox 2256 1288 2370 1329; x_wconf 86' lang='lat' dir='ltr'>&amp;in-</span> 
     </span>
     <span class='ocr_line' id='line_1_80' title="bbox 1370 1348 2369 1406; baseline -0.007 -12"><span class='ocrx_word' id='word_1_466' title='bbox 1370 1351 1479 1395; x_wconf 86' lang='lat' dir='ltr'>stitui</span> <span class='ocrx_word' id='word_1_467' title='bbox 1501 1379 1515 1406; x_wconf 86' lang='lat'><strong>,</strong></span> <span class='ocrx_word' id='word_1_468' title='bbox 1548 1349 1802 1405; x_wconf 86' lang='lat' dir='ltr'>summopere</span> <span class='ocrx_word' id='word_1_469' title='bbox 1831 1348 2094 1399; x_wconf 80' lang='lat' dir='ltr'>desiderant3</span> <span class='ocrx_word' id='word_1_470' title='bbox 2126 1348 2240 1390; x_wconf 87' lang='lat' dir='ltr'>nobis</span> <span class='ocrx_word' id='word_1_471' title='bbox 2270 1359 2369 1403; x_wconf 87' lang='lat' dir='ltr'>pro·</span> 
     </span>
     <span class='ocr_line' id='line_1_81' title="bbox 1369 1403 2360 1469; baseline -0.005 -16"><span class='ocrx_word' id='word_1_472' title='bbox 1369 1406 1511 1469; x_wconf 77' lang='lat' dir='ltr'>pterea</span> <span class='ocrx_word' id='word_1_473' title='bbox 1529 1409 1737 1453; x_wconf 84' lang='lat' dir='ltr'>humiliter</span> <span class='ocrx_word' id='word_1_474' title='bbox 1750 1405 1965 1463; x_wconf 84' lang='lat' dir='ltr'>supplicari</span> <span class='ocrx_word' id='word_1_475' title='bbox 1980 1403 2163 1449; x_wconf 82' lang='lat' dir='ltr'>fecerunt</span> <span class='ocrx_word' id='word_1_476' title='bbox 2183 1414 2269 1457; x_wconf 61' lang='lat' dir='ltr'>‚fut</span> <span class='ocrx_word' id='word_1_477' title='bbox 2290 1407 2360 1449; x_wconf 91' lang='lat' dir='ltr'>in..</span> 
     </span>
     <span class='ocr_line' id='line_1_82' title="bbox 1372 1462 2370 1528; baseline -0.005 -16"><span class='ocrx_word' id='word_1_478' title='bbox 1372 1468 1570 1528; x_wconf 82' lang='lat' dir='ltr'>praemiffis</span> <span class='ocrx_word' id='word_1_479' title='bbox 1599 1467 1834 1525; x_wconf 71' lang='lat' dir='ltr'>opportune</span> <span class='ocrx_word' id='word_1_480' title='bbox 1859 1462 2108 1522; x_wconf 81' lang='lat' dir='ltr'>providere,</span> <span class='ocrx_word' id='word_1_481' title='bbox 2135 1466 2171 1507; x_wconf 85' lang='lat'>&amp;</span> <span class='ocrx_word' id='word_1_482' title='bbox 2190 1494 2203 1518; x_wconf 86' lang='lat'><strong>‚</strong></span> <span class='ocrx_word' id='word_1_483' title='bbox 2231 1474 2277 1508; x_wconf 89' lang='lat' dir='ltr'>ut</span> <span class='ocrx_word' id='word_1_484' title='bbox 2303 1467 2370 1507; x_wconf 89' lang='lat' dir='ltr'>in·</span> 
     </span>
     <span class='ocr_line' id='line_1_83' title="bbox 1371 1524 2373 1585; baseline -0.008 -12"><span class='ocrx_word' id='word_1_485' title='bbox 1371 1527 1429 1574; x_wconf 61' lang='lat' dir='ltr'>fra</span> <span class='ocrx_word' id='word_1_486' title='bbox 1444 1557 1458 1581; x_wconf 87' lang='lat'>‚</span> <span class='ocrx_word' id='word_1_487' title='bbox 1489 1527 1701 1585; x_wconf 83' lang='lat' dir='ltr'>indulgere</span> <span class='ocrx_word' id='word_1_488' title='bbox 1714 1526 2030 1582; x_wconf 77' lang='lat' dir='ltr'>debenignitate</span> <span class='ocrx_word' id='word_1_489' title='bbox 2045 1524 2277 1580; x_wconf 86' lang='lat' dir='ltr'>Apostolica</span> <span class='ocrx_word' id='word_1_490' title='bbox 2299 1524 2373 1574; x_wconf 43' lang='lat' dir='ltr'>‹ii-2</span> 
     </span>
     <span class='ocr_line' id='line_1_84' title="bbox 1369 1581 2365 1646; baseline -0.007 -16"><span class='ocrx_word' id='word_1_491' title='bbox 1369 1601 1585 1646; x_wconf 84' lang='lat' dir='ltr'>gnaremur</span> <span class='ocrx_word' id='word_1_492' title='bbox 1609 1619 1620 1628; x_wconf 90' lang='lat'>.</span> <span class='ocrx_word' id='word_1_493' title='bbox 1649 1590 1737 1630; x_wconf 85' lang='lat' dir='ltr'>Nos</span> <span class='ocrx_word' id='word_1_494' title='bbox 1757 1585 1881 1639; x_wconf 85' lang='lat' dir='ltr'>igitur</span> <span class='ocrx_word' id='word_1_495' title='bbox 1906 1582 2130 1637; x_wconf 84' lang='lat' dir='ltr'>hujusmodi</span> <span class='ocrx_word' id='word_1_496' title='bbox 2166 1581 2365 1638; x_wconf 83' lang='lat' dir='ltr'>supplica·</span> 
     </span>
     <span class='ocr_line' id='line_1_85' title="bbox 1370 1642 2367 1697; baseline -0.006 -8"><span class='ocrx_word' id='word_1_497' title='bbox 1370 1647 1546 1690; x_wconf 90' lang='lat' dir='ltr'>tionibus</span> <span class='ocrx_word' id='word_1_498' title='bbox 1562 1644 1768 1695; x_wconf 78' lang='lat' dir='ltr'>inclinati,</span> <span class='ocrx_word' id='word_1_499' title='bbox 1783 1642 2048 1686; x_wconf 84' lang='lat' dir='ltr'>Fraternitati</span> <span class='ocrx_word' id='word_1_500' title='bbox 2062 1643 2158 1683; x_wconf 81' lang='lat' dir='ltr'>Tuae</span> <span class='ocrx_word' id='word_1_501' title='bbox 2173 1656 2246 1697; x_wconf 91' lang='lat' dir='ltr'>per</span> <span class='ocrx_word' id='word_1_502' title='bbox 2259 1654 2367 1697; x_wconf 81' lang='lat' dir='ltr'>prae·</span> 
     </span>
     <span class='ocr_line' id='line_1_86' title="bbox 1373 1699 2373 1752; baseline -0.007 -4"><span class='ocrx_word' id='word_1_503' title='bbox 1373 1704 1504 1749; x_wconf 90' lang='lat' dir='ltr'>sentes</span> <span class='ocrx_word' id='word_1_504' title='bbox 1517 1703 1810 1747; x_wconf 89' lang='lat' dir='ltr'>committimus</span> <span class='ocrx_word' id='word_1_505' title='bbox 1830 1729 1844 1752; x_wconf 81' lang='lat'>,</span> <span class='ocrx_word' id='word_1_506' title='bbox 1875 1703 1915 1743; x_wconf 76' lang='grc' dir='ltr'>δι</span> <span class='ocrx_word' id='word_1_507' title='bbox 1930 1699 2168 1743; x_wconf 88' lang='lat' dir='ltr'>mandamus</span> <span class='ocrx_word' id='word_1_508' title='bbox 2184 1730 2199 1751; x_wconf 88' lang='lat'>,</span> <span class='ocrx_word' id='word_1_509' title='bbox 2227 1709 2273 1743; x_wconf 92' lang='lat' dir='ltr'>ut</span> <span class='ocrx_word' id='word_1_510' title='bbox 2297 1699 2373 1741; x_wconf 60' lang='lat' dir='ltr'>‘Ve-</span> 
     </span>
     <span class='ocr_line' id='line_1_87' title="bbox 1373 1758 2368 1812; baseline -0.008 -5"><span class='ocrx_word' id='word_1_511' title='bbox 1373 1765 1428 1807; x_wconf 84' lang='lat' dir='ltr'>ris</span> <span class='ocrx_word' id='word_1_512' title='bbox 1454 1764 1711 1806; x_wconf 86' lang='lat' dir='ltr'>existentibus</span> <span class='ocrx_word' id='word_1_513' title='bbox 1739 1761 1911 1805; x_wconf 85' lang='lat' dir='ltr'>narratis</span> <span class='ocrx_word' id='word_1_514' title='bbox 1928 1788 1942 1811; x_wconf 83' lang='lat'><strong>,</strong></span> <span class='ocrx_word' id='word_1_515' title='bbox 1969 1773 2013 1800; x_wconf 87' lang='lat' dir='ltr'>ac</span> <span class='ocrx_word' id='word_1_516' title='bbox 2044 1759 2219 1803; x_wconf 85' lang='lat' dir='ltr'>constito</span> <span class='ocrx_word' id='word_1_517' title='bbox 2243 1758 2368 1812; x_wconf 80' lang='lat' dir='ltr'>Tibi,</span> 
     </span>
     <span class='ocr_line' id='line_1_88' title="bbox 1376 1818 2375 1878; baseline -0.006 -14"><span class='ocrx_word' id='word_1_518' title='bbox 1376 1821 1486 1878; x_wconf 90' lang='lat' dir='ltr'>quod</span> <span class='ocrx_word' id='word_1_519' title='bbox 1505 1834 1552 1861; x_wconf 83' lang='lat' dir='ltr'>ex</span> <span class='ocrx_word' id='word_1_520' title='bbox 1567 1819 1749 1866; x_wconf 81' lang='lat' dir='ltr'>fidelium</span> <span class='ocrx_word' id='word_1_521' title='bbox 1765 1818 2032 1871; x_wconf 84' lang='lat' dir='ltr'>eleemosynis</span> <span class='ocrx_word' id='word_1_522' title='bbox 2054 1830 2244 1859; x_wconf 76' lang='lat' dir='ltr'>numerus</span> <span class='ocrx_word' id='word_1_523' title='bbox 2270 1830 2375 1871; x_wconf 64' lang='lat' dir='ltr'>prae-</span> 
     </span>
     <span class='ocr_line' id='line_1_89' title="bbox 1376 1873 2368 1933; baseline -0.004 -10"><span class='ocrx_word' id='word_1_524' title='bbox 1376 1881 1508 1923; x_wconf 61' lang='lat' dir='ltr'>dietus</span> <span class='ocrx_word' id='word_1_525' title='bbox 1524 1877 1740 1922; x_wconf 89' lang='lat' dir='ltr'>duodecim</span> <span class='ocrx_word' id='word_1_526' title='bbox 1756 1876 2052 1933; x_wconf 82' lang='lat' dir='ltr'>Religiosorum</span> <span class='ocrx_word' id='word_1_527' title='bbox 2068 1873 2282 1919; x_wconf 69' lang='lat' dir='ltr'>commode</span> <span class='ocrx_word' id='word_1_528' title='bbox 2296 1875 2368 1919; x_wconf 74' lang='lat' dir='ltr'>in..-</span> 
     </span>
     <span class='ocr_line' id='line_1_90' title="bbox 1379 1934 2365 1993; baseline -0.006 -10"><span class='ocrx_word' id='word_1_529' title='bbox 1379 1939 1483 1983; x_wconf 75' lang='lat' dir='ltr'>die‘ta</span> <span class='ocrx_word' id='word_1_530' title='bbox 1502 1937 1613 1982; x_wconf 90' lang='lat' dir='ltr'>Villa</span> <span class='ocrx_word' id='word_1_531' title='bbox 1642 1937 1695 1981; x_wconf 87' lang='lat' dir='ltr'>ali</span> <span class='ocrx_word' id='word_1_532' title='bbox 1723 1934 1836 1993; x_wconf 85' lang='lat' dir='ltr'>poffit</span> <span class='ocrx_word' id='word_1_533' title='bbox 1852 1965 1866 1988; x_wconf 82' lang='lat'>‚</span> <span class='ocrx_word' id='word_1_534' title='bbox 1890 1949 1966 1979; x_wconf 89' lang='lat' dir='ltr'>nce</span> <span class='ocrx_word' id='word_1_535' title='bbox 1998 1947 2108 1986; x_wconf 83' lang='lat' dir='ltr'>non,</span> <span class='ocrx_word' id='word_1_536' title='bbox 2131 1935 2365 1992; x_wconf 65' lang='lat' dir='ltr'>postquam,</span> 
     </span>
     <span class='ocr_line' id='line_1_91' title="bbox 1382 1993 2373 2047; baseline -0.008 -5"><span class='ocrx_word' id='word_1_537' title='bbox 1382 1997 1536 2043; x_wconf 71' lang='lat' dir='ltr'>fabrica</span> <span class='ocrx_word' id='word_1_538' title='bbox 1558 1998 1652 2042; x_wconf 82' lang='lat' dir='ltr'>novi</span> <span class='ocrx_word' id='word_1_539' title='bbox 1672 1993 1910 2040; x_wconf 70' lang='lat' dir='ltr'>Conventus</span> <span class='ocrx_word' id='word_1_540' title='bbox 1925 2006 2015 2038; x_wconf 90' lang='lat' dir='ltr'>cum</span> <span class='ocrx_word' id='word_1_541' title='bbox 2032 1993 2213 2038; x_wconf 86' lang='lat' dir='ltr'>Ecclesia</span> <span class='ocrx_word' id='word_1_542' title='bbox 2226 2023 2240 2047; x_wconf 88' lang='lat'>‚</span> <span class='ocrx_word' id='word_1_543' title='bbox 2252 1997 2373 2037; x_wconf 84' lang='lat' dir='ltr'>Cam.</span> 
     </span>
     <span class='ocr_line' id='line_1_92' title="bbox 1379 2051 2372 2113; baseline -0.004 -14"><span class='ocrx_word' id='word_1_544' title='bbox 1379 2057 1503 2113; x_wconf 88' lang='lat' dir='ltr'>panili</span> <span class='ocrx_word' id='word_1_545' title='bbox 1518 2086 1533 2109; x_wconf 87' lang='lat'>,</span> <span class='ocrx_word' id='word_1_546' title='bbox 1557 2059 1704 2100; x_wconf 87' lang='lat' dir='ltr'>Choro</span> <span class='ocrx_word' id='word_1_547' title='bbox 1724 2083 1737 2106; x_wconf 86' lang='lat'>‚</span> <span class='ocrx_word' id='word_1_548' title='bbox 1752 2052 1963 2100; x_wconf 76' lang='lat' dir='ltr'>sacristia,</span> <span class='ocrx_word' id='word_1_549' title='bbox 1981 2051 2243 2096; x_wconf 87' lang='lat' dir='ltr'>Dormitorio</span> <span class='ocrx_word' id='word_1_550' title='bbox 2258 2053 2372 2103; x_wconf 74' lang='lat' dir='ltr'>,Re-</span> 
     </span>
     <span class='ocr_line' id='line_1_93' title="bbox 1377 2110 2373 2166; baseline -0.004 -11"><span class='ocrx_word' id='word_1_551' title='bbox 1377 2114 1550 2155; x_wconf 65' lang='lat' dir='ltr'>fectorio&#39;</span> <span class='ocrx_word' id='word_1_552' title='bbox 1564 2140 1578 2162; x_wconf 80' lang='lat'>‚</span> <span class='ocrx_word' id='word_1_553' title='bbox 1609 2113 1771 2166; x_wconf 87' lang='lat' dir='ltr'>aliisque</span> <span class='ocrx_word' id='word_1_554' title='bbox 1786 2110 2000 2162; x_wconf 76' lang='lat' dir='ltr'>officinis,</span> <span class='ocrx_word' id='word_1_555' title='bbox 2021 2112 2172 2154; x_wconf 72' lang='lat' dir='ltr'>&#39;Hortis</span> <span class='ocrx_word' id='word_1_556' title='bbox 2188 2140 2201 2164; x_wconf 84' lang='lat'>‚</span> <span class='ocrx_word' id='word_1_557' title='bbox 2226 2114 2263 2153; x_wconf 84' lang='lat'>&amp;</span> <span class='ocrx_word' id='word_1_558' title='bbox 2286 2113 2373 2166; x_wconf 82' lang='lat' dir='ltr'>spa-</span> 
     </span>
     <span class='ocr_line' id='line_1_94' title="bbox 1378 2166 2371 2219; baseline -0.002 -6"><span class='ocrx_word' id='word_1_559' title='bbox 1378 2172 1443 2214; x_wconf 89' lang='lat' dir='ltr'>tiis</span> <span class='ocrx_word' id='word_1_560' title='bbox 1462 2168 1585 2211; x_wconf 86' lang='lat' dir='ltr'>suerit</span> <span class='ocrx_word' id='word_1_561' title='bbox 1601 2170 1776 2211; x_wconf 88' lang='lat' dir='ltr'>numeris</span> <span class='ocrx_word' id='word_1_562' title='bbox 1795 2168 1980 2211; x_wconf 91' lang='lat' dir='ltr'>omnibus</span> <span class='ocrx_word' id='word_1_563' title='bbox 2007 2168 2188 2211; x_wconf 75' lang='lat' dir='ltr'>absoluta</span> <span class='ocrx_word' id='word_1_564' title='bbox 2207 2196 2221 2219; x_wconf 82' lang='lat'>,</span> <span class='ocrx_word' id='word_1_565' title='bbox 2242 2169 2283 2209; x_wconf 88' lang='lat'>&amp;</span> <span class='ocrx_word' id='word_1_566' title='bbox 2307 2166 2371 2211; x_wconf 84' lang='lat' dir='ltr'>su·</span> 
     </span>
     <span class='ocr_line' id='line_1_95' title="bbox 1379 2225 2368 2286; baseline -0.003 -15"><span class='ocrx_word' id='word_1_567' title='bbox 1379 2228 1644 2286; x_wconf 70' lang='lat' dir='ltr'>pelleffllibus</span> <span class='ocrx_word' id='word_1_568' title='bbox 1658 2227 1777 2271; x_wconf 82' lang='lat' dir='ltr'>sacris</span> <span class='ocrx_word' id='word_1_569' title='bbox 1791 2257 1805 2278; x_wconf 82' lang='lat'><strong>,</strong></span> <span class='ocrx_word' id='word_1_570' title='bbox 1834 2228 1871 2268; x_wconf 77' lang='grc' dir='ltr'>δι</span> <span class='ocrx_word' id='word_1_571' title='bbox 1889 2226 2108 2283; x_wconf 88' lang='lat' dir='ltr'>prophanis</span> <span class='ocrx_word' id='word_1_572' title='bbox 2125 2225 2368 2269; x_wconf 85' lang='lat' dir='ltr'>sufficienter</span> 
     </span>
     <span class='ocr_line' id='line_1_96' title="bbox 1377 2284 2369 2342; baseline -0.003 -13"><span class='ocrx_word' id='word_1_573' title='bbox 1377 2287 1564 2329; x_wconf 56' lang='lat' dir='ltr'>instrut‘sta</span> <span class='ocrx_word' id='word_1_574' title='bbox 1591 2315 1606 2335; x_wconf 87' lang='lat'>‚</span> <span class='ocrx_word' id='word_1_575' title='bbox 1643 2286 1692 2326; x_wconf 86' lang='lat' dir='ltr'>ad</span> <span class='ocrx_word' id='word_1_576' title='bbox 1723 2287 1888 2340; x_wconf 85' lang='lat' dir='ltr'>petitam</span> <span class='ocrx_word' id='word_1_577' title='bbox 1920 2287 2165 2342; x_wconf 59' lang='lat' dir='ltr'>e&#39;reQioncm</span> <span class='ocrx_word' id='word_1_578' title='bbox 2193 2284 2369 2341; x_wconf 81' lang='lat' dir='ltr'>Hospitii</span> 
     </span>
     <span class='ocr_line' id='line_1_97' title="bbox 1380 2342 2374 2402; baseline -0.002 -15"><span class='ocrx_word' id='word_1_579' title='bbox 1380 2343 1560 2402; x_wconf 67' lang='lat' dir='ltr'>praedieii</span> <span class='ocrx_word' id='word_1_580' title='bbox 1590 2344 1629 2384; x_wconf 90' lang='lat' dir='ltr'>in</span> <span class='ocrx_word' id='word_1_581' title='bbox 1655 2357 1807 2386; x_wconf 90' lang='lat' dir='ltr'>novum</span> <span class='ocrx_word' id='word_1_582' title='bbox 1821 2346 2101 2385; x_wconf 83' lang='lat' dir='ltr'>conventum.</span> <span class='ocrx_word' id='word_1_583' title='bbox 2118 2347 2192 2398; x_wconf 88' lang='lat' dir='ltr'>pr&#39;o</span> <span class='ocrx_word' id='word_1_584' title='bbox 2219 2342 2374 2385; x_wconf 73' lang='lat' dir='ltr'>duode-</span> 
     </span>
     <span class='ocr_line' id='line_1_98' title="bbox 1379 2400 2371 2458; baseline 0 -12"><span class='ocrx_word' id='word_1_585' title='bbox 1379 2405 1458 2446; x_wconf 90' lang='lat' dir='ltr'>cim</span> <span class='ocrx_word' id='word_1_586' title='bbox 1491 2403 1697 2445; x_wconf 84' lang='lat' dir='ltr'>Fratribus</span> <span class='ocrx_word' id='word_1_587' title='bbox 1735 2401 1913 2458; x_wconf 80' lang='lat' dir='ltr'>ejusdem</span> <span class='ocrx_word' id='word_1_588' title='bbox 1938 2400 2104 2446; x_wconf 91' lang='lat' dir='ltr'>Ordinis</span> <span class='ocrx_word' id='word_1_589' title='bbox 2133 2400 2371 2446; x_wconf 82' lang='lat' dir='ltr'>Minorum..</span> 
     </span>
     <span class='ocr_line' id='line_1_99' title="bbox 1378 2461 2368 2517; baseline 0.003 -13"><span class='ocrx_word' id='word_1_590' title='bbox 1378 2463 1510 2506; x_wconf 64' lang='lat' dir='ltr'>Sanni</span> <span class='ocrx_word' id='word_1_591' title='bbox 1531 2461 1724 2504; x_wconf 81' lang='lat' dir='ltr'>Francisci</span> <span class='ocrx_word' id='word_1_592' title='bbox 1739 2461 2041 2517; x_wconf 82' lang='lat' dir='ltr'>Capucinorum</span> <span class='ocrx_word' id='word_1_593' title='bbox 2071 2461 2368 2507; x_wconf 66' lang='lat' dir='ltr'>auctoritate-a</span> 
     </span>
    </p>
   </div>
   <div class='ocr_carea' id='block_1_7' title="bbox 1366 2514 2376 2577">
    <p class='ocr_par' dir='ltr' id='par_1_8' title="bbox 1366 2514 2376 2577">
     <span class='ocr_line' id='line_1_100' title="bbox 1366 2514 2376 2577; baseline -0.008 -11"><span class='ocrx_word' id='word_1_594' title='bbox 1366 2521 1752 2576; x_wconf 76' lang='lat' dir='ltr'>-nostraApostolica</span> <span class='ocrx_word' id='word_1_595' title='bbox 1776 2534 1852 2577; x_wconf 92' lang='lat' dir='ltr'>pro</span> <span class='ocrx_word' id='word_1_596' title='bbox 1880 2529 1953 2562; x_wconf 89' lang='lat' dir='ltr'>tuo</span> <span class='ocrx_word' id='word_1_597' title='bbox 1980 2518 2182 2571; x_wconf 80' lang='lat' dir='ltr'>arbitrio,</span> <span class='ocrx_word' id='word_1_598' title='bbox 2207 2521 2247 2562; x_wconf 79' lang='grc' dir='ltr'>δι</span> <span class='ocrx_word' id='word_1_599' title='bbox 2272 2514 2376 2563; x_wconf 62' lang='lat' dir='ltr'>conss.</span> 
     </span>
    </p>
   </div>
   <div class='ocr_carea' id='block_1_8' title="bbox 1377 2577 2379 3404">
    <p class='ocr_par' dir='ltr' id='par_1_9' title="bbox 1377 2577 2379 3170">
     <span class='ocr_line' id='line_1_101' title="bbox 1380 2577 2368 2635; baseline -0.004 -11"><span class='ocrx_word' id='word_1_600' title='bbox 1380 2580 1542 2629; x_wconf 86' lang='lat' dir='ltr'>scientia</span> <span class='ocrx_word' id='word_1_601' title='bbox 1558 2580 1757 2635; x_wconf 85' lang='lat' dir='ltr'>procedas</span> <span class='ocrx_word' id='word_1_602' title='bbox 1777 2605 1791 2628; x_wconf 68' lang='lat' dir='ltr'>a</span> <span class='ocrx_word' id='word_1_603' title='bbox 1818 2577 1973 2621; x_wconf 71' lang='lat' dir='ltr'>servata</span> <span class='ocrx_word' id='word_1_604' title='bbox 1987 2589 2124 2621; x_wconf 87' lang='lat' dir='ltr'>tamen</span> <span class='ocrx_word' id='word_1_605' title='bbox 2145 2579 2184 2619; x_wconf 92' lang='lat' dir='ltr'>in</span> <span class='ocrx_word' id='word_1_606' title='bbox 2201 2579 2368 2634; x_wconf 79' lang='lat' dir='ltr'>reliquis</span> 
     </span>
     <span class='ocr_line' id='line_1_102' title="bbox 1380 2636 2373 2694; baseline -0.005 -9"><span class='ocrx_word' id='word_1_607' title='bbox 1380 2639 1729 2685; x_wconf 85' lang='lat' dir='ltr'>Constitutionum</span> <span class='ocrx_word' id='word_1_608' title='bbox 1760 2637 2083 2694; x_wconf 83' lang='lat' dir='ltr'>Apostolicarum</span> <span class='ocrx_word' id='word_1_609' title='bbox 2108 2637 2215 2678; x_wconf 89' lang='lat' dir='ltr'>circa</span> <span class='ocrx_word' id='word_1_610' title='bbox 2245 2636 2373 2680; x_wconf 82' lang='lat' dir='ltr'>islius·</span> 
     </span>
     <span class='ocr_line' id='line_1_103' title="bbox 1381 2697 2371 2743; baseline -0.004 0"><span class='ocrx_word' id='word_1_611' title='bbox 1381 2699 1492 2743; x_wconf 91' lang='lat' dir='ltr'>modi</span> <span class='ocrx_word' id='word_1_612' title='bbox 1508 2711 1710 2741; x_wconf 88' lang='lat' dir='ltr'>novorum</span> <span class='ocrx_word' id='word_1_613' title='bbox 1725 2700 1952 2740; x_wconf 89' lang='lat' dir='ltr'>Domorum</span> <span class='ocrx_word' id='word_1_614' title='bbox 1967 2697 2212 2739; x_wconf 69' lang='lat' dir='ltr'>eret‘iionem</span> <span class='ocrx_word' id='word_1_615' title='bbox 2238 2697 2371 2739; x_wconf 89' lang='lat' dir='ltr'>edita-</span> 
     </span>
     <span class='ocr_line' id='line_1_104' title="bbox 1380 2753 2372 2813; baseline -0.004 -10"><span class='ocrx_word' id='word_1_616' title='bbox 1380 2773 1471 2803; x_wconf 86' lang='lat' dir='ltr'>rum</span> <span class='ocrx_word' id='word_1_617' title='bbox 1489 2755 1621 2799; x_wconf 72' lang='lat' dir='ltr'>forma</span> <span class='ocrx_word' id='word_1_618' title='bbox 1636 2754 1962 2813; x_wconf 78' lang='lat' dir='ltr'>&amp;dispositione,</span> <span class='ocrx_word' id='word_1_619' title='bbox 1977 2770 2055 2799; x_wconf 92' lang='lat' dir='ltr'>non</span> <span class='ocrx_word' id='word_1_620' title='bbox 2067 2753 2252 2798; x_wconf 83' lang='lat' dir='ltr'>obstante</span> <span class='ocrx_word' id='word_1_621' title='bbox 2266 2755 2372 2799; x_wconf 61' lang='lat' dir='ltr'>dicia</span> 
     </span>
     <span class='ocr_line' id='line_1_105' title="bbox 1380 2813 2372 2872; baseline -0.005 -10"><span class='ocrx_word' id='word_1_622' title='bbox 1380 2819 1462 2862; x_wconf 83' lang='lat' dir='ltr'>litis</span> <span class='ocrx_word' id='word_1_623' title='bbox 1479 2818 1721 2871; x_wconf 85' lang='lat' dir='ltr'>pendentia,</span> <span class='ocrx_word' id='word_1_624' title='bbox 1750 2813 1909 2872; x_wconf 86' lang='lat' dir='ltr'>aliisque</span> <span class='ocrx_word' id='word_1_625' title='bbox 1922 2813 2125 2871; x_wconf 83' lang='lat' dir='ltr'>praemisfis</span> <span class='ocrx_word' id='word_1_626' title='bbox 2142 2843 2158 2865; x_wconf 88' lang='lat'><strong>,</strong></span> <span class='ocrx_word' id='word_1_627' title='bbox 2186 2828 2262 2856; x_wconf 87' lang='lat' dir='ltr'>nec</span> <span class='ocrx_word' id='word_1_628' title='bbox 2291 2828 2372 2857; x_wconf 84' lang='lat' dir='ltr'>non</span> 
     </span>
     <span class='ocr_line' id='line_1_106' title="bbox 1381 2872 2374 2935; baseline -0.002 -15"><span class='ocrx_word' id='word_1_629' title='bbox 1381 2875 1644 2935; x_wconf 77' lang='lat' dir='ltr'>praefatorum</span> <span class='ocrx_word' id='word_1_630' title='bbox 1658 2874 1861 2918; x_wconf 77' lang='lat' dir='ltr'>Ord&#39;inum</span> <span class='ocrx_word' id='word_1_631' title='bbox 1875 2902 1890 2925; x_wconf 79' lang='lat'>,</span> <span class='ocrx_word' id='word_1_632' title='bbox 1915 2888 1961 2916; x_wconf 89' lang='lat' dir='ltr'>ac</span> <span class='ocrx_word' id='word_1_633' title='bbox 1977 2874 2095 2917; x_wconf 77' lang='lat' dir='ltr'>Villae</span> <span class='ocrx_word' id='word_1_634' title='bbox 2110 2902 2126 2925; x_wconf 87' lang='lat'>‚</span> <span class='ocrx_word' id='word_1_635' title='bbox 2152 2872 2374 2930; x_wconf 66' lang='lat' dir='ltr'>aliisque-s</span> 
     </span>
     <span class='ocr_line' id='line_1_107' title="bbox 1377 2931 2379 2994; baseline -0.003 -16"><span class='ocrx_word' id='word_1_636' title='bbox 1377 2935 1582 2994; x_wconf 84' lang='lat' dir='ltr'>quibusvis</span> <span class='ocrx_word' id='word_1_637' title='bbox 1600 2965 1616 2988; x_wconf 82' lang='lat'>‚</span> <span class='ocrx_word' id='word_1_638' title='bbox 1641 2935 1764 2978; x_wconf 89' lang='lat' dir='ltr'>etiam</span> <span class='ocrx_word' id='word_1_639' title='bbox 1783 2934 2040 2989; x_wconf 76' lang='lat' dir='ltr'>juramento,</span> <span class='ocrx_word' id='word_1_640' title='bbox 2071 2931 2379 2975; x_wconf 79' lang='lat' dir='ltr'>confirmatione:</span> 
     </span>
     <span class='ocr_line' id='line_1_108' title="bbox 1380 2990 2378 3053; baseline -0.005 -13"><span class='ocrx_word' id='word_1_641' title='bbox 1380 2994 1611 3053; x_wconf 84' lang='lat' dir='ltr'>Apostolica</span> <span class='ocrx_word' id='word_1_642' title='bbox 1624 3020 1642 3047; x_wconf 87' lang='lat'>,</span> <span class='ocrx_word' id='word_1_643' title='bbox 1669 2994 1732 3037; x_wconf 83' lang='lat' dir='ltr'>vel</span> <span class='ocrx_word' id='word_1_644' title='bbox 1755 2993 1833 3037; x_wconf 86' lang='lat' dir='ltr'>alia</span> <span class='ocrx_word' id='word_1_645' title='bbox 1847 2994 1985 3051; x_wconf 87' lang='lat' dir='ltr'>quavis</span> <span class='ocrx_word' id='word_1_646' title='bbox 2004 2990 2197 3034; x_wconf 83' lang='lat' dir='ltr'>firmitate</span> <span class='ocrx_word' id='word_1_647' title='bbox 2211 2993 2378 3036; x_wconf 86' lang='lat' dir='ltr'>robora-</span> 
     </span>
     <span class='ocr_line' id='line_1_109' title="bbox 1379 3050 2377 3110; baseline -0.004 -12"><span class='ocrx_word' id='word_1_648' title='bbox 1379 3058 1430 3098; x_wconf 86' lang='lat' dir='ltr'>tis</span> <span class='ocrx_word' id='word_1_649' title='bbox 1446 3081 1461 3104; x_wconf 79' lang='lat'>‚</span> <span class='ocrx_word' id='word_1_650' title='bbox 1493 3055 1644 3097; x_wconf 82' lang='lat' dir='ltr'>statutis</span> <span class='ocrx_word' id='word_1_651' title='bbox 1675 3055 1752 3096; x_wconf 75' lang='grc' dir='ltr'>διε.</span> <span class='ocrx_word' id='word_1_652' title='bbox 1778 3052 2015 3110; x_wconf 83' lang='lat' dir='ltr'>caeterisque</span> <span class='ocrx_word' id='word_1_653' title='bbox 2043 3051 2257 3094; x_wconf 78' lang='lat' dir='ltr'>contrariis</span> <span class='ocrx_word' id='word_1_654' title='bbox 2283 3050 2377 3108; x_wconf 58' lang='lat' dir='ltr'>qui·⁴</span> 
     </span>
     <span class='ocr_line' id='line_1_110' title="bbox 1379 3115 2374 3170; baseline -0.006 -14"><span class='ocrx_word' id='word_1_655' title='bbox 1379 3115 1614 3170; x_wconf 74' lang='lat' dir='ltr'>bufiiunque</span> <span class='ocrx_word' id='word_1_656' title='bbox 1632 3144 1644 3158; x_wconf 86' lang='lat'><strong>.</strong></span> <span class='ocrx_word' id='word_1_657' title='bbox 2204 3146 2209 3151; x_wconf 94' lang='lat'>.</span> <span class='ocrx_word' id='word_1_658' title='bbox 2273 3147 2275 3151; x_wconf 19' lang='grc' dir='ltr'><em>Α</em></span> <span class='ocrx_word' id='word_1_659' title='bbox 2370 3133 2374 3138; x_wconf 90' lang='lat'><strong>·</strong></span> 
     </span>
    </p>

    <p class='ocr_par' dir='ltr' id='par_1_10' title="bbox 1377 3169 2378 3404">
     <span class='ocr_line' id='line_1_111' title="bbox 1497 3169 2365 3228; baseline -0.003 -13"><span class='ocrx_word' id='word_1_660' title='bbox 1497 3176 1647 3216; x_wconf 82' lang='lat' dir='ltr'>Datum</span> <span class='ocrx_word' id='word_1_661' title='bbox 1670 3175 1811 3217; x_wconf 84' lang='lat' dir='ltr'>Romae</span> <span class='ocrx_word' id='word_1_662' title='bbox 1833 3170 1938 3228; x_wconf 85' lang='lat' dir='ltr'>apud</span> <span class='ocrx_word' id='word_1_663' title='bbox 1957 3171 2140 3213; x_wconf 69' lang='lat' dir='ltr'>Sanctam</span> <span class='ocrx_word' id='word_1_664' title='bbox 2155 3169 2365 3212; x_wconf 53' lang='lat' dir='ltr'>Mariam.)</span> 
     </span>
     <span class='ocr_line' id='line_1_112' title="bbox 1377 3226 2378 3285; baseline -0.005 -12"><span class='ocrx_word' id='word_1_665' title='bbox 1377 3229 1576 3285; x_wconf 79' lang='lat' dir='ltr'>Maiorem</span> <span class='ocrx_word' id='word_1_666' title='bbox 1606 3232 1677 3275; x_wconf 88' lang='lat' dir='ltr'>sub</span> <span class='ocrx_word' id='word_1_667' title='bbox 1698 3231 1860 3275; x_wconf 83' lang='lat' dir='ltr'>Annulo</span> <span class='ocrx_word' id='word_1_668' title='bbox 1875 3226 2091 3275; x_wconf 75' lang='lat' dir='ltr'>piscatoris</span> <span class='ocrx_word' id='word_1_669' title='bbox 2117 3227 2184 3270; x_wconf 88' lang='lat' dir='ltr'>die</span> <span class='ocrx_word' id='word_1_670' title='bbox 2209 3242 2275 3269; x_wconf 69' lang='lat' dir='ltr'>xi.</span> <span class='ocrx_word' id='word_1_671' title='bbox 2295 3228 2378 3269; x_wconf 86' lang='lat' dir='ltr'>De.-</span> 
     </span>
     <span class='ocr_line' id='line_1_113' title="bbox 1379 3283 2378 3334; baseline -0.009 -1"><span class='ocrx_word' id='word_1_672' title='bbox 1379 3289 1550 3333; x_wconf 89' lang='lat' dir='ltr'>cembris</span> <span class='ocrx_word' id='word_1_673' title='bbox 1565 3304 1671 3333; x_wconf 83' lang='lat' dir='ltr'>anno</span> <span class='ocrx_word' id='word_1_674' title='bbox 1682 3302 1953 3334; x_wconf 78' lang='lat' dir='ltr'>Moccxxxiv.</span> <span class='ocrx_word' id='word_1_675' title='bbox 1969 3283 2234 3330; x_wconf 76' lang='lat' dir='ltr'>Pontificatfis</span> <span class='ocrx_word' id='word_1_676' title='bbox 2248 3286 2378 3332; x_wconf 65' lang='lat' dir='ltr'>nostri,</span> 
     </span>
     <span class='ocr_line' id='line_1_114' title="bbox 1378 3349 1678 3404; baseline -0.003 -11"><span class='ocrx_word' id='word_1_677' title='bbox 1378 3352 1500 3393; x_wconf 82' lang='lat' dir='ltr'>Anno</span> <span class='ocrx_word' id='word_1_678' title='bbox 1512 3349 1678 3404; x_wconf 81' lang='lat' dir='ltr'>quinto.</span> 
     </span>
    </p>
   </div>
   <div class='ocr_carea' id='block_1_9' title="bbox 1439 3432 2378 3582">
    <p class='ocr_par' dir='ltr' id='par_1_11' title="bbox 1439 3432 2378 3582">
     <span class='ocr_line' id='line_1_115' title="bbox 1439 3432 2378 3524; baseline -0.004 -12"><span class='ocrx_word' id='word_1_679' title='bbox 1439 3465 1689 3524; x_wconf 82' lang='lat' dir='ltr'>Autograpb.</span> <span class='ocrx_word' id='word_1_680' title='bbox 1705 3468 1746 3509; x_wconf 69' lang='lat' dir='ltr'>dn</span> <span class='ocrx_word' id='word_1_681' title='bbox 1760 3432 1930 3509; x_wconf 63' lang='lat' dir='ltr'>Arcin‘vo</span> <span class='ocrx_word' id='word_1_682' title='bbox 1948 3467 2092 3506; x_wconf 80' lang='lat' dir='ltr'>secret.</span> <span class='ocrx_word' id='word_1_683' title='bbox 2105 3467 2225 3507; x_wconf 76' lang='lat' dir='ltr'>Brev-</span> <span class='ocrx_word' id='word_1_684' title='bbox 2239 3433 2378 3521; x_wconf 35' lang='lat' dir='ltr'>Aposts</span> 
     </span>
     <span class='ocr_line' id='line_1_116' title="bbox 1495 3522 2377 3582; baseline -0.002 -12"><span class='ocrx_word' id='word_1_685' title='bbox 1495 3526 1651 3582; x_wconf 78' lang='lat' dir='ltr'>Regesto</span> <span class='ocrx_word' id='word_1_686' title='bbox 1667 3524 1797 3582; x_wconf 83' lang='lat' dir='ltr'>mensts</span> <span class='ocrx_word' id='word_1_687' title='bbox 1812 3554 1829 3578; x_wconf 84' lang='lat'>,</span> <span class='ocrx_word' id='word_1_688' title='bbox 1858 3524 1911 3575; x_wconf 58' lang='grc' dir='ltr'>όν</span> <span class='ocrx_word' id='word_1_689' title='bbox 1927 3527 2025 3568; x_wconf 74' lang='lat' dir='ltr'>anni</span> <span class='ocrx_word' id='word_1_690' title='bbox 2039 3522 2377 3579; x_wconf 55' lang='lat' dir='ltr'>predibrorums</span> 
     </span>
    </p>
   </div>
   <div class='ocr_carea' id='block_1_10' title="bbox 1485 3581 1670 3650">
    <p class='ocr_par' dir='ltr' id='par_1_12' title="bbox 1485 3581 1670 3650">
     <span class='ocr_line' id='line_1_117' title="bbox 1485 3581 1670 3650; baseline -0.032 -19"><span class='ocrx_word' id='word_1_691' title='bbox 1485 3581 1670 3650; x_wconf 77' lang='lat' dir='ltr'>fol-336.</span> 
     </span>
    </p>
   </div>
   <div class='ocr_carea' id='block_1_11' title="bbox 2261 3875 2307 3915">
    <p class='ocr_par' dir='ltr' id='par_1_13' title="bbox 2261 3875 2307 3915">
     <span class='ocr_line' id='line_1_118' title="bbox 2261 3875 2307 3915; baseline -0.022 0"><span class='ocrx_word' id='word_1_692' title='bbox 2261 3875 2307 3915; x_wconf 88' lang='lat' dir='ltr'>In</span> 
     </span>
    </p>
   </div>
  </div>
 </body>
</html>
