2592 4094
377 267 422 312 2
434 235 484 318 8
492 261 547 316 0

377 373 460 419 ΠΙ,-
529 370 822 428 Quoadmwne
838 355 1066 414 Praefl‘elum
1088 358 1296 413 praediIilae

310 428 481 488 Miffi'om'
495 427 752 486 aespjgnandum
765 452 779 473 ,
788 424 877 463 licet
895 420 1018 457 sacra
1032 418 1295 474 Congregam

311 491 522 537 incuuamt
536 516 551 537 ,
561 496 606 530 ut
619 478 859 538 Praefefflura
869 483 1091 522 memorata
1103 475 1294 534 Masp’ongg

312 547 579 593 concederetur
589 536 851 593 Commffsrio
865 533 1183 590 Carolopolispro
1192 545 1293 579 tem.

309 619 405 667 pore
418 634 431 655 ,
440 594 799 652 nihilominusjastis
813 590 857 633 de
868 590 990 646 causts
1001 593 1148 650 canstat
1157 595 1291 637 adm.

315 666 478 711 nendum
489 658 558 717 ff
583 655 775 698 vicarium
792 651 1021 694 Generalcm
1036 679 1051 703 ,
1075 660 1205 708 utpro
1220 657 1294 696 ως

316 727 397 769 vice
409 723 528 765 alium
545 717 697 757 Patrem
709 712 887 753 idoneum
908 722 957 751 ex
977 719 1137 765 corpore
1148 711 1298 768 Μῶα.

315 788 374 827 nis
386 779 549 823 nominet
562 801 576 825 ,
598 771 666 827 qui
684 767 854 828 Mifflom·
869 768 1074 823 praediblae
1098 769 1297 825 praeffcie.

318 853 387 886 tur
415 836 496 883 &c-

373 922 546 1003 Excmpli
559 945 603 988 in
633 945 802 990 Archi-vo
815 946 999 1002 generali
1030 945 1191 990 Ordinis
1217 948 1300 992 Ar·-⁴

432 1004 557 1052 morio
575 1005 788 1061 praedmo.
1070 1043 1080 1052 ,

317 1163 431 1180 κ

319 1251 489 1302 Zelum
515 1240 642 1294 Fidei
660 1240 829 1311 Jacobi
854 1243 1043 1292 Domini
1073 1241 1309 1300 Plunketi‚

389 1315 581 1370 Domini
597 1312 655 1362 de
672 1311 929 1382 Longvood
943 1347 962 1371 ,
979 1312 1274 1362 commendat
1292 1348 1309 1372 ,

390 1392 435 1440 in
459 1389 580 1438 illius
610 1400 784 1453 partem
821 1381 1021 1433 studium
1054 1387 1309 1434 Fratrum..-

394 1458 652 1509 nostrorum
669 1454 724 1505 ab
752 1471 807 1503 eo
834 1455 990 1504 vocari
1009 1451 1206 1504 consulit
1222 1490 1238 1513 ,
1255 1473 1308 1504 ac

391 1528 657 1581 Fr.Patritio
676 1527 732 1575 de
748 1540 795 1574 re
815 1524 1057 1576 Catholica
1071 1522 1306 1584 locuturo,

393 1604 577 1669 plenam
596 1595 731 1647 fidem
749 1594 955 1646 adhiberi
981 1595 1166 1645 mandat
1187 1634 1200 1646 .

346 1737 504 1783 Dileflo
522 1735 658 1787 Filio,
682 1733 832 1791 Jacobo
861 1737 1079 1788 Plunketo,
1109 1737 1278 1780 Domino

568 1799 613 1839 de
631 1795 835 1852 Longvood
850 1796 1046 1839 Hiberna.

356 1927 777 1981 URBANUS
822 1928 1026 1978 PAPA
1073 1926 1274 1975 VIII.

383 2055 536 2100 Dite&
561 2054 644 2098 Fili
660 2082 673 2103 ,
686 2054 859 2107 sblutem
870 2081 887 2102 ,
919 2054 967 2100 (ς’
984 2038 1238 2108 Apostolicaem

641 2108 946 2152 BenediHionem
960 2136 972 2148 .

438 2241 475 2281 X
493 2239 612 2279 Patre
640 2234 814 2279 Patritio
840 2234 1024 2277 Hiberno
1044 2231 1209 2276 Ordinis
1226 2234 1309 2275 Ca-

459 2296 693 2351 pucinorum
708 2293 956 2346 accepimus,
969 2293 1088 2347 quam
1105 2291 1309 2339 accurate,

326 2358 366 2397 δι
391 2355 619 2396 constanter
640 2351 863 2394 Catholicae
886 2351 1002 2392 Fidei
1032 2349 1310 2404 integritatem

324 2416 365 2456 in
391 2412 511 2453 tantis
528 2422 662 2451 rerum
675 2407 980 2450 difficultatibus
996 2408 1105 2451 colas
1119 2435 1132 2446 .
1162 2406 1209 2448 1d
1235 2418 1311 2447 no·

326 2472 386 2514 bis
398 2499 414 2520 ,
428 2467 534 2523 quod
549 2469 588 2508 in
604 2466 744 2509 animae
767 2475 841 2507 tuae
857 2465 1024 2509 salutem
1038 2495 1051 2517 ,
1079 2476 1200 2521 atque
1232 2465 1305 2506 ἰὼ

324 2529 546 2572 multorum
561 2524 780 2567 utilitatem
796 2538 889 2566 cum
905 2539 1048 2580 magna.
1065 2526 1116 2567 Di
1123 2526 1205 2568 vini
1234 2538 1307 2566 no-

324 2588 440 2630 minis
463 2585 590 2640 gloria
622 2582 848 2635 redundat,
874 2596 952 2627 non
978 2584 1109 2638 potest
1123 2597 1204 2627 non
1231 2580 1308 2627 effe

322 2644 578 2703 gratiffimum
596 2671 608 2684 .
628 2642 778 2686 Omnia
792 2642 901 2685 enim
915 2671 930 2695 ,
959 2643 1175 2698 praesertim
1194 2642 1309 2698 spiri-

322 2704 446 2748 tualia
472 2701 648 2744 filiorum
667 2701 897 2744 nostrorum
937 2702 1190 2745 incrementa
1216 2715 1310 2757 pro-

321 2765 448 2822 priam
478 2758 697 2804 Pontificiae
720 2760 1004 2815 gratulationis
1033 2788 1047 2812 ,
1084 2775 1129 2803 ac
1167 2760 1313 2803 laetitiae

322 2821 529 2865 materiam
553 2818 630 2862 esse
645 2820 885 2862 arbitramur
899 2849 911 2859 .
931 2823 1076 2876 Neque
1094 2820 1311 2877 quicquam

319 2883 358 2924 in
375 2891 452 2931 tot,
466 2880 610 2936 quibus
628 2877 810 2935 quotidie
825 2880 1026 2934 angimur,
1043 2878 1314 2921 solicitudini-

319 2941 418 2990 bus,
443 2939 553 2995 aeque
577 2938 692 2982 nobis
709 2936 850 2981 solatio
870 2938 925 2980 est
941 2966 955 2988 ,
979 2938 1097 2993 quam
1112 2952 1205 2980 cum
1222 2936 1313 2982 de.)

322 2999 452 3041 stabili
469 2996 638 3053 alicujus
655 2995 807 3039 virtute
820 3023 835 3046 2
860 3011 943 3052 quae
959 2996 1157 3051 praecipue
1173 2997 1215 3037 in
1242 3009 1314 3050 pe-

326 3058 463 3099 riculis
479 3070 551 3109 pro
566 3055 784 3098 Catholica
807 3055 1025 3111 Religione
1038 3052 1228 3111 susceptis
1243 3068 1314 3096 ex-

323 3115 483 3171 plorata
501 3113 542 3154 fit
557 3139 571 3161 ,
602 3115 816 3158 nunciatur
829 3143 841 3154 .
872 3116 937 3158 Tu
958 3113 1058 3157 vero
1072 3128 1159 3156 eam
1172 3143 1185 3165 ‚
1202 3126 1313 3169 qum

322 3173 476 3215 dudum
495 3173 769 3227 progrederis,
788 3173 1058 3224 viaminfiste,
1078 3174 1118 3215 δι
1145 3170 1313 3228 Spiritus

323 3232 453 3272 sanai
473 3259 487 3282 ,
510 3231 577 3284 qui
595 3230 793 3285 hucusque
825 3232 1082 3275 consiliorum
1106 3243 1308 3274 tuorum

325 3293 464 3332 audior
481 3289 555 3331 fuit
571 3318 585 3338 ‚
604 3289 764 3330 ducrum
776 3303 826 3332 ne
842 3291 981 3335 desere
995 3321 1007 3333 .
1023 3293 1087 3333 Ita
1099 3292 1205 3335 enim
1221 3289 1307 3341 fiet,

323 3359 370 3391 ut
385 3357 570 3402 optatum
585 3347 769 3391 laborum
782 3359 943 3393 tuorum
960 3351 1162 3407 praemium
1178 3351 1202 3395 ὲ
1221 3352 1309 3391 Deo

326 3406 582 3462 consequaris
597 3432 611 3455 ‚
624 3407 664 3450 δι
680 3407 763 3450 aliis
788 3409 836 3450 ad
851 3424 1012 3453 errores
1032 3409 1279 3466 abjiciendos
1293 3433 1308 3456 ‚

325 3470 363 3509 &
387 3465 643 3508 Catholicam
673 3466 887 3510 veritatem
914 3469 1135 3512 sectandam
1165 3468 1312 3510 incita·

326 3536 461 3570 mento
479 3525 524 3567 fis
538 3553 548 3566 .
579 3525 626 3566 ld
644 3525 759 3567 certe
776 3527 865 3568 Tibi
881 3526 1054 3571 maxime
1072 3526 1312 3582 gloriosum,

324 3586 363 3628 &
382 3585 525 3635 Nobis,
541 3585 606 3639 qui
631 3585 800 3627 virtutes
822 3595 906 3630 tuas
923 3600 1087 3643 paterna
1113 3586 1311 3628 charitate

327 3656 376 3684 ex
392 3644 526 3685 animo
547 3644 882 3699 complectimur,
906 3661 997 3689 cum
1016 3644 1312 3702 primisjucun-

326 3699 535 3742 diffimum.
551 3706 780 3757 Capucinos
798 3706 960 3747 Fratres
987 3705 1163 3759 ipsorum
1190 3703 1313 3747 meri·

326 3767 369 3798 to
386 3760 507 3800 valde
523 3760 727 3815 diligimus
739 3791 753 3812 ‚
774 3774 859 3805 tum
875 3765 980 3819 quod
1001 3762 1235 3819 religiosam
1247 3762 1312 3804 di-

325 3814 531 3870 sciplinam
552 3819 767 3875 diligenter
794 3823 1024 3866 custodiunt
1043 3853 1059 3877 ,
1084 3835 1173 3867 tum
1198 3820 1308 3879 quod

1101 219 1636 307 Provincia

1352 361 1394 403 in
1413 361 1580 407 Domini
1599 360 1717 404 vinea
1749 359 1907 404 strenue
1935 359 2147 414 laborent,
2171 378 2346 410 eorum..

1352 433 1477 476 opera
1493 420 1532 461 in
1552 418 1700 476 iis,quae
1713 419 1763 462 ad
1778 421 1956 463 animum
1971 419 2238 464 excolendum
2260 438 2350 477 per-

1354 478 1723 534 tineamus-imum
1739 479 1835 523 'nbi
1856 478 1940 521 usui
1961 477 2039 521 effe
2053 480 2209 535 poterit
2220 506 2233 519 .
2248 483 2352 540 Qae

1354 542 1402 583 P.
1419 538 1615 582 Patritius
1643 538 1697 581 de
1711 552 1756 580 re
1773 536 1992 581 Catholica
2021 547 2155 581 tecum
2170 547 2266 592 aget
2278 565 2292 586 a
2308 540 2353 581 iis

1356 597 1545 655 perinde,
1556 596 1660 654 quafi
1675 599 1699 641 ὶ
1713 597 1841 641 Nobis
1854 595 2174 645 dicantur‚fidem
2190 596 2358 641 adhibe-

1358 658 1439 701 bis.
1454 656 1727 712 Apostolicam
1742 654 2070 700 Benedictionem
2093 665 2356 712 peramanter,

1357 716 1615 773 impertimur
1629 743 1641 755 .

1479 776 1632 815 Datum
1660 774 1801 817 Romae
1825 771 1932 830 apud
1947 775 2131 817 Sanctam
2145 772 2357 816 Mariam-a*

1362 833 1564 890 Maiorem
1587 832 1654 874 sub
1678 831 1844 877 Annulo
1868 832 2078 875 Piscatoris
2100 832 2168 875 die
2193 842 2300 874 xvxi
2315 845 2351 874 t.

1358 891 1465 950 Junii
1496 903 1773 934 mncxxxttt.
1808 890 2074 935 Pontificatfis
2101 890 2228 934 nostri
2251 903 2355 933 anno

1359 949 1543 995 decimo.

1655 1066 1892 1115 franciscus
1915 1068 2098 1112 Herrera
2109 1068 2272 1112 Secret-

1429 1244 1674 1302 Autqgrapb.
1689 1247 1734 1286 in
1755 1229 1927 1291 Arcbirso
1952 1246 2097 1286 Secret.
2123 1241 2356 1284 Brevium...

1483 1304 1535 1347 nd
1559 1304 1766 1359 Principes
1795 1301 1952 1360 Regi-sto
1983 1301 2115 1359 meetsts
2134 1329 2150 1356 ,
2181 1301 2231 1350 ὸ·
2258 1300 2358 1343 aaut

1478 1361 1692 1421 prad-fol-
1698 1364 1768 1419 89.
1784 1362 1812 1405 d
1825 1371 1950 1418 tergo.

1658 1570 1773 1588 u*

1541 1717 2175 1763 DECRETO

1437 1835 1531 1888 Saec.
1552 1835 1872 1906 congregae->de
1893 1830 2162 1902 Propaganda
2191 1830 2297 1881 Fide

1552 1925 1629 1973 15.
1655 1907 1808 1976 April.
1829 1913 1979 1968 1636.
2007 1917 2195 1954 emanata

1367 2041 1549 2086 Domos
1568 2069 1584 2092 ,
1609 2036 1655 2083 in
1684 2034 1849 2103 quibus
1880 2037 2063 2085 Fratres
2090 2028 2368 2080 Miffionarii

1433 2100 1718 2155 conversioni
1739 2102 2122 2155 Acatholicorum
2138 2101 2368 2158 v.acant,in

1440 2170 1857 2223 Constitutionibus
1871 2170 1930 2221 de
1946 2167 2240 2221 Monasteriis
2256 2186 2364 2218 con·

1439 2240 1662 2292 struendis
1702 2259 1794 2293 non
1838 2239 2167 2311 comprehendi
2213 2238 2366 2290 decla-

1441 2324 1569 2360 ratur
1585 2346 1599 2360 .

1469 2479 1543 2524 Uit
1556 2477 1812 2521 declaratum
1826 2506 1842 2529 ,
1853 2476 2149 2528 Domunculas,
2165 2489 2262 2534 quas
2284 2478 2368 2521 cu

1486 2538 1621 2595 pucini
1648 2539 1688 2581 in
1712 2538 1910 2580 Hibernia
1938 2536 2141 2586 accipiunt
2176 2565 2192 2586 ,
2213 2544 2261 2579 ut
2283 2549 2370 2579 me-

1369 2599 1446 2640 lius
1489 2610 1630 2639 vacare
1670 2595 1814 2653 possint
1849 2595 2103 2640 converfioni
2140 2591 2368 2638 Haeretico·

1370 2671 1458 2700 rum
1469 2686 1485 2709 ,
1505 2658 1546 2698 &
1566 2669 1703 2699 curam
1718 2657 1866 2699 habere
1883 2653 2201 2700 Catholicorum
2218 2653 2273 2697 ibi
2288 2653 2365 2696 de·

1372 2718 1552 2774 gentium
1568 2741 1583 2764 a
1605 2714 1718 2772 juxta
1731 2713 2005 2758 suaeMiffionis
2022 2713 2185 2769 regulas
2199 2740 2215 2764 ,
2246 2725 2361 2756 non-a

1373 2773 1662 2831 comprehendi
1706 2775 1747 2817 in
1787 2772 2089 2817 Constitutione
2133 2768 2366 2818 Sanetiffimi

1375 2835 1542 2879 Domini
1572 2833 1710 2876 Nostri
1737 2833 1790 2876 de
1815 2831 1929 2875 novis
1969 2829 2226 2874 Monafleriis
2252 2857 2268 2881 ‚
2302 2827 2367 2871 vel

1372 2893 1657 2938 Conventibus
1686 2889 1967 2936 construendis
1990 2917 2004 2941 ,
2031 2890 2111 2933 fine
2139 2887 2366 2944 Religioso·

1373 2967 1460 2996 rum
1475 2966 1674 3003 numero,
1701 2952 1793 3008 quia
1809 2949 2033 2996 Miffionum
2058 2948 2248 2993 stationes
2274 2959 2361 2990 non

1374 3013 1462 3055 sunt
1485 3015 1725 3056 Conventus
1739 3037 1754 3060 ,
1768 3020 1840 3055 aut
1859 3008 2101 3053 Monasteria
2114 3008 2193 3052 &c-

1566 3156 1825 3210 Cardinalis
1844 3155 2073 3207 Antonius
2089 3150 2362 3204 Barberinus

1651 3225 1892 3278 Praefec'tus
1908 3260 1923 3275 .

1426 3384 1634 3439 Exemplar
1675 3380 1864 3428 Authent.
1899 3381 1943 3422 in
1970 3377 2146 3422 Archtvo
2173 3378 2362 3420 Generali

1486 3444 1648 3488 ordinis
1662 3443 1853 3486 Armario
1871 3439 2091 3484 Provincia
2106 3437 2310 3482 Hibernia:
2322 3463 2334 3476 .

2143 3871 2299 3912 Decre..
