2638 4088
1010 164 1570 256 Navarra.
2126 203 2290 293 339

308 304 476 360 Syndici
514 303 694 362 ejusdcm
721 304 885 357 Ordinis
919 307 1300 360 Carmelstarwu,
1363 310 1446 351 lide
1469 308 1505 350 se
1533 306 1715 362 obligent
1742 317 1880 349 coram
1901 305 1983 359 ipso
1997 305 2192 367 Episcopo
2215 341 2231 363 ‚
2261 316 2349 371 qui,

305 364 583 422 commisitque
613 367 814 422 Episcopo
842 367 1146 422 Pompelonenfi
1179 372 1301 410 redu·
1363 369 1675 409 lustramentum
1691 368 1802 409 diaae
1816 365 2078 422 obligationis
2099 372 2149 410 ad
2162 377 2349 416 eamdem

307 423 485 465 &ionem
499 425 595 466 dieti
613 426 816 478 Hospitii,
831 424 991 481 ejusque
1004 427 1185 468 Oratorii
1212 426 1302 479 jux-
1362 431 1523 469 sacram
1538 429 1916 483 Congregationem
1929 422 2175 469 transmittat
2188 454 2202 471 .

307 490 348 522 ta
371 482 669 540 praeexpreffam
690 481 1062 539 formam,&quod
1089 485 1206 541 super
1233 489 1303 527 ob·
1477 487 1616 529 Romae
1639 486 1818 542 16.Junii
1840 498 1962 541 1747.

306 539 507 586 servantia
523 541 806 600 praemissorum
826 544 1091 586 Provincialis
1106 572 1119 594 ,
1144 547 1183 586 δι
1195 542 1304 586 Defi-

305 602 498 645 nitorium
515 602 694 660 ejusdem
710 603 873 645 Ordinis
889 605 1205 646 Carmelitarum
1232 617 1301 647 va·
1645 599 1707 647 C.
1725 601 1788 646 A.
1807 593 1952 648 Card.
1972 593 2246 647 Cavalchini
2261 629 2275 644 .

517 726 537 738 Q

1063 761 1622 860 NOTA.

305 947 379 1038 E
394 949 551 987 Xecutio
574 949 679 997 hujus
705 948 1046 986 Decreti-eommifl'a
1075 950 1138 988 fuit
1158 949 1379 987 illustriffimo
1404 954 1439 988 ez
1466 951 1772 990 Reverendissimo
1798 952 1956 991 Domino
1981 953 2222 1002 Hispaniarum
2251 953 2355 990 Nun·

403 997 453 1034 tio
476 1009 540 1046 per
571 998 701 1037 litteras
723 997 944 1045 subjunRas.

549 1148 609 1196 A·
629 1159 764 1218 tergo
779 1182 791 1197 .
829 1146 1069 1215 Perillustri
1082 1182 1098 1206 ,
1124 1163 1173 1194 ac
1205 1147 1571 1216 Reverendiffimo
1596 1148 1778 1199 Domino
1795 1187 1812 1212 ‚
1830 1154 1896 1201 uti
1927 1151 2107 1214 Fratri,

1112 1216 1280 1269 Nuntio
1315 1220 1527 1290 Hispania
1542 1257 1557 1271 .

1721 1392 1904 1443 Matriti
1923 1429 1935 1442 .

842 1553 1122 1610 Pei-illustris,
1144 1572 1192 1602 ac
1220 1560 1569 1605 Reverendiffime
1596 1561 1774 1604 Domine
1789 1588 1803 1601 .

399 1711 453 1749 Ex
479 1709 592 1748 libello
607 1710 761 1762 supplici
786 1712 876 1762 hisce
897 1723 1057 1759 aunem,
1083 1716 1127 1759 &⁶
1142 1716 1213 1765 Jub
1238 1718 1373 1756 nomine
1393 1727 1467 1756 tum
1495 1718 1646 1757 Parrum
1677 1718 1934 1768 capuanorum
1959 1716 2164 1757 conventas
2191 1711 2292 1754 Villae
2315 1713 2358 1751 de

300 1758 396 1811 Vera
421 1760 572 1810 Dioecefis
600 1760 883 1812 Pompelonenfis‚
907 1772 981 1800 tum
1010 1763 1106 1801 Cleri
1134 1767 1177 1806 ὼ·
1207 1766 1333 1814 Populi
1357 1767 1502 1816 ejusdem
1520 1765 1622 1805 Villae
1641 1768 1794 1816 porrefio
1809 1792 1822 1811 ‚
1848 1766 2050 1816 Amplitudo
2073 1764 2149 1803 Tua
2172 1764 2359 1814 dignoscet,

299 1809 386 1857 quid
405 1818 469 1860 pro
495 1819 597 1858 parte
621 1809 813 1846 eorumdem
838 1812 955 1847 Sacra
986 1812 1261 1861 Congregationi
1282 1816 1399 1862 fuerit
1424 1815 1624 1864 expofitum.
1652 1816 1911 1865 Eminentiffimi
1938 1815 2082 1852 Domini
2107 1815 2197 1859 mei,
2222 1814 2359 1852 Ponen-

298 1867 333 1895 te
368 1857 633 1908 Eminentiffimo
662 1858 809 1895 Domino
830 1859 945 1895 Barm‘
972 1883 985 1902 ‚
1008 1863 1155 1898 attentis
1181 1864 1332 1914 exposttis
1357 1873 1444 1901 notae
1471 1863 1746 1913 amplitudinis
1776 1863 1858 1900 Tuae
1886 1863 2083 1912 vigilantia
2107 1861 2362 1912 commiserunt,

298 1916 340 1944 ut
360 1903 475 1958 juffa,
505 1908 626 1953 vigore
652 1907 780 1944 annexi
793 1909 930 1957 pariter
957 1908 1115 1947 ‘Decreta‘
1141 1911 1239 1959 ipsius
1264 1914 1382 1951 Sacrae
1410 1913 1700 1961 Congregationis
1724 1924 1884 1950 emanata
1909 1912 2103 1950 executioni
2130 1912 2211 1948 dari
2229 1911 2361 1959 faciat,

299 1953 941 2054 qugrnRionngffegiuge&3301343
968 1959 1227 2009 transmittitur
1241 1986 1252 1997 .
1277 1961 1387 2012 Qd
1406 1961 1489 1999 dum
1505 1961 1658 2012 fignifico
1669 1987 1684 2008 ,
1714 1961 1735 1998 ὰ
1751 1962 1837 1999 ‘Deo
1856 1963 2021 2013 prospera
2043 1960 2165 2000 Eidem
2184 1967 2330 2010 precor.

1428 2160 1490 2205 C.
1520 2162 1584 2204 A.
1615 2159 1877 2207 Cardinalis
1905 2159 2181 2210 Cavalchini
2201 2193 2214 2208 .

395 2315 637 2364 eAutograph.
663 2312 707 2355 dr
731 2314 878 2353 Decreti
890 2337 904 2357 ,
931 2312 976 2354 (θ’
999 2314 1220 2351 Litterarum
1244 2315 1284 2351 in
1310 2317 1426 2353 Arch.
1447 2319 1582 2357 Secret.
1605 2320 1779 2367 Congreg.
1806 2323 1919 2370 mensis
1942 2323 1988 2368 &f
2005 2323 2093 2359 anni
2111 2320 2263 2371 prediti.

392 2461 557 2501 Libellus
581 2460 732 2510 supplex
759 2460 794 2498 in
817 2459 907 2498 hisce
934 2458 1061 2498 litteris
1087 2470 1298 2498 memoratus
1323 2459 1389 2498 fuit
1416 2461 1542 2501 tenoris
1570 2462 1831 2510 subsequenus:

683 2609 1009 2679 Eminentiſjimi
1025 2646 1042 2670 ‚
1072 2628 1133 2660 ac.
1151 2610 1516 2677 Reverendiffi'mi
1540 2611 1728 2663 ‘Domini
1760 2612 1966 2661 Domini.

398 2780 525 2819 Patres
556 2778 731 2826 capucini
755 2777 958 2818 Conventus
984 2777 1117 2826 Oppidi
1141 2779 1183 2816 de
1210 2776 1303 2816 Vera
1331 2803 1344 2822 ,
1370 2779 1523 2829 Dia-celis
1550 2778 1812 2831 Pompelon'ensts
1826 2805 1840 2825 ,
1866 2777 1955 2828 ficut
1985 2778 2028 2821 όν
2054 2775 2177 2817 clerus
2194 2776 2356 2828 populus-

302 2840 368 2878 que
395 2827 543 2878 ejusdem
569 2826 603 2863 O
623 2826 703 2875 pidi
721 2852 733 2872 ‚
755 2826 940 2863 humillimi
967 2828 1246 2865 Eminentiarum
1275 2825 1472 2878 Vestrarum
1498 2829 1667 2866 Oratores
1688 2854 1700 2874 ,
1726 2838 1927 2867 reverenter
1952 2836 2149 2877 exponunt,
2170 2826 2352 2874 qualiter,

296 2875 367 2926 post
396 2880 563 2915 acriorem
587 2835 683 2912 siim
712 2886 834 2914 contra
861 2875 982 2916 Patres
1010 2876 1263 2915 Carmelitanos
1283 2878 1455 2928 Civitatis
1472 2877 1734 2930 Pampelonensts
1750 2879 1871 2928 spatio·
1889 2877 2072 2915 multorum
2089 2887 2257 2912 annorum
2278 2877 2353 2923 agi.

299 2935 437 2970 eatam,
463 2926 507 2968 ὼ·
529 2925 667 2962 tandem
690 2937 781 2962 anno
807 2934 908 2972 1741.
936 2926 974 2961 in
1001 2925 1065 2962 hac
1090 2927 1201 2965 Sacra
1224 2927 1500 2975 Congregatione
1521 2927 1667 2976 decisam
1684 2952 1697 2971 ,
1722 2941 1797 2966 cum
1827 2927 1972 2971 ordine,
1994 2926 2084 2975 quod
2103 2926 2143 2960 in
2164 2923 2252 2960 dieto
2279 2924 2349 2973 Op·-

292 2974 376 3023 pido
403 2975 445 3012 de
469 2972 589 3018 Vera,
604 2973 700 3022 solus
718 2974 1066 3023 PP.Copucinorum
1089 2976 1316 3020 Conventus,
1342 2978 1386 3019 (ς’
1411 2988 1479 3013 non
1499 2974 1590 3012 alius
1616 2976 1703 3015 PP.
1729 2975 1997 3017 Carmelitarutn
2019 2975 2158 3018 deberet
2185 2973 2348 3022 construi,

297 3022 355 3067 hi,
391 3034 465 3062 tum
490 3024 536 3060 ad
559 3023 750 3073 decisionem
771 3024 814 3059 ab
831 3022 894 3059 hac
919 3025 1032 3061 Sacra
1058 3025 1333 3073 Congregatione
1356 3034 1489 3074 captam
1510 3024 1727 3067 eludendam,
1743 3037 1816 3063 tum
1838 3025 1885 3061 ad
1907 3025 2080 3061 intentum
2090 3023 2196 3072 suum
2216 3021 2348 3059 violen-

299 3082 353 3109 ter
374 3073 627 3121 acquirendum
642 3097 656 3117 ,
685 3074 725 3108 in
750 3072 835 3109 ditio
860 3071 995 3121 Oppido
1025 3074 1170 3111 Domum
1189 3073 1387 3122 saecularem
1406 3075 1638 3112 conduxerint
1665 3098 1679 3119 ,
1702 3076 1740 3111 in
1763 3085 1864 3122 quant
1886 3071 2088 3122 clandestini
2102 3095 2116 3116 ‚
2141 3070 2184 3112 ἐν
2199 3070 2348 3120 succeffl-

301 3120 347 3157 ve
372 3121 564 3159 introdufii
579 3146 592 3166 ,
614 3121 754 3159 tandem
776 3123 815 3156 in
837 3120 901 3157 illa
919 3121 1065 3170 formale
1087 3123 1287 3172 Hospitium
1310 3123 1486 3171 Regulare
1506 3135 1583 3161 cum
1609 3124 1805 3171 Campana,
1830 3122 1874 3163 ὠ·
1901 3121 2067 3159 Oratorio
2087 3118 2201 3171 primo
2219 3121 2345 3168 priva·

297 3180 332 3208 to
348 3195 362 3215 ,
388 3171 431 3213 ὁ·
453 3170 655 3222 postmodum
679 3169 816 3220 publico
840 3171 974 3217 erigere
997 3175 1208 3216 tentarunt,
1225 3171 1266 3220 se
1281 3172 1322 3221 se
1347 3174 1385 3209 in
1409 3171 1467 3207 illo
1491 3173 1537 3208 ad
1547 3173 1694 3220 formam
1719 3171 1984 3210 communitatis
2008 3168 2199 3218 Regularis
2225 3180 2344 3205 monu-

296 3228 455 3257 tenentes
472 3244 485 3264 ‚
508 3219 728 3267 eleemosynas
749 3229 815 3268 pro
841 3216 1026 3269 Miffarum
1040 3219 1266 3258 celebratione
1292 3223 1494 3269 recipientes
1523 3244 1536 3263 ,
1561 3221 1604 3261 ἀπ’
1629 3231 1738 3256 omnes
1763 3219 1854 3256 aEius
1881 3218 1901 3256 ἃ
1927 3218 2164 3268 Regularibus
2188 3218 2229 3252 in
2253 3218 2340 3255 Con-

300 3270 465 3306 ventibus
485 3268 636 3317 legitimi
656 3294 671 3314 ,
693 3268 736 3310 ὠ·
760 3279 838 3306 cum
857 3268 1136 3318 solemnitatibus
1154 3279 1217 3320 per
1241 3269 1449 3320 apostolicas
1470 3268 1737 3318 Constitutiones
1754 3268 1989 3318 prascriptis‚
2012 3268 2130 3305 ereiiis
2144 3263 2243 3313 ‚fieri
2256 3264 2342 3315 fili·

296 3325 349 3354 tos
374 3327 589 3355 exercentes.
2224 3343 2226 3345 -

395 3365 474 3403 eAd
493 3366 643 3404 tollenda
668 3366 862 3416 hujusmodi
881 3368 1080 3417 graviffima
1105 3375 1281 3406 attentata
1296 3393 1305 3409 ,
1318 3367 1483 3418 simulque
1506 3366 1554 3402 ad
1573 3364 1814 3415 praejudicium
1839 3367 1882 3403 ab
1907 3364 2161 3403 introductione
2174 3363 2340 3414 supradi⁴

298 3414 342 3452 eii
364 3415 520 3464 Hospitii
545 3415 622 3452 PP.
651 3416 919 3454 carmelitarum
934 3442 946 3461 ,
973 3430 1056 3465 quos
1080 3430 1142 3455 nec
1168 3414 1316 3461 Clerus,
1342 3429 1401 3454 nec
1424 3414 1567 3465 populus
1599 3426 1751 3462 unquam
1776 3415 1958 3452 admittere
1984 3415 2124 3458 voluit,
2146 3413 2339 3462 Capacino·

299 3475 378 3500 rum
405 3465 605 3503 conventui
632 3463 768 3501 illatum
792 3466 1026 3514 reparandum
1051 3491 1065 3511 ‚
1093 3467 1261 3503 Oratores
1299 3478 1422 3503 novam
1446 3464 1540 3501 litem
1565 3464 1604 3499 t‘n
1632 3462 1821 3499 Tribunali
1847 3463 2064 3513 Ecclessastico
2089 3461 2340 3510 Pampelonenst

300 3513 523 3550 introducere
546 3511 648 3548 coatia·
665 3512 752 3560 sunt
765 3537 780 3557 ‚
804 3526 877 3561 quae
901 3516 941 3551 in
961 3516 1079 3564 gradu
1103 3512 1340 3562 appellationis
1366 3514 1411 3550 ad
1434 3513 1522 3549 hanc
1546 3514 1690 3549 Sacram
1717 3512 2022 3560 Congregationem
2041 3513 2120 3561 fuit
2143 3508 2305 3547 devoluta
2316 3534 2333 3554 ,

297 3562 342 3604 ὠ·
364 3562 459 3598 circa
483 3572 600 3610 quam,
612 3562 655 3597 ab
683 3561 760 3604 hac,
774 3564 877 3599 causa
899 3564 943 3599 ab
968 3563 1229 3611 Eminentiffimo
1254 3563 1353 3599 Dom.
1379 3561 1565 3600 Cardinali
1588 3562 1631 3597 de
1656 3560 1778 3596 ‘Burni
1798 3561 1949 3599 Ponente
1964 3561 2034 3609 sub
2060 3560 2116 3596 die
2141 3560 2197 3597 16.
2220 3558 2333 3606 {Junii

303 3619 404 3657 1747.
428 3610 605 3658 propqfitli,
613 3611 691 3659 fuit
711 3610 893 3658 resolutum
917 3622 966 3649 Ξ
990 3615 1105 3649 Licere
1134 3610 1291 3648 Patribus
1321 3611 1517 3648 Carmeliris
1542 3611 1684 3647 retinere
1710 3609 1912 3656 Hospitium
1942 3610 2112 3646 Saeculare
2136 3609 2171 3643 in
2200 3607 2327 3643 Villa..

302 3660 346 3696 de
376 3659 467 3695 Vera
492 3659 535 3695 ad
564 3657 707 3694 formam
731 3660 985 3704 Calaguritanae
1009 3673 1095 3698 anno
1127 3660 1252 3706 1690„
1274 3662 1309 3697 &
1336 3672 1407 3695 non
1435 3661 1519 3695 alias
1539 3682 1552 3703 ‚
1581 3658 1703 3695 addito
1728 3657 1868 3704 insuper
1892 3683 1905 3702 ,
1931 3660 2027 3704 quod
2046 3657 2082 3692 in
2106 3657 2180 3704 ipso
2199 3667 2331 3703 perma-

301 3717 402 3744 neant
427 3708 470 3744 ad
495 3706 663 3742 summum
684 3707 756 3743 duo
780 3709 872 3745 Laiei
888 3734 901 3752 ,
928 3712 983 3745 vel
1012 3709 1128 3757 potius
1148 3719 1234 3743 unus
1260 3709 1405 3750 Laicus,
1434 3709 1470 3744 &
1493 3717 1580 3742 unus
1608 3704 1806 3750 ReIIgiosus
1825 3708 1994 3745 Sacerdos
2025 3707 2159 3742 tantum
2179 3716 2256 3742 cum
2281 3703 2325 3738 ti-

298 3759 376 3792 tulo
401 3756 542 3804 Syndici
567 3766 614 3790 z
635 3754 777 3803 fuitque
800 3759 952 3794 executio
977 3760 1093 3795 relatae
1121 3756 1334 3805 resolutionis
1360 3755 1535 3806 ficceeffivb
1566 3754 1587 3792 a
1616 3757 1728 3795 Sacra
1753 3754 2024 3803 Congregatione
2049 3753 2260 3804 lllquriffimo
2283 3752 2327 3794 (ς’

296 3804 580 3854 Reverendifflmo
607 3805 760 3853 Epistopo
786 3805 1045 3855 ‘Pompelonenfi
1067 3803 1227 3856 commiffa
1243 3831 1251 3841 .
2154 3853 2235 3903 Q

2166 3864 2179 3881 ⁹
2194 3865 2283 3891 uem·
