2638 4088
350 179 508 262 372

290 298 402 345 Nou
425 291 630 343 obstante
661 292 968 361 prohibitione
997 290 1053 336 de
1088 286 1279 337 Libris&

356 367 645 415 Bibliotheca
664 383 754 414 non
771 360 1054 413 extrahendis
1076 393 1092 417 ,
1117 360 1140 407 εὶ
1160 362 1285 408 Con-

355 436 664 491 cionatoribus
705 437 814 483 tales
851 432 907 480 de
959 429 1283 479 Bibliotheca..

359 507 632 565 Conventfis
679 502 910 553 Patientiae
947 499 1121 553 Christi
1151 504 1282 552 Civi-

355 587 462 636 tatis
494 571 778 627 Matritenfis
795 609 809 631 ,
828 576 969 623 etiarn
1010 587 1136 621 extra
1163 576 1285 622 Con-

359 667 549 706 ventum
562 683 576 705 ,
589 648 647 695 de
667 646 850 695 licentia
872 647 1017 695 Patris
1030 643 1287 694 Guardiani

358 743 444 797 pro
459 733 666 787 tempore
683 752 699 775 ,
715 716 891 766 extrahi
912 714 1036 785 posse
1052 714 1263 786 indulget
1279 751 1292 766 .

352 860 763 919 CLEMENS
835 860 1059 910 PAPA
1116 861 1232 911 XI.

496 1001 565 1048 Ad
563 999 757 1061 flaturam
772 1001 832 1045 rei
847 1003 1073 1044 memoriam
1084 1029 1099 1044 .

412 1120 726 1168 onservationi,
754 1122 795 1162 δι
818 1118 1116 1163 manutentioni
1146 1119 1292 1163 Libro-

429 1198 515 1226 rum
533 1181 796 1223 Bibliothecae
825 1177 1062 1223 Conventus
1084 1180 1294 1221 Patientia:

293 1244 469 1291 Curisti,
499 1239 858 1296 OppidiMatriti,
889 1238 1099 1282 Toletanae
1120 1239 1292 1282 Dioece-

288 1307 334 1346 sis
354 1332 366 1354 ‚
391 1300 557 1345 Ordinis
579 1301 763 1342 Fratrum
784 1298 985 1342 Minorum
1019 1299 1148 1342 Sancti
1173 1300 1296 1341 Fran-

289 1362 382 1405 cisci
420 1359 716 1416 Capucinorum
751 1368 1075 1413 nuncupatorum
1114 1384 1129 1407 2
1166 1372 1293 1416 quan-

288 1423 375 1467 tum
393 1435 485 1464 cum
503 1417 681 1461 Domino
696 1414 896 1471 poffumus
912 1443 926 1466 2
959 1416 1137 1472 benigne
1152 1417 1291 1459 consu·

288 1483 402 1532 lere,
429 1494 472 1521 ac
499 1476 666 1520 dilectos
695 1476 848 1525 Filios,
874 1476 1123 1519 modernum
1156 1479 1295 1519 Guar-

288 1541 471 1588 dianam,
506 1538 542 1577 &
561 1538 720 1578 Fratres
738 1533 833 1576 die‘ti
845 1534 1093 1579 Conventus
1106 1532 1294 1591 speciali-

288 1600 360 1642 bus
375 1595 584 1640 favoribus
602 1623 615 1645 ‚
644 1594 839 1648 &gratiis
866 1595 1051 1652 prosequi
1081 1595 1293 1647 volentes,

288 1660 479 1701 &eorum
510 1652 731 1707 singulares
761 1655 948 1707 personas
968 1658 991 1700 a
1006 1653 1206 1711 quibusvis
1221 1671 1294 1698 ex·

288 1711 665 1760 communicationis
678 1741 691 1761 ,
715 1709 975 1766 suspensionis
986 1744 999 1766 ‚
1013 1717 1052 1756 &
1068 1714 1290 1765 interdicti,

287 1775 453 1829 aliisque
478 1769 761 1813 Ecclefiasticis
794 1771 1000 1814 sententiis
1031 1799 1045 1822 2
1079 1772 1288 1822 censuris,

287 1837 328 1877 δι
347 1832 500 1887 poenis,
520 1831 540 1870 a
556 1827 640 1880 iure
654 1857 668 1880 ‚
698 1827 762 1870 vel
781 1827 830 1869 ab
847 1830 1011 1873 homine
1025 1859 1038 1880 ,
1075 1831 1217 1888 quavis
1229 1845 1300 1874 oc·

287 1894 469 1940 canone,
499 1889 560 1931 vel
575 1885 690 1932 causa
704 1886 793 1931 latis
811 1915 825 1939 ,
853 1887 1040 1944 fiquibus
1071 1890 1299 1947 quomodo-

291 1954 393 1996 libet
409 1948 613 1992 innodatae
639 1947 840 1998 existunt,
863 1947 914 1989 ad
931 1948 1117 1993 effestum
1139 1949 1303 2006 praesen-

290 2014 394 2055 tium
409 2009 617 2051 dumtaxat
636 2006 984 2062 consequendum,
1030 2010 1172 2055 harum
1201 2007 1298 2054 serie

289 2070 545 2114 absolventes
571 2098 587 2120 ,
626 2069 663 2109 St
689 2065 893 2110 absolutas
931 2066 1021 2112 fore
1054 2066 1300 2122 censentes,

290 2128 654 2187 supplicationibus
692 2140 832 2170 eorum
857 2127 1022 2172 nomine
1048 2129 1178 2173 Nobis
1233 2128 1299 2169 su-

292 2203 364 2245 per
393 2190 470 2230 hoc
499 2186 712 2228 humiliter
739 2185 936 2238 porrectis
963 2210 979 2230 ‚
1002 2185 1216 2230 inclinati,
1242 2195 1295 2222 ne

290 2247 344 2288 de
372 2254 520 2285 caetero
548 2241 757 2295 quisquam
789 2238 926 2293 quavis
949 2239 1221 2290 auctoritate,
1255 2240 1295 2282 &

291 2301 572 2358 superior-itate
598 2298 765 2352 fungens
781 2324 794 2346 ‚
824 2296 949 2339 libros
967 2325 981 2346 ‚
1006 2299 1260 2352 quinternaa
1279 2323 1295 2346 2

292 2362 415 2411 folia,
444 2368 509 2402 aut
541 2354 757 2409 scripturas
774 2382 788 2403 ,
814 2363 896 2394 tam
921 2354 1102 2407 impreffa
1128 2382 1142 2404 ,
1170 2355 1294 2409 quam

293 2418 591 2469 manuscripta,
618 2424 699 2454 tam
723 2413 911 2453 haetenus
941 2415 1296 2469 perquoscumque

293 2473 589 2522 Christifideles
618 2472 730 2514 distae
760 2471 1023 2514 Bibliothecae
1045 2472 1225 2524 donata,
1256 2474 1295 2515 &

294 2537 486 2593 affignata
505 2563 519 2584 ,
533 2534 653 2589 quam
669 2530 926 2584 imposterum
942 2529 1074 2574 forsan
1091 2530 1298 2582 donanda,

295 2592 605 2650 &affignanda‚
632 2589 838 2647 quibusvis
857 2589 1035 2646 personis
1063 2590 1301 2634 commoda-

293 2671 339 2702 re
358 2685 373 2708 ,
398 2666 464 2697 aut
479 2652 550 2696 sub
566 2650 708 2708 quovis
724 2649 889 2707 quaefito
914 2649 1059 2694 colore
1075 2681 1090 2706 ‚
1119 2651 1300 2708 ingenio,

906 146 1319 235 Provincia
1382 143 1708 258 Castellae
1736 212 1751 229 .

1344 283 1457 328 causa
1475 314 1488 338 ‚
1507 288 1666 329 ratione
1681 316 1695 338 ,
1724 286 1789 330 vel
1806 290 2019 334 oeeafione
2032 294 2055 336 e
2071 295 2175 339 dista
2192 295 2350 342 Biblio-

1345 347 1466 389 theca
1492 350 1713 390 extrahere
1731 376 1746 399 ‚
1775 349 1814 388 δι
1843 349 2116 403 transportare
2136 382 2150 404 ‚
2183 357 2250 398 seu
2267 386 2282 409 ,
2310 365 2356 400 ut

1344 409 1661 448 commodentur
1685 435 1697 458 ,
1730 406 1794 448 vel
1826 410 2090 452 extrahantur
2118 438 2132 460 ‚
2172 413 2222 453 δι’
2242 426 2354 458 tran-

1343 467 1580 522 sportentur
1605 495 1622 517 ,
1647 467 1920 522 permittere,
1937 478 2007 510 aut
2029 469 2260 513 consentire
2283 487 2356 517 au-

1347 527 1443 567 deat
1472 525 1742 582 quovismodo
1772 553 1788 577 ‚
1812 529 1877 569 seu
1903 529 2112 582 praesumat
2140 555 2156 580 ‚
2183 529 2253 571 sub
2284 544 2357 580 ex..

1349 586 1724 629 communicationis
1738 585 1826 628 latae
1839 585 2045 629 sententiae
2059 615 2073 638 ,
2094 589 2117 630 a
2130 601 2206 643 qua
2217 582 2355 642 nemo,

1349 643 1417 687 nifi
1447 643 1642 695 aNobiS,
1666 646 1705 687 &
1734 657 1807 700 pro
1831 657 2018 701 tempore
2045 646 2250 692 existentes
2267 650 2360 691 Ro.

1354 717 1474 747 mano
1500 701 1699 747 Pontiflce
1726 732 1743 755 ,
1788 704 2054 747 absolutionis
2082 704 2357 760 beneficium,

1356 775 1626 821 praeterquam
1651 764 1691 805 in
1721 764 1863 806 mortis
1893 764 2098 817 articulo,
2126 765 2356 812 obtinere-a

1357 833 1479 880 queat
1495 852 1509 875 ‚
1535 837 1581 864 ac
1597 821 1840 878 privationis
1854 822 1965 867 vocis
1981 827 2119 866 astivae
2136 850 2151 873 a
2187 829 2227 868 δι
2237 823 2357 882 pani-

1357 897 1413 926 vae
1428 882 1560 939 poenis
1575 895 1650 939 per
1672 880 2041 932 contrafacientes,
2064 898 2115 927 eo
2128 883 2210 940 ipso
2227 913 2242 936 ,
2269 883 2360 928 abs-

1355 957 1435 998 que
1469 942 1548 984 alia
1586 940 1863 986 declaratione
1902 941 2155 986 incurrendis
2185 971 2200 995 ,
2239 945 2361 999 Apo-

1354 1001 1493 1046 stolica
1508 1001 1749 1044 auctoritate
1765 1010 1910 1046 tenore
1938 1001 2194 1058 praesentium
2220 1002 2354 1046 inter·

1354 1061 1530 1104 dicimus
1546 1090 1561 1112 ,
1583 1062 1623 1103 δι
1651 1059 1913 1116 prohibemus
1938 1090 1950 1102 .
1976 1062 2259 1105 Permittimus
2284 1075 2363 1105 au·

1355 1130 1467 1171 tem,
1491 1129 1537 1163 ut
1567 1122 1730 1163 Fratres
1757 1120 1854 1164 dieti
1878 1119 2045 1165 Ordinis
2071 1146 2086 1171 2
2119 1121 2236 1165 verbi
2274 1123 2358 1165 Dei

1354 1179 1677 1231 Praedicatores,
1704 1180 1831 1222 libros
1850 1208 1865 1231 ‚
1907 1180 2126 1236 quinterna
2147 1209 2163 1232 ,
2188 1180 2228 1222 ac
2257 1178 2358 1224 folia

1359 1237 1580 1293 hujusmodi
1603 1239 1628 1283 ὲ
1659 1238 1764 1281 dieta
1794 1238 2049 1284 Bibliotheca
2087 1238 2361 1282 delicentia„

1357 1297 1674 1354 Guardianipro
1699 1308 1887 1356 tempore
1914 1299 2123 1343 existentis
2155 1301 2362 1343 Conven-

1351 1357 1416 1401 tt'is
1433 1355 1774 1413 hujusmodi,cum
1796 1359 1970 1402 cautelis
1983 1373 2058 1416 per
2072 1372 2166 1402 eum
2182 1356 2364 1414 praescrid

1351 1417 1521 1467 bendis,
1551 1417 1770 1461 extrahere
1793 1445 1808 1469 ,
1828 1419 1868 1460 &
1897 1417 1981 1462 illis
2004 1419 2127 1464 etiam
2159 1424 2276 1461 extra
2298 1415 2366 1460 di-

1353 1481 1459 1520 ctum
1470 1479 1561 1520 Con
1569 1487 1736 1520 ventum
1752 1477 1813 1520 uti
1828 1477 1958 1520 libere
1969 1507 1983 1531 ‚
1995 1479 2034 1520 δι
2046 1476 2163 1522 licite
2177 1478 2359 1530 valeant3

1353 1538 1411 1580 ita
1425 1545 1558 1577 tamen
1577 1565 1591 1590 ‚
1609 1547 1654 1581 ut
1673 1536 1789 1580 finito
1803 1535 1869 1578 usu
1882 1535 2138 1593 hujusmodi,
2158 1536 2196 1578 in
2210 1536 2363 1578 dietam

1354 1596 1644 1640 Bibliothecam
1661 1595 1893 1653 reportari,
1924 1596 1963 1639 in
1978 1611 2105 1653 eaque
2132 1593 2201 1639 sub
2219 1593 2362 1638 iisdem

1355 1656 1488 1710 poenis
1519 1656 1659 1713 reponi
1701 1654 1879 1698 debeant
1911 1683 1924 1696 .
1971 1659 2070 1700 Non
2109 1653 2362 1698 obstantibus

1352 1714 1724 1757 Constitutionibus
1738 1743 1753 1765 ,
1780 1714 1821 1755 &
1833 1712 2173 1759 Ordinationibus
2186 1713 2363 1768 Aposto-

1349 1773 1464 1821 licis‚
1492 1773 1555 1821 δι,
1583 1783 1782 1827 quatenus
1800 1786 1900 1828 opus
1918 1771 1964 1814 fit
1979 1803 1996 1824 ,
2016 1770 2289 1824 Conventfis‚
2319 1772 2361 1813 &

1361 1830 1528 1872 Ordinis
1555 1829 1813 1886 hujusmodi,
1838 1830 1962 1872 etiam
1979 1831 2237 1888 juramento,
2261 1843 2363 1872 con-

1362 1887 1593 1932 firmatione
1607 1887 1842 1943 Apostolica
1862 1915 1876 1937 ‚
1906 1889 1969 1932 vel
1986 1888 2126 1946 quavis
2141 1889 2220 1932 alia
2233 1885 2363 1931 firmi·

1364 1959 1450 1992 tate
1466 1947 1672 1990 roboratis
1690 1976 1704 2000 ‚
1717 1947 1876 1991 statutis
1892 1976 1907 2000 ,
1932 1950 1971 1991 δι
1984 1947 2360 2000 consuetudinibus,

1361 2006 1596 2064 caeterisque
1609 2007 1829 2051 contrariis
1845 2006 2165 2065 quibuscumque
2183 2036 2195 2049 .
2227 2005 2365 2051 Volu-

1360 2082 1450 2111 mus
1481 2076 1618 2110 autem
1640 2097 1656 2118 ,
1691 2067 1800 2123 quod
1827 2066 2030 2124 praesentis
2075 2067 2364 2125 prohibitionis

1361 2124 1594 2177 exemplum
1622 2124 1661 2164 in
1689 2125 1816 2167 valvis
1841 2127 1955 2168 dieiae
1970 2126 2263 2176 Bibliothecae,
2292 2135 2363 2167 aut

1357 2181 1441 2222 alio
1456 2179 1549 2219 loco
1563 2179 1784 2236 conspicuo
1798 2209 1814 2233 ,
1840 2182 1908 2225 ubi
1922 2184 1974 2226 ab
1993 2184 2182 2228 omnibus
2212 2184 2323 2227 cerni
2338 2212 2357 2235 ,

1355 2237 1489 2291 &legi
1507 2235 1621 2290 possit
1635 2268 1650 2289 ,
1676 2237 1837 2282 affixum
1859 2239 2006 2285 affidue
2020 2252 2228 2285 remaneat
2241 2271 2254 2284 .

1472 2297 1629 2335 Datum
1643 2299 1786 2345 Roma:
1811 2298 1920 2352 apud
1945 2301 2134 2340 Sanctum
2162 2304 2356 2350 Petrum,

1356 2353 1427 2396 sub
1467 2351 1636 2394 Annulo
1664 2352 1878 2398 Piscator-is
1905 2384 1919 2407 ,
1951 2357 2019 2400 die
2041 2370 2105 2399 xv
2126 2370 2161 2399 ι.
2202 2355 2359 2413 Aprilis

1359 2422 1562 2458 mucciu-
1580 2410 1844 2458 pontificatus
1859 2414 1982 2460 nostri
2002 2417 2123 2460 Anno
2139 2417 2309 2466 Tertio·

1421 2531 1673 2590 Autograph.
1699 2531 1742 2574 in
1758 2532 1929 2576 Archino
1955 2538 2101 2578 secret.
2130 2523 2364 2578 Bavium-5

1480 2591 1785 2651 Apostolicorum
1791 2592 1945 2651 Regesto
1957 2593 2132 2652 mens&
2144 2600 2243 2638 anni
2250 2604 2361 2651 pre·

1480 2653 1623 2699 differ.
1639 2651 1722 2712 fel.
1727 2663 1798 2707 40.

2160 3842 2300 3886 PRO*
