2638 4088
338 399 447 444 votis
471 401 542 440 hac
570 397 611 438 in
645 398 792 450 parte,
819 388 1014 448 quantum
1037 401 1131 432 cum
1155 389 1337 432 Domino

338 457 545 516 possumus
568 484 582 507 ,
608 452 887 494 favorabiliter
918 462 1093 491 annuere
1125 449 1335 502 volentes,

341 513 704 574 supplicationibus
722 508 933 559 inclinati,
944 521 990 549 ac
1006 507 1094 549 vifis
1108 509 1221 562 super
1240 522 1338 562 pra:-

339 575 460 621 minis
483 587 562 619 tam
583 570 804 621 Tua‚quam
827 566 1084 610 Venerabilis
1104 569 1256 610 Fratris
1267 569 1339 625 Jo-

340 635 475 692 sephi,
502 625 805 682 Archiepiscopi
824 625 1182 677 Teffalonicensis,
1210 628 1335 669 nostri

338 697 380 738 &
407 687 645 748 Apostolicae
672 684 790 728 Sedis
814 686 852 728 in
880 686 1035 741 Regnis
1055 685 1332 737 ¹earumdem-2

339 750 617 808 Hispaniarum
633 743 780 788 Nuncii
802 744 1067 787 relationibus
1082 774 1098 796 ,
1125 744 1332 788 Fraterni-

339 813 418 856 'tati
435 812 529 853 Tuae
544 818 613 861 per
629 804 838 860 praesentes
856 803 1150 846 committimus
1166 805 1206 846 δι
1222 818 1331 846 man-

340 873 481 914 damus
497 874 568 917 ,ut
581 889 595 910 2
611 863 816 918 postquam
842 863 933 906 Tibi
955 861 1333 917 constiter.it,fabri-

340 942 430 971 cam
446 922 621 981 praedicti
638 921 732 964 novi
748 920 988 966 Conventus
1018 936 1111 964 cum
1125 922 1304 965 Ecclesia
1315 947 1331 971 5

339 981 555 1042 campanili
570 1010 585 1032 ,
602 982 732 1023 choro
743 1009 759 1030 ,
775 981 961 1032 sacristia,
977 981 1193 1024 resestorio
1202 1010 1218 1032 ‚
1232 980 1333 1022 dor-

338 1044 534 1094 mitorio,
559 1039 687 1082 hortis
717 1039 920 1094 &spatiis,
939 1041 1115 1083 numeris
1144 1039 1332 1082 omnibus

341 1103 417 1149 effe
442 1099 663 1147 absolutam
682 1125 698 1150 ,
721 1100 762 1140 &
782 1096 1022 1153 supellectili
1059 1108 1142 1142 tam
1162 1097 1333 1148 sacra-2,

340 1167 461 1222 quam
476 1158 682 1218 prophana
698 1156 941 1200 sufficienter
966 1155 1193 1202 instruRam
1212 1186 1228 1209 ,
1258 1171 1333 1200 nee

340 1236 423 1266 non
446 1234 498 1265 ex
519 1215 783 1271 eleemosynis
799 1215 960 1272 piorum
987 1216 1330 1260 benefactorum.»

339 1277 571 1338 hujusmodi
586 1274 823 1331 Religiosos
849 1275 1067 1319 commode
1082 1306 1098 1328 ,
1122 1277 1163 1317 δε
1187 1274 1333 1331 absque

341 1342 515 1384 aliorum
542 1334 808 1389 Regularium
844 1333 1080 1392 praejudicio
1122 1333 1333 1377 sustentari

340 1397 450 1457 posse
465 1424 480 1446 a
501 1394 552 1438 ad
568 1395 735 1449 petitam
745 1391 986 1437 Conventus
1016 1395 1263 1437 erc-{tionem
1289 1395 1331 1436 in

341 1460 452 1502 dicto
468 1451 631 1510 Oppido
647 1453 784 1497 Vianae
795 1481 809 1504 ‚
824 1454 864 1495 &
882 1452 1184 1508 Religiosorum
1196 1454 1333 1496 intro·

341 1516 589 1563 ductionem,
603 1512 768 1556 servatis
783 1510 987 1555 servandis
1005 1541 1019 1564 ,
1032 1513 1330 1557 auctoritate..-

340 1573 477 1619 no'stra
506 1570 744 1626 Apostolica
773 1584 848 1626 pro
880 1581 954 1615 tuo
983 1570 1155 1615 arbitrio
1180 1573 1332 1614 &con-

339 1632 510 1675 scientia
526 1629 748 1684 procedas,
766 1629 824 1673 ita
840 1639 974 1675 tamen
994 1658 1010 1681 ,
1037 1641 1081 1672 ut
1106 1631 1145 1673 in
1161 1630 1330 1686 reliquis

339 1706 388 1736 ea
407 1689 567 1737 omnia,
581 1703 667 1744 quae,
680 1701 754 1743 per
771 1692 919 1733 Sacros
937 1693 1141 1742 Canones‚
1159 1692 1332 1734 Sacrum

338 1749 577 1795 Concilium
593 1748 880 1791 Tridentinum
893 1775 910 1798 a
935 1747 1258 1792 constitutiones
1274 1750 1334 1789 A·

337 1808 553 1866 postolicas
581 1808 618 1849 δι
634 1805 805 1849 Ordinis
822 1834 838 1857 ,
859 1819 1083 1861 eorumque
1107 1809 1337 1849 Fratrum-a

338 1868 640 1925 Capucinorum
657 1861 768 1908 circa
794 1877 996 1908 novorum
1010 1865 1339 1909 Conventuum„

339 1926 565 1972 ereetiones
587 1920 822 1981 praescriptae
836 1921 943 1974 sunt,
957 1922 1150 1980 religiose
1174 1923 1336 1967 serven-

343 1999 412 2030 tur
427 2016 439 2028 .
468 1990 564 2030 Non
592 1983 842 2026 obstantibus
865 1981 1094 2042 praemiffis,
1113 1998 1160 2027 ac
1172 1978 1338 2040 praeser-

339 2048 416 2090 tim
439 2042 682 2101 praeinsertis
709 2042 935 2086 Clementis
965 2071 980 2095 ,
1013 2043 1053 2084 δι
1088 2041 1338 2098 ρι’ῐωοάῐέὶίς

341 2103 573 2149 Alexandri
602 2100 938 2159 praedeceisorum
965 2102 1144 2150 litteris,
1173 2100 1358 2155 aliisque'

340 2162 705 2207 Constitutionibus
715 2190 732 2211 ,
759 2163 800 2203 δι
813 2160 1149 2205 Ordinationibus
1163 2161 1197 2199 A
1203 2158 1337 2210 posto—

341 2223 458 2268 licis,
473 2234 547 2261 nec
568 2232 647 2260 non
662 2218 852 2257 omnibus
868 2241 882 2264 ,
901 2217 943 2253 δε
962 2212 1238 2267 fingulisiuis,
1255 2225 1340 2266 quae

341 2280 383 2320 in
399 2276 551 2318 eisdem
572 2271 720 2326 litteris
743 2267 922 2312 conceffa
937 2267 1028 2312 sunt
1051 2283 1132 2312 non
1154 2270 1309 2312 obstare
1324 2296 1339 2317 2

343 2331 575 2388 eaeterisque
589 2329 803 2372 contrariis
826 2328 1165 2382 quibuscumque.

436 2420 438 2423 -
462 2394 614 2433 Datum
646 2386 783 2425 Romae
804 2383 911 2437 apud
946 2385 1130 2424 Sanctam
1160 2384 1334 2426 Mariam

346 2450 552 2506 Maiorem
584 2445 653 2487 sub
682 2441 850 2483 Annulo
871 2440 1087 2486 Piscatoris
1124 2438 1193 2483 die
1219 2442 1334 2484 deci-

345 2523 407 2553 ma
438 2510 544 2551 sexta
571 2499 816 2546 Novembris
852 2513 1136 2545 mncxcvnx.
1157 2499 1334 2545 Pontifi-

344 2566 459 2617 catus
477 2560 597 2608 nostri
623 2563 747 2605 Anno
760 2562 928 2606 οέὶανο.

399 2682 649 2739 Autograph.
678 2680 722 2723 in
751 2679 925 2724 Archiae
943 2683 1087 2724 secret.
1105 2683 1341 2727 Bauium

457 2738 889 2859 22st
911 2740 1031 2799 mens
1052 2740 1102 2790 <ff
1127 2750 1335 2797 ann-p

343 2945 459 2962 ...n-
465 2939 814 2959 ι--ι-ι--Ι--Ι-ῑ
1050 2941 1342 2957 -η--ιιιι-

341 3043 620 3098 Custodiam
652 3043 877 3090 Navarrae
905 3038 1234 3091 &c'Gantabriae
1252 3041 1338 3090 in.»

411 3116 707 3166 Provinciam
727 3111 872 3181 erigi,
892 3109 940 3161 ὅ(
953 3110 1152 3160 οτεξὶειηι
1191 3113 1336 3162 omni-

412 3190 497 3235 bus
537 3186 729 3235 aliarum
762 3183 1113 3232 Provinciarum
1129 3181 1333 3246 juribus,

410 3257 460 3307 ὅ(
481 3256 738 3324 privilegiis
767 3250 859 3307 frui
884 3250 932 3304 <St
955 3251 1154 3326 gaudere
1180 3251 1333 3324 poffe.»

412 3327 614 3376 decernit
627 3361 640 3374 .

343 3456 942 3513 INNOCENTIUS
989 3457 1179 3506 PAPA
1231 3460 1335 3508 XI.

522 3574 594 3619 Ad
594 3583 823 3634 perpetuam
839 3580 900 3619 rei
915 3577 1164 3619 memoriam-⁴

429 3693 656 3738 Acrosanc'ti
674 3693 934 3750 Apostolatfis
963 3695 1141 3738 officium
1171 3695 1333 3739 humilii

344 3700 413 3811 S
446 3757 521 3795 tati
535 3755 675 3797 nostrae
690 3768 762 3810 per
779 3753 1021 3797 ineffabilem
1048 3754 1192 3798 divinae
1213 3755 1331 3797 boni-

346 3815 442 3854 tatis
458 3814 873 3862 abundantiammullo
892 3813 992 3855 licet
1008 3816 1247 3858 meritorum
1263 3827 1335 3856 no·

346 3870 516 3918 litorum
529 3870 714 3931 suffragio
731 3870 996 3924 commistum,
1010 3873 1226 3920 sslubriter
1238 3886 1333 3916 exe-

1074 243 1666 334 Provincia

1395 393 1461 447 qui
1492 391 1541 431 ad
1546 390 1712 447 juvante
1744 383 1928 433 Domino'
1968 390 2121 448 jugiter
2151 392 2399 453 satagentes,

1396 450 1704 506 Religiosorum
1734 450 1933 493 Virorum
1962 452 2154 495 Altiffimi
2190 455 2393 511 obsequiis

1400 509 1470 552 iub
1493 509 1675 551 arc‘tioris
1700 507 1920 565 disciplina:
1939 508 2122 554 instituto
2149 516 2392 568 mancipato-

1393 568 1489 612 ‘rum
1506 597 1522 619 ‚
1553 567 1770 624 uberesque
1792 568 1991 612 bonorum
2009 583 2179 625 operum
2195 568 2397 614 fruflusin·

1397 628 1580 671 Ecclesia
1599 627 1678 670 Dei
1695 627 1924 684 adspirante
1942 628 2084 671 Divini
2103 627 2254 673 favoris
2277 630 2394 673 auxi-

1395 687 1454 729 lio
1476 685 1661 741 proferre
1677 685 1824 729 affidue
1847 686 2095 731 studentium
2110 688 2227 732 flatui
2245 690 2313 740 ,&
2329 688 2405 731 se·-

1395 745 1464 789 lici
1491 744 1705 788 directioni
1729 746 1940 790 consulere
1965 746 2162 804 peculiari
2185 746 2401 791 sollicitu··

1393 803 1489 847 dine
1506 802 1709 847 studemus
1721 829 1738 852 s
1759 803 1856 847 sicut
1873 805 1938 863 pia
1962 805 2287 849 orthodoxorum
2301 808 2389 850 Re-

1393 877 1486 919 gum
1501 862 1798 920 multiplicibus
1824 863 1863 907 in
1879 867 1980 909 hane
1996 867 2176 908 Santram
2200 865 2386 909 Sedent-a

1391 921 1549 965 meritis
1582 920 1824 978 fulgentium
1850 935 1945 967 vota
1966 924 2194 979 postulant,
2225 925 2267 966 δι
2293 927 2384 968 Nos

1392 981 1576 1024 omnibus
1592 991 1754 1025 maturae
1768 984 2097 1027 considerationis
2124 980 2278 1026 trutina
2292 997 2386 1040 per-

1391 1038 1517 1097 penfis
1532 1069 1546 1093 ,
1561 1039 1612 1082 ad
1636 1041 1941 1096 Omnipotentis
1956 1043 2033 1086 Dei
2048 1042 2240 1098 gloriam,
2251 1043 2292 1088 &
2305 1043 2389 1087 Re-

1394 1099 1557 1156 ligionis
1590 1098 1831 1156 piorumque
1862 1114 2033 1157 operum
2061 1101 2360 1145 incrementum
2374 1125 2391 1149 2

1395 1160 1436 1201 δι
1456 1158 1617 1201 felicem
1641 1156 1903 1216 progressum·
1919 1159 2110 1217 expedire
2133 1160 2174 1203 in
2207 1160 2392 1204 Domino

1396 1217 1640 1260 arbitramur
1655 1247 1668 1257 .
1681 1221 1790 1262 Cum
1803 1218 1938 1274 itaque
1951 1247 1966 1270 ‚
1995 1219 2095 1262 ficut
2117 1218 2281 1262 nomine
2296 1218 2401 1260 chae·

1396 1275 1534 1319 riffimi
1547 1277 1588 1318 in
1604 1276 1771 1319 Christo
1786 1277 1877 1320 Filii
1893 1278 2016 1323 nostri
2033 1306 2047 1329 ,
2062 1277 2224 1327 Caroli,
2242 1273 2391 1332 Hispa-

1394 1335 1548 1379 niarum
1565 1334 1692 1390 Regis
1706 1335 1916 1380 Catholici
1939 1337 2068 1380 Nobis
2101 1351 2230 1392 nuper
2244 1332 2405 1391 exponi.

1393 1393 1490 1437 fecit
1509 1392 1680 1436 dilefiius
1695 1393 1833 1444 Filius,
1849 1396 1993 1438 nobilis
2013 1396 2102 1446 Vir,
2122 1395 2278 1451 Gaspar
2295 1394 2389 1437 de.»

1391 1457 1523 1505 Haro,
1535 1454 1574 1495 &
1592 1455 1796 1501 Guzman,
1811 1454 1997 1497 Marcbio
2010 1453 2062 1496 de
2087 1455 2241 1510 Carpio
2253 1483 2268 1507 ,
2283 1450 2407 1510 ejus·-

1395 1515 1491 1555 dem
1504 1509 1648 1556 Caroli
1668 1511 1792 1567 Regis
1807 1513 1910 1569 apud
1927 1515 2016 1557 Nos
2031 1542 2045 1564 ,
2057 1514 2095 1554 &
2108 1513 2254 1557 Sedem
2277 1515 2392 1568 Apo-

1393 1570 1576 1616 stolicam
1590 1573 1746 1615 Orator
1757 1601 1774 1623 ‚
1790 1571 1985 1616 Custodia
2002 1575 2209 1624 Navarrae,
2224 1573 2265 1614 &
2281 1573 2396 1614 can-

1394 1630 1532 1674 tabriae
1553 1629 1722 1673 Ordinis
1752 1631 1943 1673 Fratrum
1976 1631 2185 1674 Minorum
2217 1633 2259 1674 S.
2275 1631 2402 1675 Fran--

1391 1690 1487 1733 cisci
1499 1689 1807 1744 Capucinorum
1819 1693 2263 1745 nuncupatorum,o&o
2276 1691 2394 1731 Con-

1398 1748 1588 1791 ventibus
1601 1778 1616 1799 ,
1629 1761 1678 1790 ex
1700 1748 1846 1804 quibus
1861 1747 1944 1790 duo
1968 1748 2199 1791 litterarum
2219 1745 2360 1790 studiis
2375 1775 2393 1797 ‚
2467 1747 2472 1753 ’

1398 1809 1439 1849 &
1453 1819 1550 1847 unus
1567 1805 1801 1849 Novitiatui
1824 1804 2046 1862 respective
2070 1807 2258 1850 destinati
2275 1804 2365 1849 sunt
2383 1832 2400 1856 ,

1399 1879 1446 1907 ac
1458 1863 1652 1906 ducentis
1670 1891 1683 1914 ,
1697 1865 1738 1905 δι
1755 1864 1896 1918 viginti
1920 1864 2079 1907 duobus
2094 1893 2108 1917 ,
2135 1863 2203 1907 vel
2229 1863 2395 1907 circiter

1400 1922 1610 1967 Fratribus
1625 1922 1779 1965 constet
1797 1951 1813 1973 ‚
1836 1921 1967 1966 dinus
1995 1925 2096 1968 vero
2112 1922 2286 1966 Car-olus
2302 1922 2394 1966 Rex

1399 1981 1568 2027 eandem
1600 1981 1836 2025 Custodiam
1866 1982 1908 2024 in
1936 1989 2082 2027 novam
2100 1982 2196 2027 dicti
2224 1979 2395 2024 Ordinis

1402 2042 1663 2086 Provinciam
1682 2070 1695 2094 ,
1710 2041 1761 2084 ad
1778 2041 1898 2086 instar
1917 2042 2086 2087 aliarum
2104 2042 2222 2099 ipfius
2235 2040 2400 2084 Ordinis

1402 2101 1713 2143 provinciarum
1733 2101 1772 2143 in
1787 2100 2068 2155 Hispaniarum
2087 2099 2243 2157 Regnis
2271 2099 2407 2143 confi-

1403 2157 1618 2200 stentiuma
1635 2169 1721 2209 quae
1749 2171 1841 2197 cum
1864 2160 1980 2212 pari,
2016 2160 2082 2201 vel
2103 2158 2254 2203 minori
2282 2161 2403 2201 Con-

1402 2222 1592 2256 ventuum
1607 2224 1776 2255 numero
1790 2223 1883 2257 ante
1896 2216 1970 2259 hac
1990 2219 2134 2259 erestae
2150 2216 2315 2259 fuerunt
2330 2241 2345 2266 2
2374 2218 2398 2260 ὲ

1404 2271 1536 2313 Nobis
1552 2271 1653 2324 erigi
1683 2271 1901 2326 plurimum
1928 2274 2162 2327 defideret3
2193 2275 2260 2318 Ad
2294 2273 2399 2316 hanc

1400 2336 1536 2370 autem
1558 2329 1804 2370 erectionem
1829 2343 1910 2371 non
1925 2330 2052 2373 solum
2069 2332 2255 2386 Capituli
2271 2344 2399 2386 gene·

1397 2385 1493 2428 ralis
1509 2384 1603 2428 dieti
1617 2385 1784 2434 Ordinis
1810 2386 2021 2432 noviffime
2033 2389 2236 2434 celebrati
2255 2399 2401 2447 appro-

1399 2444 1541 2495 batio,
1573 2445 1640 2487 sed
1668 2444 1794 2489 etiam
1819 2446 2060 2490 dilec'torum
2078 2448 2278 2492 Filiorum
2307 2459 2399 2493 mo·>

1398 2503 1620 2546 dernorum
1634 2504 1898 2559 Superiorum
1914 2506 2094 2562 ejusdem
2120 2508 2286 2551 Ordinis
2302 2521 2394 2552 con-

1398 2561 1531 2605 sensus
1563 2574 1836 2607 concurrant:
1868 2566 1998 2610 Nobis
2026 2568 2240 2623 propterea
2262 2566 2395 2610 dietus

1404 2621 1557 2678 Gaspar
1573 2621 1953 2679 Marchio,ejusdem
1967 2626 2105 2671 Caroli
2122 2627 2250 2681 Regis
2265 2626 2400 2668 nomi·

1403 2696 1452 2730 ne
1471 2681 1679 2738 supplicari
1697 2682 1823 2732 fecit,
1851 2692 1895 2726 ut
1913 2684 1951 2726 in
1973 2683 2174 2739 praemiffis
2197 2695 2398 2740 opportu-

1397 2741 1448 2787 ηὲ.
1463 2741 1769 2798 providere,&,
1781 2753 1827 2786 ut
1841 2740 1959 2795 infra,
1972 2742 2184 2800 indulgere
2208 2742 2261 2786 de
2275 2742 2396 2790 beni-

1397 2801 1557 2858 gnitate
1571 2802 1805 2856 Apoflolica
1830 2801 2119 2858 dignaremur.
2151 2806 2239 2847 Nos
2269 2803 2397 2862 igitur

1403 2861 1477 2917 piis
1494 2859 1614 2916 ipiius
1631 2861 1776 2904 Caroli
1794 2863 1920 2916 Regis
1938 2863 2042 2906 votis
2058 2863 2131 2906 hac
2147 2862 2187 2905 in
2202 2877 2262 2915 re,
2276 2875 2399 2917 quan·

1402 2920 1489 2961 tum
1502 2934 1595 2963 cum
1615 2922 1792 2964 Domino
1806 2918 2023 2977 poffumus,
2039 2920 2315 2965 favorabiliter
2326 2935 2399 2963 an-

1401 2993 1529 3023 nuere
1546 2981 1734 3024 volentes
1747 3008 1761 3031 ,
1782 2979 2013 3036 hujusmodi
2037 2980 2394 3038 supplicationibus

1398 3038 1610 3092 inclinati,
1641 3050 1906 3084 memoratam
1921 3038 2157 3085 Custodiam
2183 3043 2392 3092 Navarra,

1396 3099 1436 3140 δι
1450 3099 1694 3153 Cantabriae,
1706 3101 1745 3142 in
1761 3113 1906 3144 novam
1919 3099 2084 3143 Ordinis
2099 3099 2279 3156 praedieti
2293 3100 2397 3143 Pro·

1397 3158 1573 3200 vinciam
1588 3188 1603 3211 ,
1624 3173 1708 3217 quae
1731 3159 1780 3202 ab
1815 3173 1896 3202 uno
1910 3159 2095 3202 Ministro
2112 3156 2364 3203 Provincia-li
2377 3186 2392 3209 ,

1395 3229 1443 3258 ac
1462 3216 1756 3262 Definitoribus
1769 3246 1784 3271 ,
1806 3217 1971 3276 aliisilue
1995 3215 2391 3273 officialibuffluxta

1395 3276 1716 3321 Constitutiones
1740 3276 1916 3335 ejusdem
1930 3276 2097 3320 Ordinis
2110 3305 2126 3327 ,
2147 3275 2387 3319 auam-itate

1400 3335 1437 3377 A
1445 3335 1637 3389 postolica
1650 3337 1895 3396 approbatas
1912 3333 2107 3390 eligendis
2120 3360 2134 3384 ,
2148 3335 2186 3376 &
2199 3333 2395 3377 assumen-

1400 3393 1461 3436 dis
1478 3423 1492 3446 ,
1513 3396 1601 3451 regi
1633 3399 1674 3439 δι
1688 3395 1905 3452 gubernari
1936 3392 2114 3444 debeat,
2145 3393 2202 3436 ita
2216 3403 2262 3437 ut
2277 3392 2391 3448 ipsa..

1398 3467 1502 3497 nova
1515 3455 1755 3504 Provincia,
1785 3451 1973 3508 illiusque
1999 3451 2187 3496 Minister
2208 3453 2386 3497 Provin-

1395 3512 1510 3557 cialis
1522 3541 1537 3566 ‚
1557 3512 1805 3557 Definitores
1821 3540 1835 3563 ,
1850 3512 2062 3568 caeterique
2081 3511 2286 3556 officiales
2302 3540 2318 3564 ,
2348 3514 2390 3555 δε

1398 3575 1560 3616 Fratres
1574 3588 1648 3630 pro
1662 3584 1846 3628 tempore
1872 3571 2087 3615 existentes
2102 3572 2287 3615 omnibus
2301 3598 2316 3621 ,
2346 3571 2387 3613 δε

1398 3631 1561 3688 fingulis
1575 3632 1795 3688 privilegiis
1809 3659 1823 3683 ,
1845 3630 2003 3687 juribus
2018 3660 2038 3682 ,
2057 3630 2386 3688 praeeminentiis,

1391 3693 1685 3750 praerogativis,
1706 3691 1949 3743 honoribus,
1963 3691 2103 3747 gratiis
2117 3720 2133 3743 ,
2143 3693 2184 3734 δι
2203 3688 2386 3737 indultis,

1392 3753 1534 3807 quibus
1549 3751 1634 3795 aliae
1646 3750 1742 3793 dicii
1757 3750 1925 3794 Ordinis
1939 3749 2165 3794 Provincia:
2182 3750 2222 3792 in
2237 3747 2323 3792 His
2312 3761 2386 3805 pa-

1395 3812 1550 3854 niarum
1572 3810 1727 3865 Regnis
1755 3808 1951 3867 praedictis
1975 3809 2234 3853 consistentes
2258 3836 2273 3860 ,
2305 3817 2386 3848 tam

1393 3870 1445 3913 de
1461 3870 1551 3927 jure
1566 3898 1581 3926 2
1611 3869 1708 3922 usu,
1735 3867 2078 3915 &consuetudine
2098 3897 2114 3922 ,
2137 3869 2256 3925 quam
2285 3865 2384 3908 alias

2234 3938 2335 3979 quoe
