2704 4120
461 207 576 289 28
1091 203 1741 291 *Provincid

403 365 575 437 pellam
592 361 846 432 sepulturae
860 353 1078 408 accedens
1097 366 1286 403 renovat
1299 387 1318 412 ,
1353 353 1417 404 ita
1433 351 1484 407 ὅ(
1497 355 1760 424 exemplum
1778 354 2096 421 crudelitatis³
2130 362 2333 434 specioso
2369 369 2470 419 cha-

403 439 551 490 ritatis
563 452 703 504 opere
720 431 914 500 palliatae
930 463 947 486 ,
978 423 1094 490 justa
1110 424 1176 472 ira
1191 422 1390 476 recenset
1407 466 1421 481 .

546 512 623 559 Fr.
641 500 904 556 Leonardus
922 493 1215 549 Carnotenfis
1228 530 1245 554 ,
1277 495 1446 547 Custos
1465 495 1514 550 ἃ
1529 497 1751 550 Vifitator
1761 499 2036 553 Miffionum
2049 504 2240 558 Candiae
2263 509 2378 562 dum
2390 515 2474 562 In.

403 581 577 632 fantem
597 577 736 627 morti
751 571 1016 641 proximum
1033 582 1153 633 aqua
1168 563 1325 617 salutis
1340 569 1468 618 lavat
1484 605 1501 628 ,
1536 567 1753 639 sanguine
1769 571 1947 624 lethalis
1961 576 2166 626 vulneris
2181 583 2473 633 contamina-

403 668 481 704 tur
498 689 515 712 ‚
549 650 599 702 &
627 648 727 697 citae
755 641 916 692 mortis
949 636 1209 705 periculum
1235 655 1292 687 ne
1324 637 1523 696 subiret,
1554 641 1618 690 ad
1636 641 1774 691 aliam
1794 642 2002 695 Insulam
2029 665 2149 697 anno
2177 659 2270 714 164
2274 671 2326 713 9.
2345 667 2468 703 tran·

403 722 480 774 fiit
497 758 513 781 ,
549 719 742 772 lentiore
763 710 993 760 charitatis
1006 710 1242 776 martyrio
1256 709 1549 778 Apostolicos
1564 712 1740 762 labores
1754 717 2069 783 completurus
2085 753 2098 767 .
2137 720 2471 775 charitatem.»

404 795 518 844 dum
533 789 661 840 furor
678 781 894 835 barbarus
907 781 954 829 in
967 783 1059 830 FF.
1074 781 1367 850 Archangelo
1379 816 1395 838 ‚
1432 778 1482 831 ἃ
1500 778 1703 833 Paschali
1718 784 1746 833 ὲ
1760 786 1940 836 Treclis
1964 790 2236 860 extinguere
2260 809 2355 843 non
2382 802 2466 863 poi

405 866 613 921 tuit,eam
627 873 751 925 aquae
766 851 903 903 maris
919 852 963 900 in
981 850 1133 901 reditu
1148 869 1202 901 ex
1217 849 1396 901 Candizi
1410 850 1468 901 ad
1483 854 1777 905 Provinciam
1787 874 1896 907 cum
1910 856 2153 931 naufragio
2169 860 2466 916 consumma·

403 937 474 985 vit
489 967 505 990 ,
540 923 839 979 cadaveribus
869 939 1031 974 eorum
1060 924 1176 973 mire
1210 921 1271 973 ad
1300 937 1488 994 portam
1512 925 1784 995 Conventus
1812 927 2053 981 Blessenfis
2070 949 2163 1001 per
2197 931 2465 1003 spumantes

404 1024 429 1053 a
462 1019 541 1051 uas
560 1000 747 1050 delatis.

433 1021 460 1071 q
544 1074 680 1124 Plura
696 1068 745 1123 &
761 1069 849 1120 alia
865 1067 1050 1138 tragicae
1067 1064 1348 1138 probationis
1360 1070 1569 1138 exempla
1583 1067 1727 1132 sileo}
1761 1091 1874 1126 cum
1890 1072 2088 1128 addufia
2105 1075 2246 1128 fidem
2261 1075 2369 1129 fidei
2401 1076 2467 1130 fa-

403 1146 525 1196 ciant
541 1141 849 1194 sufficientem
867 1177 880 1191 .

546 1215 624 1265 Ad
641 1212 791 1282 ipsum
809 1212 993 1281 regium
1007 1210 1256 1264 Thronum
1289 1212 1439 1263 virtus
1472 1218 1691 1266 Fratrum
1717 1219 2010 1283 penetravit,
2049 1220 2155 1269 hinc
2171 1236 2263 1270 non
2281 1218 2473 1273 sehim-³

401 1306 563 1339 eorum
579 1303 698 1337 curae
715 1281 976 1351 Hospitalia
990 1283 1039 1332 in
1056 1284 1168 1333 locis
1189 1289 1522 1336 Conventuum
1541 1286 1774 1338 commifit
1791 1323 1811 1347 ,
1843 1290 1997 1358 plures
2019 1307 2182 1341 eorum
2211 1292 2257 1340 in
2273 1291 2473 1342 Concio-

400 1377 581 1410 natores
602 1359 774 1428 Regios
791 1353 952 1423 selegit
970 1393 986 1415 ,
1002 1353 1076 1403 sed
1095 1356 1234 1408 etiam
1254 1373 1333 1423 per
1345 1372 1422 1405 eos
1436 1354 1524 1408 suae
1538 1359 1718 1427 pietatis
1734 1373 1846 1410 vota
1862 1357 2085 1428 persolvit
2101 1396 2114 1411 .
2153 1365 2230 1414 Fr.
2243 1361 2473 1414 Claudius

399 1428 637 1485 Arnensis,
656 1445 710 1478 ex
726 1424 892 1478 illustri
921 1427 980 1476 de
1006 1429 1206 1496 Bergues
1224 1428 1414 1477 Familia
1432 1465 1447 1487 ,
1464 1428 1513 1481 <St
1535 1431 1685 1501 Belgii
1703 1429 2041 1482 Gubernatoris
2058 1433 2204 1482 Filius
2222 1467 2239 1490 ,
2276 1429 2390 1483 ficut
2405 1449 2471 1482 re·

398 1507 532 1573 gium
553 1498 767 1552 affetstum
785 1497 939 1548 indole
959 1496 1037 1547 sud
1055 1495 1103 1548 δι
1122 1500 1298 1548 virtute
1315 1503 1607 1567 peculiariter
1623 1501 1706 1552 fibi
1729 1503 1999 1553 conciliavit
2016 1537 2033 1562 ,
2069 1504 2133 1553 ira
2148 1501 2197 1555 ἃ
2217 1503 2243 1551 ὲ
2262 1503 2473 1554 Ludovi-

398 1593 456 1623 co
475 1577 628 1625 Xlll.
643 1609 659 1631 ,
698 1570 746 1622 ἅ
763 1571 941 1640 Regina
957 1573 1096 1620 Anna
1115 1567 1305 1620 selefius
1318 1605 1334 1628 ,
1372 1569 1421 1621 ἃ
1435 1573 1676 1643 ablegatus
1693 1573 1756 1622 est
1773 1575 1818 1622 in
1833 1571 2101 1624 Palestinam
2118 1609 2134 1634 ,
2172 1587 2226 1624 ut
2237 1573 2295 1624 ad
2311 1575 2477 1641 Sepul-

399 1646 562 1694 chrum
583 1644 774 1695 Domini
802 1656 1071 1711 argenteum
1090 1638 1325 1709 pusionem
1344 1660 1450 1693 cum
1470 1643 1759 1712 lampadibus
1783 1645 1828 1693 in
1854 1644 2097 1695 anathema
2117 1642 2322 1703 offerret,
2341 1642 2471 1712 quod

396 1720 527 1768 Deus
545 1716 709 1785 Magni
728 1713 956 1764 Ludovici
972 1715 1118 1763 xlv.
1135 1728 1268 1781 partu
1285 1714 1602 1783 compensavit
1620 1752 1632 1764 .
1666 1717 1956 1785 Fr.Joannes
1979 1718 2131 1766 Maria
2157 1717 2214 1766 de
2237 1717 2439 1767 Treslon
2453 1750 2473 1774 ,

397 1789 444 1836 in
474 1785 640 1836 saeculo
668 1791 815 1851 Eques
838 1781 1125 1843 Melitensis,
1150 1784 1199 1835 ἃ
1226 1785 1274 1832 in
1295 1786 1480 1836 Ordine
1507 1787 1725 1838 Henricae
1757 1786 1996 1838 Borboniae
2022 1825 2039 1846 ,
2080 1789 2267 1858 Reginae
2283 1789 2474 1855 Magnae

398 1858 648 1907 Britanniae
662 1856 685 1902 ἓι
702 1853 1077 1903 Confeffionibus
1097 1888 1113 1909 ,
1144 1851 1266 1914 juffu
1286 1855 1487 1913 ejusdem
1515 1856 1575 1902 ad
1598 1857 1738 1903 AEdes
1754 1860 2031 1906 Lauretanas
2054 1855 2344 1924 splendidum
2369 1873 2476 1906 mu-

397 1946 482 1978 nus
498 1963 514 1986 ,
552 1924 602 1977 &
619 1923 677 1975 ad
693 1920 987 1974 Pontificium
1006 1918 1173 1970 solium
1190 1923 1456 1972 reverentiae
1474 1921 1521 1974 ὅ(
1538 1921 1810 1973 obedientiae
1827 1925 2099 1995 homagium
2118 1925 2287 1976 detulit
2299 1961 2313 1976 .
2420 1934 2425 1938 '

541 1999 680 2046 Plura
708 2009 889 2056 quoque
913 1991 1017 2038 sunt
1044 1989 1336 2038 diversorum
1363 1992 1605 2039 Ordinum
1631 1993 1890 2048 coenobia,
1923 2012 2024 2060 quoe
2047 1999 2122 2046 vel
2136 1998 2367 2064 originem
2399 1999 2485 2048 vel,-

403 2063 806 2118 Reformationem
824 2056 950 2107 suam
973 2058 1104 2120 hujus
1119 2059 1370 2108 Provinciae
1386 2056 1652 2108 adscribunt
1669 2061 1881 2111 Patribus
1892 2099 1905 2113 .

542 2133 751 2186 Marcuit
766 2125 1021 2179 infortunio
1041 2127 1150 2178 belli
1168 2130 1213 2177 in
1230 2130 1513 2180 Parthenone
1529 2133 1578 2180 S.
1595 2133 1722 2180 Pauli
1745 2133 2001 2193 Bellovaci,
2017 2134 2075 2186 de
2090 2137 2437 2187 Montevilliers
2453 2173 2472 2198 ,

403 2210 454 2263 ἃ
474 2203 882 2274 Vallisgratiarum
899 2199 987 2251 flos
1006 2201 1251 2271 Regularis
1269 2199 1591 2250 Observantiae
1607 2235 1624 2258 ,
1659 2201 1709 2253 δι
1727 2199 1940 2271 spiritum
1958 2207 2153 2258 Ordinis
2174 2211 2221 2259 S.
2239 2209 2475 2260 Benedicti

400 2285 449 2332 in
471 2275 757 2331 Monialibus
776 2272 962 2323 libertas
979 2270 1215 2322 actionum
1238 2270 1491 2339 plurimum
1510 2269 1776 2341 diffipavit,
1815 2272 1937 2327 felici
1955 2293 2107 2328 autem
2137 2281 2239 2328 zelo
2265 2279 2476 2343 praeliba-

400 2370 474 2404 tus
491 2356 539 2402 P.
555 2353 829 2401 Honoratus
850 2341 1043 2395 suffulsit
1057 2345 1254 2394 domum
1270 2378 1286 2401 ,
1323 2343 1646 2394 corroboravit
1663 2345 1891 2414 templum
1911 2384 1928 2407 ,
1957 2348 2006 2401 ἃ
2020 2349 2238 2398 decorem
2265 2355 2360 2414 ejus
2378 2348 2475 2402 san.

400 2425 485 2475 &is
502 2421 686 2472 monitis
706 2416 754 2469 &r
770 2416 967 2468 consiliis
997 2417 1057 2464 ita
1077 2415 1298 2466 stabilivit
1326 2449 1341 2473 ,
1372 2430 1426 2465 ut
1442 2417 1487 2465 in
1503 2416 1623 2465 hunc
1643 2414 1782 2484 usque
1797 2417 1922 2470 diem
1941 2418 2184 2491 Religiosae
2202 2423 2311 2473 vitae
2329 2420 2476 2490 perfe-

400 2496 495 2547 &io
512 2532 528 2554 ,
561 2486 903 2556 innocentisque
919 2489 1200 2557 poenitentiae
1219 2504 1349 2537 amor
1366 2485 1505 2553 usque
1521 2487 1577 2538 ad
1598 2486 1828 2556 stuporem
1847 2493 1892 2541 in
1906 2494 1971 2542 eis
1989 2491 2202 2542 coruscet
2218 2529 2232 2542 .

399 2559 404 2563 ⁸
542 2563 820 2633 Deploravit
837 2560 1032 2611 eundem
1049 2557 1343 2610 desolationis
1362 2559 1517 2610 casum
1533 2559 1871 2613 Monasterium
1884 2563 2287 2614 Benedistinarum
2301 2561 2473 2615 Refor-

400 2653 634 2687 matarum
651 2637 703 2684 de
722 2631 1037 2702 Monsmartre3
1062 2647 1263 2699 cumque
1279 2630 1515 2681 Abbatissa
1538 2634 1690 2682 Maria
1707 2631 1764 2682 de
1779 2637 2097 2695 Beauvilliers,
2113 2652 2308 2693 aurum,
2320 2633 2469 2703 quod,

401 2710 623 2759 relaxatio
641 2702 822 2773 spiritfis
840 2701 1167 2753 obscuraverat
1186 2738 1202 2761 ,
1231 2703 1258 2751 ὲ
1276 2701 1420 2753 scoria
1441 2703 1488 2755 ὃ(
1508 2701 1639 2753 sorde
1655 2721 1851 2774 purgare
1870 2705 2088 2758 statuisset
2100 2741 2118 2765 ,
2147 2703 2268 2770 jussu
2289 2708 2470 2756 Franci-

399 2780 463 2830 sci
485 2777 748 2829 Cardinalis
764 2775 821 2824 de
843 2774 1034 2826 Sourdis
1058 2771 1170 2822 sacri
1191 2777 1341 2842 operis
1356 2775 1539 2838 adjutor
1552 2775 1829 2830 constitutus
1845 2777 1906 2827 est
1924 2777 2058 2848 stirpe
2077 2814 2093 2837 ,
2106 2777 2364 2837 nobilitate,
2381 2778 2471 2828 vir·

402 2866 502 2902 tute
523 2887 538 2909 ‚
573 2868 624 2899 ac
644 2847 869 2898 librorum
886 2842 1006 2896 foetu
1025 2843 1210 2914 infignis
1232 2845 1585 2896 Fr.Benedi&us
1610 2849 1769 2916 Anglo
1792 2846 2130 2902 Canfeldenfis:
2166 2866 2299 2898 amor
2314 2861 2474 2899 autem

400 2922 629 2988 Martyrii
650 2957 666 2978 ,
702 2921 779 2983 qui
800 2921 933 2969 illum
953 2917 1010 2967 ad
1029 2916 1230 2966 reditum
1247 2918 1291 2965 in
1309 2918 1528 2986 Angliam
1547 2920 1768 2985 urgebat,
1781 2938 1889 2968 cum
1907 2919 1964 2969 ab
1975 2938 2031 2968 eo
2042 2937 2157 2986 opus
2173 2917 2369 2969 feliciter
2371 2925 2472 2982 jam

404 3011 592 3061 ceptum
612 2988 766 3058 perfici
788 3007 877 3039 non
895 2988 1088 3046 smeret,
1126 2987 1244 3038 illud
1270 2987 1368 3055 post
1401 2985 1534 3037 suum
1549 2990 1607 3037 ad
1626 2986 1858 3038 Ordinem
1884 2987 2089 3038 nostrum
2117 2984 2368 3058 regressum
2387 2991 2467 3038 Fr.

404 3065 615 3133 Angelus
630 3061 820 3128 aJojosa
838 3064 880 3109 in
898 3058 1212 3110 benedistione
1229 3058 1501 3117 dulcedinis,
1514 3061 1860 3128 quaJuniorum
1875 3061 2154 3111 Monialium
2165 3060 2328 3109 animis
2339 3076 2471 3123 amo:

404 3154 501 3187 rem
523 3134 730 3203 primaevi
754 3133 918 3201 rigoris
940 3130 1172 3181 instillavit
1187 3166 1205 3190 ,
1241 3131 1442 3199 gloriose
1461 3131 1719 3200 complevit
1735 3166 1748 3180 .

545 3203 707 3257 Pulsus
728 3206 989 3253 animarum
1018 3204 1148 3253 lucro
1172 3206 1247 3252 Fr.
1266 3200 1559 3258 Athanafius‚
1574 3204 1765 3254 Domini
1788 3206 1845 3256 de
1866 3204 2021 3263 Mole,
2039 3203 2357 3254 Procuratoris
2374 3206 2469 3253 Ge·

403 3280 567 3329 neralis
601 3273 854 3327 Parifienfis
886 3279 1044 3325 Frater
1068 3278 1326 3324 Germanus
1351 3277 1496 3322 erexit
1513 3274 1876 3343 Magdelitarum
1903 3276 2085 3344 (vulgo
2107 3273 2467 3336 Maddalenme)

403 3349 662 3400 institutum
681 3384 696 3407 ‚
715 3351 761 3398 in
775 3362 864 3398 tres
881 3348 1298 3417 Congregationes,
1313 3345 1529 3394 videlicet
1554 3347 1681 3394 illam
1708 3348 1926 3400 S.Mariae
1946 3346 2264 3415 Magdalenae,
2289 3347 2466 3396 aliam...

403 3426 454 3471 S.
475 3421 669 3469 Marthae
684 3457 700 3478 ,
734 3419 782 3470 ὅ(
798 3421 984 3470 tertiam
1001 3421 1048 3469 S.
1066 3417 1227 3468 Lazari
1242 3435 1348 3466 cum
1367 3415 1586 3466 distinc'iae
1602 3423 1771 3487 regulae
1786 3419 1990 3469 articulis
2006 3416 2206 3468 divisum
2220 3453 2237 3476 ,
2250 3435 2343 3485 quo
2354 3420 2465 3467 Mu·

402 3493 559 3549 lieres,
574 3510 670 3559 quae
690 3493 733 3540 in
754 3494 859 3541 vitae
878 3488 1121 3540 licentiosae
1140 3488 1319 3539 semitas
1335 3486 1701 3550 deflexerunt,ad
1719 3490 2037 3560 poenitentiam
2052 3504 2349 3546 renovantur,
2366 3487 2458 3540 &c.

404 3564 452 3614 ὃ(
468 3563 596 3632 quod
615 3559 792 3613 Parisiis
810 3597 824 3619 ‚
855 3561 1116 3632 Burdigalae
1130 3597 1147 3621 ,
1166 3559 1213 3610 ἃ
1228 3560 1517 3630 Rhotomagi
1538 3559 1708 3612 florens
1722 3600 1738 3622 ,
1754 3561 1903 3634 gratiz'i
1923 3564 2147 3612 memoria
2162 3577 2331 3610 nomen
2349 3564 2464 3610 Fun·

405 3632 573 3684 datoris
592 3632 889 3683 commendat
904 3668 917 3681 .

542 3707 676 3771 Opus
690 3708 723 3754 F
730 3701 954 3776 r.Josephi
975 3703 1039 3750 Le
1058 3704 1198 3754 Clerc
1213 3702 1271 3754 de
1285 3704 1627 3774 Tremblay,est
1641 3707 1832 3758 celebris
1845 3706 2169 3776 Congregatio
2190 3701 2355 3754 nostrae
2369 3705 2465 3752 Do·

404 3775 538 3826 minae
556 3777 760 3824 Calvarii
793 3793 848 3824 ex
881 3773 1048 3841 viginti
1073 3776 1315 3826 Coenobiis
1344 3776 1608 3836 constituta,
1622 3794 1939 3847 quantumque
1970 3783 2028 3827 R.
2047 3780 2097 3827 P.
2120 3777 2355 3842 Philippus
2378 3776 2463 3823 Bo·

403 3843 541 3898 nanni
556 3845 673 3895 illud
692 3843 776 3896 soli
795 3845 1014 3898 Antoniae
1046 3845 1337 3920 d'Orlean83
1364 3845 1593 3919 suppreffo
1617 3851 1797 3921 penitus
1826 3851 1958 3915 hujus
1980 3850 2168 3901 nomine
2200 3844 2466 3957 adscriillssu
