2638 4088
346 196 512 280 310

285 318 546 384 Capellam,
563 314 640 366 scu
659 313 987 367 Eremitorium
1001 310 1150 358 Beatae
1168 310 1277 359 Vir-

352 389 471 458 ginis
499 389 662 438 Mariae
699 387 754 434 de
781 388 870 448 Spe
888 378 1096 446 ,Oppidi
1125 383 1275 430 Mata-

352 458 476 509 ronis
493 494 509 516 ,
529 476 635 507 cum
654 461 811 504 Domo
838 449 888 502 ὅ(
915 451 1151 500 Viridario
1170 469 1277 501 con·

290 562 293 567 -
354 525 774 599 tignis,Fratribus
794 539 879 591 pro
909 519 1276 572 construetione,

356 594 541 651 Dornfis
567 594 814 664 Regularis
836 591 1026 643 concedi
1059 627 1077 650 ,
1108 611 1161 641 ac
1194 593 1276 642 hos

356 687 462 720 cum
487 666 695 715 omnium
735 664 1087 734 privilegiorum
1123 659 1207 713 usu
1232 664 1279 713 in

353 757 454 791 eam
483 734 639 785 induci
667 736 954 786 committit.

283 877 658 937 SIXTUS
711 874 1277 931 EPISCOPUS

490 1020 666 1063 Sauvus
700 1019 948 1061 Ssavouum
981 1018 1066 1060 Det

379 1136 536 1180 Ditem
562 1134 666 1181 Filio
701 1132 868 1192 officiali
894 1134 1204 1192 Bar-chinonensi

509 1197 686 1254 salutem
698 1225 714 1247 ,
746 1196 795 1243 θ’
823 1194 1076 1251 Apostolicam

540 1295 546 1307 ,
615 1252 950 1299 Βσηεᾱὶἑῗίσησηι.

422 1372 603 1429 Egimini
630 1373 848 1417 militantis
877 1371 1064 1418 Ecclefiae
1085 1400 1099 1423 ,
1127 1372 1284 1417 meritis

440 1431 537 1475 licet
557 1433 776 1490 imparibus
792 1462 805 1485 ‚
841 1431 1080 1489 disponente
1103 1433 1284 1477 Domino

286 1491 544 1549 praefidentes
559 1522 576 1543 ‚
603 1491 656 1535 ad
671 1491 908 1536 ealibcnter
919 1491 1169 1535 intendimus
1182 1518 1196 1541 ,
1211 1506 1283 1548 per

288 1564 375 1606 quae
394 1549 623 1605 Religionis
640 1550 954 1608 propagationi,
986 1564 1034 1592 ac
1055 1553 1282 1594 Domorum

286 1607 557 1660 Regularium
586 1609 920 1664 multiplicationi
949 1608 1176 1653 consulitur
1205 1637 1220 1661 ,
1246 1611 1286 1651 δι

285 1665 337 1707 ad
355 1664 397 1708 id
414 1665 628 1709 tendentia
658 1677 750 1711 vota
763 1694 777 1715 ,
805 1667 1000 1725 quantum
1017 1669 1150 1712 Nobis
1164 1683 1214 1711 ex
1226 1669 1286 1711 al-

288 1734 334 1767 to
347 1722 604 1778 permittitur
618 1751 632 1774 ,
662 1727 713 1769 ad
728 1726 1002 1769 exauditionis
1017 1729 1189 1780 gratiam
1211 1726 1286 1768 ad-

285 1782 484 1825 mittimus
499 1810 514 1834 ,
544 1792 665 1837 prout
686 1784 951 1840 conspicimus
979 1785 1019 1825 in
1037 1785 1219 1827 Domino
1229 1782 1287 1826 sa-

287 1841 466 1885 lubriter
479 1842 677 1898 expedire
693 1871 707 1884 .
973 1891 978 1895 .

401 1900 505 1944 Sane
532 1913 605 1959 pro
633 1909 749 1959 parte
777 1902 1033 1945 Dilet‘torum
1052 1902 1287 1946 Filiorum-a

287 1959 622 2016 FratrisJoannis
649 1963 701 2004 de
718 1956 987 2011 Tordesillas,
1002 1961 1185 2005 moderni
1206 1962 1289 2004 Mi-

286 2019 401 2062 nistri
425 2019 699 2065 Provincialis
724 2023 910 2064 Fratrum
925 2020 1132 2064 Minorum
1149 2026 1290 2078 Capu.

287 2077 473 2120 cinorum
493 2089 821 2135 nuncupatorum
838 2108 853 2131 ,
881 2079 1097 2133 &joannis
1131 2081 1254 2121 Palau
1269 2106 1284 2128 ‚

288 2135 478 2179 Rectoris
495 2137 745 2178 Parochialis
762 2134 951 2176 Ecclefiae
965 2134 1118 2187 Oppidi
1130 2134 1175 2173 dc
1188 2136 1284 2176 Ma·

286 2202 407 2242 tara,
435 2190 772 2234 Barchinonenfis
806 2186 1032 2242 Dioeclefis3
1055 2191 1184 2233 Nobis
1213 2203 1288 2232 nu-

286 2263 362 2308 per
386 2248 567 2291 exhibita
590 2250 738 2304 petitio
769 2249 1041 2299 continebat,
1075 2248 1184 2303 quod
1209 2262 1284 2302 pro

289 2306 488 2365 spirituali
507 2308 759 2350 Dilec‘torum
779 2308 976 2349 Filiorum
1004 2306 1100 2346 dicti
1131 2305 1281 2359 Oppidi

287 2365 529 2411 Incolarum
552 2365 835 2406 consolatione
851 2393 867 2414 ,
899 2365 938 2404 &
965 2362 1120 2419 majore
1140 2362 1278 2404 Divini

289 2422 423 2468 cultus
452 2430 675 2478 augmento
706 2449 720 2470 ,
766 2421 894 2464 dietus
930 2421 1076 2464 Frater
1109 2422 1286 2477 Joannes

290 2498 410 2527 unam
428 2480 675 2536 Regularem
695 2483 875 2525 Domum
900 2480 1067 2523 Ordinis
1095 2483 1286 2524 Fratrum

289 2543 494 2586 Minorum
511 2539 741 2597 hujusmodi
758 2554 887 2598 prope
902 2538 1054 2582 dietum
1065 2540 1286 2599 Oppidum

289 2602 395 2658 erigi
421 2601 460 2642 δε
491 2599 642 2645 institui
671 2598 903 2653 defiderat,
925 2613 1004 2643 nec
1033 2599 1288 2643 ibicommo-

288 2661 383 2704 dior
396 2660 511 2702 locus
523 2659 573 2702 ad
588 2661 628 2704 id
645 2661 683 2702 in
692 2660 820 2703 veniri
836 2658 967 2715 potest
978 2687 991 2711 ,
1006 2659 1125 2715 quam
1141 2659 1280 2713 Eccle,

288 2723 355 2770 fia,
373 2719 436 2761 seu
453 2719 642 2771 Capella,
666 2719 732 2761 vel
749 2719 1039 2762 Eremitorium
1062 2720 1191 2762 Beatae
1202 2719 1288 2761 Ma·

288 2781 355 2823 riae
373 2776 551 2831 Virginis
571 2777 625 2821 de
647 2782 726 2834 Spe
742 2788 1017 2834 nuncupatum
1031 2804 1046 2827 ,
1062 2776 1169 2823 intra
1185 2779 1288 2821 limi·

288 2848 351 2882 tes
366 2836 479 2879 distae
495 2837 745 2880 Parochialis
760 2837 947 2880 Ecclefiae
975 2836 1091 2878 litum
1105 2864 1120 2888 ,
1144 2850 1282 2895 quam,

287 2899 354 2942 seu
375 2896 487 2952 quod
512 2896 613 2940 alias
629 2895 792 2954 quidam
814 2896 938 2940 laicus
953 2924 967 2946 ,
993 2894 1112 2952 ipfius
1131 2895 1283 2952 Oppidi

291 2954 435 3000 Incola
449 2985 463 3007 ,
476 2956 517 2998 in
530 2970 628 3013 agro
643 2955 713 2999 suo
726 2955 957 2999 devotionis
971 2956 1090 2998 causa
1105 2957 1285 2998 constru-

288 3016 374 3061 xit,
405 3016 445 3055 &
459 3017 563 3070 apud
580 3029 701 3072 quam
715 3042 729 3064 ,
758 3015 822 3057 seu
837 3013 945 3070 quod
960 3015 1084 3056 etiam
1098 3012 1284 3056 nonnulli

291 3072 487 3117 Eremitae
510 3074 732 3129 aliquando
758 3074 814 3116 ibi
847 3073 1078 3116 habitantes
1100 3085 1284 3120 unam.2,

292 3130 597 3174 Domunculam
612 3133 820 3184 construi,
850 3147 896 3175 ac
924 3131 1162 3175 viridarium
1179 3132 1285 3182 ,una

291 3203 384 3232 eum
402 3188 560 3239 Vinea,
591 3205 677 3246 quae
703 3191 876 3236 fortassis
902 3193 1038 3237 eidem
1068 3188 1256 3234 Ecclefiae
1272 3217 1287 3240 ,

290 3249 359 3291 seu
392 3248 575 3303 Capellae
609 3280 623 3301 ,
664 3259 731 3292 aut
761 3252 1012 3295 Eremitorio
1054 3247 1286 3308 hujusmodi

288 3321 362 3365 per
379 3306 534 3362 aliquos
550 3308 847 3354 Christifideles
868 3311 1011 3354 relibta
1031 3307 1106 3353 fuit
1120 3338 1135 3360 ,
1173 3316 1286 3363 apta·

290 3368 327 3409 ri
343 3364 544 3409 curarunt
561 3395 576 3417 ,
605 3369 808 3423 &quam,
840 3370 905 3413 seu
933 3368 1044 3427 quod
1077 3382 1151 3426 pro
1174 3367 1285 3409 illius

291 3424 606 3469 conservatione
632 3442 709 3483 pro
738 3441 789 3469 eo
812 3458 828 3481 ,
870 3429 979 3486 quod
1005 3428 1284 3483 praedidtorum

293 3484 627 3528 Christifidelium
643 3485 810 3531 devotio
833 3487 930 3530 inibi
962 3488 1133 3544 plurima
1163 3493 1251 3527 erat
1267 3513 1283 3537 ,

296 3544 496 3588 Reuores
511 3557 587 3600 pro
599 3553 782 3601 tempore
800 3548 1012 3591 existentes
1026 3546 1141 3589 dietae
1157 3547 1283 3588 Paro·-

295 3602 435 3645 chialis
459 3603 645 3647 Ecclefiae
685 3602 907 3648 succeffivis
934 3604 1185 3662 temporibus
1207 3619 1281 3662 gu-

297 3659 519 3705 bernarunt
534 3692 548 3715 ,
575 3662 952 3708 &administratum
966 3695 981 3718 ,
1002 3668 1042 3709 &
1055 3679 1196 3723 quam,
1211 3663 1278 3708 seu

298 3719 403 3769 quod
420 3718 600 3773 praefatus
610 3725 782 3779 Joannes
808 3726 860 3765 ob
876 3723 1114 3781 singularem
1128 3753 1142 3776 ,
1163 3738 1283 3781 quem

298 3788 393 3830 erga
410 3779 642 3832 praediekum
667 3781 863 3840 Ordinem
890 3787 1025 3842 gerit,
1051 3783 1282 3842 devotionis

1029 166 1619 250 Provincia

1336 305 1519 350 affectum
1537 335 1552 358 ,
1571 307 1612 349 δε
1625 306 1674 350 ad
1688 306 1811 351 illum
1827 310 2157 363 propagandum,
2185 312 2330 367 praefa-

1335 376 1382 407 to
1399 365 1529 408 Fratri
1538 366 1682 422 Joanni
1708 364 1759 410 ad
1773 365 1959 408 effectum
1988 380 2110 408 unam
2127 369 2332 413 inibi-Do-

1335 439 1444 468 mum
1458 423 1706 480 Regularem
1722 422 1987 469 construendi
2001 425 2228 471 concedere
2238 454 2253 477 ,
2266 428 2332 472 seu

1334 484 1445 528 illius
1456 481 1944 541 conceffionihujusmodi
1969 482 2200 527 consentire
2221 500 2333 542 para-

1336 554 1402 587 tus
1419 543 1549 586 existit
1565 571 1577 584 .
1601 543 1742 596 Quare
1757 557 1831 599 pro
1845 550 1963 599 parte
1986 542 2328 601 utriusqueJoatb

1336 603 1395 646 nis
1408 603 1535 646 Nobis
1547 600 1621 645 fuit
1641 603 1850 646 humiliter
1864 600 2155 656 supplicatum,
2184 615 2332 659 quate-

1339 676 1415 706 nus
1433 661 1683 714 Ecclesiam,
1713 658 1781 705 sen
1812 660 2060 715 Capellam,
2090 671 2159 705 aut
2172 661 2332 708 Eremi-

1340 722 1494 765 torium
1510 720 1737 778 hujusmodi
1751 719 1899 763 ordini
1913 719 2103 774 praedicto
2118 724 2330 774 donare,&

1336 779 1591 831 concedere,
1617 793 1663 821 ac
1687 779 1787 836 alias
1805 779 1845 820 in
1869 778 2069 834 praemiffis
2095 781 2329 836 opportune

1337 839 1556 897 providere
1583 838 1635 881 de
1655 837 1913 898 benignitate
1930 837 2166 895 Apostolica
2187 837 2333 897 digna-

1338 912 1500 942 remur.

1456 961 1544 1000 Nos
1575 957 1731 1013 igitur,
1757 957 1827 1015 qui
1852 956 2005 1001 dudum
2035 957 2146 1002 inter
2165 957 2246 1001 alia
2263 971 2337 999 vo·

1341 1015 1519 1066 luimus,
1546 1015 1786 1070 statuimus,
1816 1019 1857 1059 δι
1885 1017 2194 1068 ordinavimus,
2224 1015 2336 1074 quod

1345 1084 1535 1132 petentes
1551 1075 1743 1119 beneficia
1779 1075 2052 1119 Ecclefiastica
2081 1076 2172 1120 aliis
2199 1076 2304 1125 uniri
2321 1103 2336 1127 ,

1345 1144 1587 1178 tenerentur
1604 1136 1835 1191 exprimere
1868 1148 2011 1178 verum
2028 1148 2205 1178 annuum
2219 1135 2336 1177 valo·

1344 1206 1435 1237 rem
1457 1193 1673 1238 secundum
1699 1207 1959 1237 communem
1998 1194 2337 1246 extimationem,

1343 1253 1468 1297 etiam
1494 1251 1681 1296 beneficii
1705 1279 1720 1302 ,
1751 1254 1816 1296 cui
1842 1252 1952 1296 aliud
1981 1252 2085 1294 uniri
2112 1262 2307 1308 peterent
2323 1279 2340 1305 ‚

1344 1312 1524 1368 alioquin
1548 1312 1647 1356 unio
1672 1326 1754 1355 non
1782 1311 1941 1356 valeret
1965 1338 1979 1361 ,
2009 1312 2051 1354 &
2075 1307 2234 1368 semper
2263 1310 2339 1354 ἰὼ

1344 1371 1558 1415 unionibus
1598 1369 1821 1415 commisfio
1851 1369 1969 1414 fieret
1996 1371 2047 1414 ad
2073 1380 2238 1427 partes,
2267 1382 2341 1413 vo·

1348 1430 1451 1475 catis
1483 1457 1497 1484 ,
1534 1444 1706 1488 quorum
1744 1429 1951 1473 intereffet
1981 1442 1998 1482 3
2041 1430 2189 1487 quique
2230 1431 2341 1473 inter

1351 1497 1496 1533 caetera
1539 1489 1674 1532 cordis
1711 1489 1834 1532 nostri
1874 1489 2074 1533 dcssdcria
2098 1517 2114 1541 ,
2165 1497 2212 1531 ut
2256 1488 2340 1530 haec

1346 1548 1516 1604 Religio
1534 1547 1720 1603 palmites
1760 1550 1847 1590 suos
1877 1550 2031 1602 ubique
2069 1546 2153 1589 late
2189 1545 2343 1590 diffun-

1345 1609 1417 1651 dat
1431 1638 1447 1660 ,
1473 1605 1629 1650 sinceris
1658 1615 1897 1660 exoptamus
1913 1605 2120 1649 affectibus
2136 1633 2151 1657 ,
2182 1616 2343 1648 utrum-

1347 1682 1425 1723 que
1444 1668 1640 1723 Joanncm
1663 1665 1684 1707 a
1711 1665 1916 1720 quibusvis
1947 1664 2344 1708 excommunicatio-

1346 1726 1435 1772 nis,
1464 1723 1721 1779 suspensionis
1747 1724 1825 1766 διε.
1851 1722 2063 1767 censentes
2083 1751 2098 1775 ,
2125 1738 2172 1766 ac
2195 1721 2348 1765 Eccle-

1351 1782 1410 1824 fiae
1429 1809 1444 1832 ,
1474 1779 1540 1823 seu
1568 1782 1777 1836 Capellae,
1803 1790 1872 1823 aut
1900 1782 2138 1825 Eremitorii
2159 1809 2175 1832 ,
2203 1783 2347 1823 &Do-

1351 1839 1438 1883 mfis
1454 1865 1468 1888 ,
1485 1838 1684 1882 Viridarii
1699 1868 1714 1892 ,
1739 1852 1786 1880 ac
1799 1840 1937 1881 Vineae
1969 1838 2198 1895 hujusmodi
2225 1837 2347 1882 litua·

1351 1899 1481 1944 tiones
1499 1897 1738 1950 ,confines,
1766 1899 1808 1940 δι
1832 1899 2056 1955 qualitates
2087 1898 2347 1954 praesentibus

1348 1973 1421 2015 pro
1433 1957 1620 2012 expreffis
1632 1958 1828 2001 habentes
1843 1984 1858 2008 ,
1882 1972 1930 2001 ac
1944 1968 2101 2000 certam
2114 1957 2168 2000 de
2182 1957 2351 2013 praemis-

1348 2019 1393 2060 fis
1409 2018 1595 2059 notitiam
1620 2032 1703 2059 non
1717 2018 1910 2059 babentes
1924 2042 1940 2065 ,
1954 2015 2180 2073 hujusmodi
2198 2015 2346 2071 suppli·

1345 2075 1572 2123 dationibus
1588 2074 1792 2122 inclinati,
1806 2074 2030 2116 Dileftioni
2044 2084 2122 2115 tuae
2141 2075 2220 2115 διε.
2232 2088 2347 2116 man-

1347 2129 1490 2171 damus
1507 2158 1522 2181 ,
1536 2138 1737 2186 quatenus
1755 2130 1976 2174 Ecclesiam
1989 2158 2005 2182 ,
2023 2131 2089 2173 seu
2108 2131 2346 2188 Capellam,

1348 2186 1415 2229 vel
1442 2189 1737 2233 Eremitorium
1766 2188 2025 2244 hujusmodi,
2053 2192 2130 2235 una
2145 2204 2238 2233 cum
2256 2193 2347 2234 Do-

1348 2259 1415 2286 mo
1428 2273 1443 2295 ,
1458 2247 1666 2288 Viridario
1682 2274 1696 2298 ,
1725 2249 1763 2288 &
1785 2248 1914 2291 Vinea
1930 2246 1990 2289 illi
2016 2249 2222 2303 contiguis
2235 2277 2248 2299 ,
2276 2248 2344 2292 di·

1346 2305 1410 2343 &o
1434 2303 1573 2345 Fratri
1591 2304 1764 2357 Joanni‚
1789 2319 1834 2348 ac
1861 2303 2048 2348 universo
2072 2307 2222 2348 Ordini
2248 2307 2345 2348 Fra-

1347 2370 1454 2403 trum
1472 2361 1753 2416 praedictorum
1770 2363 1847 2413 ,ad
1869 2363 2053 2407 effectum
2075 2364 2174 2406 inibi
2189 2378 2344 2409 unam...

1348 2420 1598 2475 Regularem
1620 2422 1716 2464 disti
1731 2421 1900 2466 Ordinis
1913 2424 2094 2465 Domum
2108 2424 2346 2466 construen-

1346 2478 1414 2529 di,
1447 2477 1672 2523 dummodo
1695 2480 1790 2523 dieti
1808 2483 1974 2538 Joannis
2007 2481 2058 2523 ad
2073 2482 2151 2526 hoc
2175 2482 2349 2526 accedat

1348 2535 1518 2581 affensus
1534 2568 1547 2592 ,
1563 2540 1805 2582 auctoritate
1822 2542 1955 2584 nostra
1972 2541 2172 2597 perpetuo
2197 2540 2347 2592 dones,

1347 2598 1388 2638 δι
1401 2598 1621 2641 concedas:
1647 2598 1806 2655 Ipfique
1834 2600 1969 2643 Fratri
1982 2599 2127 2656 Joanni
2142 2627 2158 2648 ,
2174 2612 2220 2641 ac
2239 2598 2347 2641 dile-

1347 2657 1416 2698 etis
1434 2656 1546 2700 Filiis
1563 2657 1740 2716 ejusdem
1749 2658 1916 2701 Ordinis
1931 2658 2163 2709 Fratribus,
2177 2666 2220 2699 ut
2233 2656 2343 2714 apud

1349 2716 1595 2770 Ecclefiam,
1609 2714 1674 2761 seu
1692 2716 1909 2773 Capellam
1923 2743 1938 2765 ,
1962 2727 2031 2761 aut
2051 2716 2345 2759 Eremitorium

1347 2772 1865 2879 Si‘ssfffft‘fflssffissffsszssss
1877 2776 2174 2879 Βῗὲἒὲῖἱὲῗῖἒ
2178 2776 2349 2877 mci-12³5?

1346 2892 1427 2935 stro
1441 2922 1457 2946 ,
1471 2894 1600 2938 hortis
1614 2924 1628 2948 ,
1644 2895 1864 2937 hortalitiis
1877 2866 1893 2948 ζ
1908 2896 1948 2937 &
1960 2896 2048 2939 aliis
2072 2863 2245 2938 officinis
2270 2906 2346 2935 ne·

1347 2948 1521 2996 cessariis
1534 2984 1550 3006 ,
1565 2956 1605 2997 δι
1619 2954 1861 3011 opportunis
1872 2983 1885 3007 ,
1904 2954 2113 2998 Ordinarii
2129 2953 2210 2996 loci
2226 2979 2240 3003 ,
2271 2957 2344 2996 aut

1347 3014 1573 3068 Superioris
1595 3014 1693 3056 dieti
1723 3014 1922 3065 Ordinis,
1951 3014 2014 3056 vel
2044 3011 2217 3069 cujusvis
2239 3011 2349 3055 alte-

1348 3070 1425 3113 rius
1440 3072 1607 3116 licentia
1623 3072 1797 3128 desuper
1813 3072 1977 3115 minime
2002 3069 2196 3128 requifitfi
2213 3098 2227 3121 ,
2243 3083 2345 3112 con-

1345 3127 1438 3171 strui
1456 3158 1469 3180 ,
1487 3135 1526 3175 &
1539 3130 1727 3175 aedificari
1744 3130 1878 3176 facere
1891 3131 2042 3181 libere,
2058 3131 2099 3171 &
2124 3129 2242 3173 licite
2257 3127 2346 3183 pos·

1347 3186 1422 3229 sint
1451 3191 1492 3231 δι
1521 3191 1686 3234 valeant
1708 3220 1723 3242 ,
1746 3191 1956 3234 licentiam
1970 3192 2008 3231 &
2022 3187 2264 3231 facultatem
2279 3185 2346 3227 di-

1344 3247 1407 3288 &a
1429 3250 1671 3293 auetoritate
1692 3249 1918 3296 concedas,
1932 3249 1972 3290 ὃς
2001 3244 2344 3302 impartiatiszll-

1346 3305 1509 3362 lamque
1522 3333 1536 3355 ,
1551 3309 1756 3365 postquam
1776 3307 1825 3349 fic
1839 3305 2090 3356 constructa,
2110 3305 2150 3347 8ι
2166 3303 2344 3348 aedifica-

1345 3374 1386 3408 ta
1400 3367 1600 3417 extiterit,
1616 3369 1656 3409 in
1672 3370 1848 3409 Domum
1871 3362 2118 3419 Regularem
2144 3362 2239 3406 dini
2266 3366 2347 3406 Or-

1344 3423 1450 3466 dinis
1489 3424 1559 3467 sub
1589 3424 1694 3468 die'ta
1733 3423 1994 3466 invocatione
2027 3436 2101 3479 pro
2132 3423 2343 3479 perpetuis

1344 3482 1411 3524 usu
1427 3513 1441 3536 ,
1454 3485 1494 3526 δι
1509 3482 1757 3526 habitatione
1775 3483 1891 3525 unius
1906 3481 2135 3526 Guardiani
2146 3511 2160 3533 ,
2175 3482 2215 3523 &
2228 3495 2344 3525 com-

1342 3548 1498 3599 petenti
1526 3546 1712 3586 Fratrum
1734 3539 1917 3599 ejusdem
1948 3541 2118 3585 Ordinis
2143 3555 2343 3593 numero,

1338 3605 1409 3659 qui
1427 3605 1470 3646 in
1487 3603 1685 3651 Ecclefia,
1701 3599 1770 3644 seu
1799 3600 2004 3657 Capella,
2037 3611 2104 3642 aut
2128 3601 2341 3644 Eremito-

1338 3664 1401 3706 rio
1422 3661 1647 3721 hujusmodi
1674 3660 1787 3718 juxta
1810 3659 2019 3703 laudabile
2050 3673 2195 3703 eorum
2223 3658 2339 3702 Insti-

1346 3733 1478 3766 tutum
1493 3751 1508 3775 ,
1520 3723 1560 3764 δι
1575 3721 1823 3776 Regularem
1841 3718 2140 3763 observantiam
2157 3717 2336 3761 Divina-s

1343 3782 1487 3828 Officia
1515 3780 1756 3839 celebrent,
1786 3778 1883 3824 &in
1914 3779 1993 3835 ipsa
2020 3781 2158 3822 Domo
2174 3777 2335 3876 vaani.»

2244 3848 2285 3875 c.
