2638 4088
314 324 534 382 plurimum
557 329 860 383 desiderabant,
888 329 1016 371 dietus
1041 328 1305 372 Innocentius

311 386 571 442 praedecessor
601 390 827 445 hujusmodi
860 386 1213 442 supplicationibus
1244 390 1303 430 in·

314 448 744 498 clinatus,au6toritate
759 450 792 486 A
799 446 993 500 postolica
1005 446 1308 497 deelaravitffe-

315 510 537 551 motionem
560 509 600 547 δι
619 504 881 547 abolitionem
898 503 1175 549 Discretorum
1190 510 1301 550 Con·

316 566 566 609 ventualium
585 565 624 604 in
642 562 863 606 Provinciis
890 563 1098 619 utriusque
1122 565 1302 609 Castellae

317 627 501 669 Fratrum
527 619 691 663 Ordinis
719 621 920 666 Minoi-um
945 624 1078 665 Sancti
1102 623 1304 667 Francisci

315 682 613 739 Capucinorum
655 676 776 722 facias
800 709 815 732 ,
849 682 1139 739 expeditasque
1167 682 1304 738 primo

318 742 441 785 dictas
468 739 626 780 litteras
651 737 939 795 intelligendas
967 740 1044 785 else
1070 756 1149 784 non
1174 741 1302 784 solum

318 798 495 854 respectu
512 796 734 840 Provincia:
749 797 958 856 utriusque
984 799 1196 850 Castellae,
1229 814 1303 843 ve-

314 859 411 900 teris
436 856 588 899 scilicet
607 855 647 899 δι
673 869 818 909 novae,
846 861 987 905 verum
1025 860 1148 903 etiam
1172 859 1303 914 respe-

313 921 377 959 6tu
404 914 713 958 Provinciarum
741 916 951 970 Baetbicae,
979 919 1105 974 vulgo
1123 918 1300 961 Andalu-

299 977 376 1036 siae
401 987 503 1027 ,nec
518 987 600 1015 non
619 975 828 1027 Navarra,
842 978 898 1029 δι,
913 987 1108 1032 quatenus
1121 989 1223 1032 opus
1246 978 1306 1019 es-

314 1040 375 1080 sct
401 1033 1059 1090 ,remotionemabrogationem,
1090 1037 1129 1077 Sc
1155 1035 1307 1078 litteras

312 1092 518 1152 praedietas
543 1089 594 1134 ad
621 1091 865 1146 supradictas
896 1093 1129 1137 Provincias
1159 1096 1309 1137 Baethi·

315 1166 403 1197 cam
420 1179 434 1203 ‚
463 1152 503 1192 &
520 1153 711 1192 Navarrae
734 1150 875 1194 eadem
907 1154 1148 1196 auctoritate
1162 1162 1305 1195 exten·

316 1212 379 1255 dit
393 1238 409 1262 ‚
425 1211 466 1252 δι
478 1207 684 1264 ampliavit
701 1222 720 1261 ς
731 1222 776 1251 ac
795 1209 958 1266 insuper
972 1212 1076 1256 dieta
1090 1212 1308 1254 auctorita-

317 1280 361 1313 te
375 1268 559 1311 decrevit
574 1294 590 1317 ,
603 1268 711 1325 quod
737 1267 823 1310 vice
836 1297 851 1320 ,
866 1271 906 1315 &
921 1270 1016 1314 loco
1030 1270 1308 1327 praedictorum

317 1327 596 1372 Discretorum
622 1328 664 1368 in
685 1324 800 1370 dietis
827 1329 957 1372 tribus
977 1330 1201 1372 Provinciis
1234 1331 1308 1372 hu-

315 1386 490 1446 juliuodi
515 1383 795 1436 sublatorum,
822 1388 862 1429 &
887 1389 1140 1432 abolitorum
1154 1388 1308 1431 Desini-

316 1457 458 1496 ποι-ες,
485 1454 605 1500 atque
631 1444 827 1488 Custodes
843 1475 859 1497 ,
881 1449 922 1491 δι
943 1448 1198 1492 immediatus
1225 1450 1308 1491 Ex-

317 1503 583 1550 Provincialis
607 1503 840 1547 earumdem
856 1506 1164 1550 provinciarum
1183 1507 1222 1548 in
1248 1507 1306 1561 ip-

314 1561 449 1606 l'arum
478 1563 694 1616 respective
721 1561 973 1607 Definitoriis
999 1594 1015 1616 ,
1045 1566 1082 1609 &
1108 1565 1310 1621 Capitulis

316 1630 460 1664 votum
483 1621 696 1672 haberent,
711 1620 985 1680 diaarumque
1004 1626 1309 1669 Provinciarum

317 1676 508 1734 Capitula
523 1677 575 1720 de
594 1677 826 1735 sesquianno
843 1683 884 1725 in
900 1683 1170 1740 sesquiannum
1194 1684 1309 1726 dein·

316 1750 415 1793 ceps
428 1736 633 1781 celebrari
654 1738 851 1782 deberent
865 1755 881 1794 3
894 1743 1043 1785 deinde
1063 1742 1307 1795 supradictas

314 1794 475 1839 litteras
496 1794 545 1840 ad
564 1797 804 1840 Provincias
820 1801 1030 1854 Aragoniae
1042 1827 1059 1849 ,
1084 1800 1280 1841 Valentiae
1296 1825 1312 1848 ‚

316 1853 595 1899 Cathalauniae
613 1884 626 1906 ‚
653 1855 908 1913 &Majoricae
933 1857 1029 1900 dieti
1044 1858 1209 1900 Ordinis
1239 1870 1311 1898 ex-

319 1912 454 1956 tendit
470 1916 536 1965 ‚&
550 1914 664 1964 alias,
684 1924 803 1970 prout
833 1917 872 1959 in
900 1918 1026 1960 tribus
1041 1914 1218 1973 ejusdem
1251 1918 1319 1957 In-

320 1974 501 2016 nocentii
519 1987 586 2029 29-
606 1974 763 2025 Martii,
778 1976 817 2016 δι
838 1990 900 2020 12.
923 1977 1174 2032 Septembris
1198 1976 1319 2031 1693-

318 2032 359 2073 &
376 2044 412 2080 5.
431 2033 584 2088 Aprilis
607 2033 726 2088 1694.
739 2035 938 2087 expeditis
953 2034 1103 2077 litteris
1117 2063 1132 2085 ,
1147 2046 1316 2089 quarum

317 2098 489 2132 tenores
507 2093 764 2145 praesentibus
782 2105 854 2145 pro
871 2092 1054 2146 expresso
1079 2092 1217 2132 haberi
1243 2102 1315 2128 vo-

319 2148 454 2189 lumus
470 2174 484 2196 ‚
503 2148 664 2188 uberius
678 2151 915 2188 continetur
928 2175 939 2187 .
957 2146 1116 2189 Deinde
1135 2146 1231 2188 vero
1246 2142 1315 2185 fel.

320 2219 406 2248 rec.
422 2203 637 2246 Benediao
660 2203 771 2258 Papae
786 2206 906 2247 xm.
923 2203 1191 2260 praedeceffori
1214 2216 1316 2259 quo-

316 2275 401 2321 que
420 2261 572 2311 nostm,
587 2260 756 2302 dilectus
776 2262 903 2305 Filius
928 2265 1204 2305 Hartmannus
1231 2260 1316 2302 Bri-

320 2319 491 2366 xinensis
504 2345 518 2366 a
539 2330 634 2360 tunc
652 2317 827 2369 ejusdem
841 2320 1005 2360 Ordinis
1033 2323 1219 2361 Fratrum
1235 2320 1316 2358 Ca·

318 2380 556 2437 pucinorum
584 2375 762 2418 Minister
790 2377 1006 2418 Generalis
1045 2378 1189 2432 exponi
1223 2372 1320 2417 fecit

320 2446 490 2494 propter
506 2432 780 2476 Discretorum
795 2433 1021 2492 hujusmodi
1038 2435 1319 2484 abolitionem,

317 2497 420 2540 licet
446 2492 495 2535 ad
521 2494 669 2535 bonum
698 2491 819 2535 finem
848 2494 975 2550 petita
1001 2493 1157 2542 fuisset,
1173 2492 1320 2536 nihilo-

318 2555 450 2598 minus
493 2552 706 2593 maximum
738 2559 870 2596 tamen
902 2553 1196 2596 detrimentum
1227 2581 1241 2604 ,
1270 2566 1316 2594 ac

321 2609 600 2670 praejudicium
617 2610 814 2666 Regulari
841 2612 1101 2655 observantiae
1115 2612 1320 2654 allatum.)

318 2670 442 2716 effer,
476 2670 516 2710 δι
541 2666 670 2711 adhuc
698 2680 795 2712 tunc
824 2670 1034 2714 afferretur
1052 2701 1068 2723 ,
1099 2670 1319 2726 adeoque)

318 2730 430 2774 idem
445 2728 721 2770 Hartmannus
736 2728 919 2773 Minister
933 2729 1145 2774 Generalis
1157 2731 1320 2772 electio-

315 2802 410 2833 nem
433 2787 671 2829 eorumdem
687 2786 963 2831 Discretorum
978 2789 1163 2833 omnibus
1179 2789 1318 2845 Hispa-

316 2848 480 2892 niarum
503 2846 728 2888 Provinciis
758 2846 913 2890 restitui
942 2850 1189 2904 summopere
1217 2847 1318 2890 desi-

320 2907 489 2950 derabat
506 2933 519 2955 ,
550 2902 897 2963 quemadmodum
922 2909 946 2950 a
970 2922 1053 2949 rec.
1069 2922 1185 2950 mem.
1219 2906 1318 2949 Cle·

322 2975 458 3008 mente
478 2965 547 3006 Xl·
571 2963 1006 3018 Belgii,&1nnocentio
1022 2967 1145 3007 xm.
1165 2967 1318 3007 Roma-

315 3025 377 3066 nis
408 3023 688 3071 Pontificibus,
710 3020 1060 3077 praedecessoribus
1088 3025 1210 3065 etiam
1245 3039 1318 3066 no-

317 3082 428 3131 stris,
448 3082 637 3123 Sardiniae
656 3081 873 3137 respective
899 3082 1123 3125 Provinciis
1148 3080 1316 3123 Ordinis

320 3138 499 3195 praedicti
515 3137 736 3181 concessum
765 3139 876 3184 suiffe
890 3140 1315 3191 memorabatur-‚idem

314 3197 560 3241 Benedictus
582 3196 843 3253 praedeceffor
868 3201 1135 3244 tendentibus
1161 3203 1313 3243 etiam-

316 3258 359 3299 in
373 3258 415 3299 id
436 3257 554 3300 clarae
566 3270 689 3299 mern.
708 3259 885 3315 Philippi
903 3263 955 3303 V.
973 3260 1068 3303 dum
1089 3263 1239 3315 pariter
1258 3259 1315 3300 vi·

315 3316 394 3366 xit,
408 3314 641 3359 earumdem
658 3315 940 3372 Hispaniarum
958 3319 1079 3374 Regis
1108 3317 1316 3361 Catholici

320 3377 453 3426 votis,
467 3373 694 3430 hujusmodi
711 3376 1065 3431 {applicationibus
1084 3378 1314 3427 inclinatus,

316 3435 430 3476 dieto
454 3437 711 3477 Hartmanno
730 3437 908 3480 Ministro
922 3436 1118 3480 Generali
1132 3450 1176 3477 re
1193 3435 1312 3483 serio,

316 3495 547 3546 prudenter
568 3521 583 3545 ,
611 3507 657 3535 ac
684 3492 900 3549 diligenter
927 3494 1171 3544 examinata,
1186 3494 1313 3535 omni-

319 3551 395 3593 bus
410 3554 449 3594 &
464 3552 623 3607 lingulis
641 3551 923 3608 Hispaniarum
941 3554 1153 3599 Provincis
1176 3555 1227 3596 de
1239 3566 1310 3595 cae-

320 3617 410 3651 tero
438 3611 674 3654 electionem
697 3609 971 3657 Discretorum
1004 3612 1251 3669 hujusmodi,
1284 3612 1307 3654 fi

324 3665 365 3705 id
383 3668 534 3711 Divinae
554 3671 720 3726 gloriae,
736 3671 901 3727 publicae
921 3673 1206 3730 tranquillitati
1226 3699 1240 3721 ‚
1266 3685 1309 3713 ac

320 3723 534 3776 Regularis
550 3729 810 3773 observantiae
834 3732 1088 3776 incremento
1111 3734 1152 3774 in
1167 3731 1306 3773 Domi—

321 3791 375 3821 no
396 3785 582 3837 expedire
611 3787 818 3843 judici-iisset
839 3817 854 3842 ‚
875 3791 1108 3835 restituendi
1136 3788 1308 3833 faculta-

951 180 1704 272 Monum'ent'a

1364 339 1447 372 tem
1460 328 1603 371 eadem
1619 329 1857 372 auctoritate
1873 319 2061 372 conceifit
2074 360 2089 381 ,
2116 333 2156 373 δι
2170 331 2355 387 imperti-

1364 400 1431 432 tus
1463 388 1537 432 suit
1554 415 1569 438 ‚
1600 389 1639 429 &
1665 388 1778 438 alias,
1795 397 1919 443 prout
1945 388 1983 429 in
2010 387 2123 442 ipsius
2152 390 2354 432 Benedicti

1368 447 1660 505 praedecessoris
1674 447 1818 488 litteris
1831 445 1897 488 die
1918 459 1986 500 30.
2000 447 2121 501 Septe
2129 448 2228 487 mbr.
2238 461 2355 500 ¹727·

1363 506 1562 562 expeditis
1578 534 1591 558 ,
1606 520 1772 562 quarum
1799 516 1985 547 tenorem
2000 504 2253 559 praesentibus
2280 518 2354 559 pro

1363 563 1542 623 expresso
1561 565 1696 607 haberi
1713 564 1919 615 volumus,
1932 563 2093 607 uberius
2108 562 2356 606 continetur.

1368 629 1476 668 Cum
1491 635 1650 670 autem,
1676 624 1773 665 ficut
1788 637 1862 678 pro
1887 632 2003 677 parte
2029 621 2255 664 Chariffimi
2283 621 2357 665 itt-s

1364 684 1527 727 Christo
1543 683 1646 737 Filii!
1660 681 1778 723 nostri
1796 709 1809 732 ,
1825 681 2065 725 Ferdinandi
2078 707 2093 731 ,
2118 679 2358 723 carumdem

1362 741 1642 797 Hispaniarum
1658 740 1784 798 Regis
1812 740 2034 790 Catholici,
2051 739 2178 781 Nobis
2205 737 2361 794 exposi-

1365 813 1452 844 tum
1477 797 1551 842 fuit
1567 827 1581 850 ,
1616 798 1684 855 ipsi
1703 799 1963 842 Ferdinando
1989 798 2095 853 Regi
2112 797 2366 848 innotuerit‚'

1364 860 1471 918 quod
1490 869 1654 915 propter
1668 857 1866 900 restitutos
1890 856 2097 899 Discretos
2126 856 2167 898 in
2184 855 2359 899 Provin-

1364 919 1438 961 ciis
1455 916 1731 973 Hispaniarum
1757 915 1986 970 hujusmodi
2027 915 2167 970 vigore
2187 913 2364 957 faculta-

1366 978 1422 1021 tis
1441 980 1464 1021 ἡ
1481 975 1668 1032 praedieto
1692 976 1910 1018 Benedid'to
1925 972 2214 1030 praedecessore
2228 973 2363 1016 eidem

1367 1040 1623 1079 Hartmanno
1639 1034 1820 1076 Ministro
1835 1032 2030 1077 Generali
2057 1032 2258 1075 attributa:
2268 1060 2282 1082 ,
2296 1030 2367 1088 qui

1366 1108 1439 1151 per
1463 1094 1566 1135 suam
1597 1092 1801 1148 epistolam
1827 1102 1923 1134 tunc
1954 1091 2210 1133 existentibus
2240 1090 2368 1132 Minis

1369 1153 1456 1196 stris
1474 1150 1795 1195 Provincialibus
1824 1149 2132 1194 Provinciarum
2162 1149 2364 1201 praedicta-

1370 1225 1462 1254 rum
1477 1209 1544 1254 sub
1571 1210 1730 1252 formali
1745 1209 1981 1252 obedientiae
1995 1216 2200 1263 praecepto
2229 1205 2367 1262 injun-

1371 1278 1482 1313 xerat
1495 1295 1510 1318 a
1523 1279 1570 1312 ut
1586 1270 1790 1312 Discretos
1804 1268 1954 1324 eligere
1982 1268 2184 1309 deberent
2193 1294 2209 1316 ,
2234 1265 2365 1307 multa

1368 1330 1511 1372 damna
1535 1328 1736 1383 pullulare
1765 1327 1845 1370 visa
1862 1328 1936 1370 lint
1953 1355 1966 1378 ,
2001 1341 2047 1368 ac
2062 1323 2245 1367 scandala
2260 1321 2374 1366 diffi-

1369 1388 1540 1438 dentiae,
1559 1389 1599 1429 &
1625 1387 1799 1443 partium
1811 1385 1936 1428 studia
1955 1394 2046 1428 orta
2066 1382 2328 1439 reperiantur
2351 1409 2368 1434 ‚

1367 1448 1511 1504 quibus
1526 1446 1688 1488 occurri
1701 1446 1840 1502 nequit
1852 1473 1866 1497 ‚
1890 1459 1964 1487 nec
1981 1444 2223 1500 Superiores
2238 1440 2371 1498 pluri·

1369 1518 1530 1548 morum
1547 1505 1780 1547 libertatem
1805 1517 1997 1548 coercere
2012 1501 2150 1546 valent
2169 1530 2184 1554 ‚
2212 1514 2258 1543 ac
2276 1512 2370 1557 pro·

1370 1565 1466 1608 inde
1481 1563 1586 1605 idem
1603 1561 1879 1606 Ferdinandus
1902 1565 1988 1605 Rex
2006 1558 2110 1605 hisce
2137 1560 2365 1603 incommo—

1371 1626 1434 1669 dis
1450 1637 1521 1679 per
1538 1625 1625 1665 Nos
1642 1622 1802 1665 occurri
1817 1620 2035 1676 plurimum
2049 1619 2366 1663 defiderenNo-

1368 1684 1429 1726 bis
1451 1692 1667 1736 propterea
1681 1680 1857 1737 ejusdem
1889 1678 2133 1722 Ferdinandi
2147 1677 2274 1731 Regis
2299 1687 2374 1717 no-

1370 1744 1479 1783 mine
1500 1739 1764 1794 supplicatum
1780 1736 1856 1780 fuit
1874 1766 1888 1788 2
1909 1747 1955 1780 ut
1992 1741 2032 1780 in
2060 1734 2262 1792 praemisfis
2293 1748 2371 1789 op·

1373 1797 1554 1855 portune
1571 1796 1804 1851 providere,
1817 1798 1857 1836 δι
1870 1821 1883 1841 ,
1898 1807 1940 1837 ut
1952 1795 2078 1844 infra,
2094 1794 2379 1847 indulgere-0,

1378 1858 1430 1900 de
1451 1855 1701 1910 benignitate
1727 1853 1961 1908 apostolica
1977 1854 2240 1910 dignaremur
2258 1880 2270 1892 .
2286 1852 2372 1893 Nos

1380 1918 1503 1973 igitur
1518 1913 1760 1958 Ferdinandi
1777 1913 1897 1968 Regis
1910 1912 2016 1954 votis
2036 1914 2106 1954 hac
2135 1913 2172 1953 in
2187 1921 2373 1966 re,quan·

1382 1972 1467 2018 tum
1484 1988 1574 2015 cum
1601 1973 1776 2016 Domino
1787 1969 2291 2026 poffunms,favorabiliter
2304 1979 2388 2008 an·-

1383 2047 1506 2075 nuere
1522 2031 1730 2080 volentes,
1760 2029 1983 2083 hujusmodi
2010 2026 2369 2083 supplicationibus

1381 2088 1580 2135 inclinati,
1597 2096 1833 2128 memoratas
1847 2086 2051 2127 Benedicti
2070 2083 2362 2138 praedecessoris

1380 2145 1535 2186 litteras
1549 2169 1562 2191 ³
1577 2157 1623 2185 ac
1643 2145 1911 2200 quascumque
1926 2141 2108 2200 epistolas
2135 2145 2154 2185 a
2183 2142 2371 2197 predicto

1381 2205 1636 2244 Hartmanno
1650 2214 1747 2245 tunc
1763 2201 2143 2257 temporisMinistro
2158 2200 2371 2248 Generali‚

1376 2262 1474 2300 sicut
1491 2260 1763 2312 praemittitur,
1779 2273 1852 2314 pro
1868 2260 2133 2314 deputatione
2148 2286 2163 2308 ‚
2190 2258 2257 2300 seu
2272 2272 2375 2300 nova

1378 2317 1579 2359 electione
1603 2316 1882 2359 Discretorum
1902 2317 2141 2373 expeditas,
2166 2317 2206 2357 &
2233 2316 2376 2367 datas,

1382 2390 1428 2419 ac
1447 2373 1647 2419 concessas
1664 2375 1801 2418 harum
1815 2375 1912 2419 serie
1928 2375 2175 2419 auctoritate
2199 2373 2376 2430 Aposto-

1382 2435 1461 2477 lica
1474 2447 1710 2477 revocamus
1724 2464 1739 2487 ,
1765 2435 2014 2478 annullamus
2027 2465 2043 2486 ‚
2071 2431 2257 2477 cassamus
2269 2461 2284 2484 ‚
2306 2433 2378 2476 ab·

1379 2506 1563 2549 rogamus
1576 2519 1590 2541 s
1605 2494 1644 2534 &
1657 2494 1862 2536 abolemus
1880 2523 1894 2546 ,
1908 2493 2076 2550 illasque
2091 2493 2292 2548 perpetus>
2304 2505 2375 2533 re-

1381 2562 1546 2596 vocatas
1561 2581 1574 2604 ‚
1591 2552 1814 2595 annullatas
1830 2578 1844 2601 ,
1859 2553 2024 2594 caffatas
2036 2578 2052 2602 ‚
2075 2553 2287 2607 abrogatas
2299 2575 2313 2598 2
2336 2551 2377 2591 &

1381 2611 1581 2663 abolitas,
1595 2610 1896 2668 viribusque2&
1909 2610 2047 2653 effectu
2064 2623 2208 2652 vacuas
2227 2609 2375 2658 fore-³,

1380 2674 1420 2713 δε
1435 2669 1510 2713 effe
1524 2699 1538 2722 ‚
1557 2670 1787 2726 neminique
1803 2668 2004 2712 ullatenus
2020 2667 2224 2723 suffragari
2252 2666 2378 2709 debe·

1380 2746 1424 2773 re
1439 2730 1706 2772 decernimus.
1714 2732 1912 2772 Praeterea
1928 2728 2033 2770 dieta
2049 2728 2286 2769 auctoritate
2299 2739 2376 2768 vo-

1379 2790 1531 2839 lumus,
1546 2789 1812 2844 praecipimus,
1825 2789 1862 2828 &
1877 2786 2127 2835 mandamus,
2143 2795 2188 2828 ut
2204 2783 2376 2829 sublatis

1379 2848 1578 2891 Discretis
1594 2845 1887 2902 hujusmodi2ad
1904 2844 2096 2900 Capitula
2120 2841 2372 2887 celebranda

1378 2908 1418 2949 in
1432 2907 1617 2950 omnibus
1643 2904 1919 2962 Hispaniarum
1935 2903 2161 2947 Provinciis
2191 2900 2382 2946 Ministri.

1377 2965 1656 3009 Provinciales
1683 2993 1696 3016 ,
1720 2964 1972 3008 Diffinitores
1992 2990 2007 3013 ³
2032 2962 2258 3006 Guardiani
2285 2990 2300 3013 ‚
2331 2960 2379 3001 δι,

1379 3024 1578 3068 Custodes
1599 3023 1773 3067 actuales
1798 3051 1812 3073 ,
1845 3038 1919 3066 nec
1950 3035 2032 3065 non
2057 3035 2197 3064 omnes
2229 3017 2373 3075 singuli

1379 3082 1807 3134 Ex·provinc·1a1es,&
1822 3080 2153 3124 Ex-Diffinitores
2171 3080 2263 3121 loco
2281 3074 2375 3119 Dis-

1378 3154 1590 3185 cretorum
1613 3142 1914 3195 subrogatorum
1933 3135 2159 3196 hujusmodi
2177 3147 2371 3192 tanquam

1379 3202 1552 3243 Vocales
1571 3200 1767 3245 accedere
1797 3199 2002 3248 debeant,
2026 3198 2067 3237 δι
2094 3203 2366 3236 concurrant.

1378 3258 1649 3302 Decet-nentes
1665 3259 1819 3300 easdem
1848 3257 2057 3312 praesentes
2082 3251 2241 3294 litteras
2269 3252 2373 3293 sem-

1378 3331 1448 3373 per
1468 3316 1600 3360 firmas
1620 3345 1634 3366 a
1655 3315 1835 3362 validas,
1860 3316 1899 3356 δι
1925 3312 2108 3355 efficaces
2132 3310 2341 3355 existere,
2355 3336 2370 3359 ι,

1374 3377 1415 3417 &
1442 3374 1553 3426 fore,
1577 3375 1741 3430 suosque
1766 3373 1967 3428 plenarios
1990 3399 2003 3422 ,
2026 3372 2258 3424 &integros
2275 3368 2373 3411 effc-

1374 3440 1458 3478 nus
1475 3434 1638 3484 sortiri,
1650 3435 1690 3473 &
1707 3430 1909 3481 obtinere,
1925 3444 1968 3474 ac
1986 3429 2081 3480 illis,
2097 3427 2145 3472 ad
2163 3443 2266 3485 quos
2283 3430 2392 3486 spe--

1375 3499 1455 3537 Ctat
1473 3523 1487 3545 ,
1503 3495 1540 3535 &
1559 3507 1632 3548 pro
1649 3502 1832 3545 tempore
1858 3488 2196 3545 quandocumque
2223 3487 2370 3543 spedis-

1375 3556 1451 3605 bit‚
1466 3551 1682 3608 pleniilime
1697 3549 1912 3604 suffragari,
1935 3550 1974 3590 &
1989 3548 2038 3588 ab
2072 3549 2128 3589 eis
2147 3545 2378 3602 respective-v

1374 3611 1667 3656 inviolabiliter
1691 3608 1921 3662 observari3
1948 3606 2082 3662 ficque
2111 3607 2148 3648 in
2164 3602 2364 3661 praemiffis

1372 3687 1446 3728 per
1469 3672 1741 3728 quoscumque
1761 3667 1924 3724 Judices
1951 3665 2190 3709 ordinarios
2231 3665 2268 3705 &
2297 3662 2366 3703 de-

1369 3733 1551 3786 legatos,
1577 3730 1699 3772 etiam
1724 3727 1928 3770 causarum
1950 3725 2100 3767 Palatii
2131 3719 2362 3778 Apostolici

1368 3791 1587 3835 Auditores
1601 3787 1770 3847 judicari
1786 3813 1800 3837 a
1814 3787 1851 3827 &
1869 3782 2026 3828 definiri
2045 3782 2222 3846 debere-2
2238 3792 2284 3821 ac
2302 3777 2357 3819 ir—

2176 3849 2303 3880 ritum
