2592 4094
968 211 1565 330 Infulensis.

2046 250 2200 338 251

262 356 500 404 *actionibun
522 354 665 398 faciant
679 354 959 399 confeffionem
975 356 1238 411 generalem
1301 357 1536 400 movendam
1553 349 1736 398 Divinam
1751 354 1971 398 bonitatem
1986 383 1999 406 ,
2015 366 2059 399 ut
2075 362 2267 405 beneficio

262 419 314 460 ab
342 416 480 458 ultima
496 428 510 466 3
535 412 613 469 qui
639 413 831 469 praemissa
845 444 860 467 ,
875 416 1130 458 conabuntur
1147 427 1239 454 cum
1298 415 1577 458 misericordiae
1602 413 1802 468 singularis
1834 414 2027 469 dignetur
2053 418 2265 461 conserva-

262 476 391 531 gratia
406 473 483 515 Dei
504 472 719 528 agnoscere
742 472 872 515 media
885 500 898 523 ,
915 472 964 513 ad
980 473 1075 515 vitia
1099 473 1137 512 δι
1163 472 1237 512 im·
1296 481 1342 514 re
1357 501 1371 524 ,
1384 474 1579 525 &augere
1594 472 1633 513 in
1645 473 1763 514 nobis
1791 471 1969 526 spiritum
1995 472 2131 514 sanfiae
2145 487 2262 516 voca-

260 533 525 591 perfefflones
539 531 797 586 corrigendas
808 532 871 580 ,δε
886 530 1101 571 studebunt
1114 528 1234 570 etiam

262 596 303 637 {e
317 589 554 635 confirmare
571 590 610 631 in
625 587 832 631 exercitiis·
854 588 928 630 suis
944 585 1230 642 spiritualibus,

259 648 562 694 introverfionis
576 646 727 691 scilicet
754 645 892 688 animae
916 658 1006 686 cum
1020 647 1139 692 Deo,
1170 642 1229 685 fa—

258 709 416 751 cientes
440 707 479 748 in
510 704 589 748 fine
611 719 763 754 eorum,
779 703 1080 747 renovationem
1103 703 1231 743 Voto-

259 781 349 811 rum
366 763 526 809 suorum
539 792 553 817 ,
568 772 612 806 ut
624 776 670 806 ca
687 763 966 814 ratione,bona
977 759 1041 803 sua
1053 759 1230 816 propoli-

258 836 302 868 ta
320 844 342 876 ,·
357 834 441 878 quae
458 823 744 876 conceperint,
766 820 871 876 quafi
898 820 1071 875 quodam
1097 817 1227 872 figillo

259 883 439 938 fignent,
465 880 671 922 humiliter
685 876 953 933 supplicantes
974 877 1042 918 fibi
1066 877 1086 917 a
1103 876 1229 929 Supe-

254 936 406 984 rim-iffa
425 938 577 994 injungi
594 937 875 991 poenitentiam
897 947 971 988 pro
992 933 1232 976 delistisillo

258 1011 364 1042 anno
377 994 744 1044 commiflis,contra
768 990 851 1034 suas
864 991 1044 1046 Regulas
1056 1018 1070 1041 ,
1082 993 1123 1033 δι
1137 1004 1230 1047 prae-

257 1056 390 1099 sentes
407 1051 727 1095 Constitutione-s
742 1078 754 1091 .

371 1114 503 1154 Porro
516 1139 529 1162 ,
554 1121 645 1151 cum
658 1107 797 1166 scopus
823 1110 860 1150 δι
875 1108 963 1150 finis
979 1108 1197 1151 Monasticae
1213 1135 1227 1159 ‚

254 1174 294 1215 &
308 1168 518 1225 Religiosae
530 1167 620 1211 vitae
632 1194 647 1218 ,
675 1170 714 1210 &
728 1169 905 1210 omnium
926 1168 1084 1209 suorum
1103 1180 1224 1209 exer·

254 1230 448 1272 citiorum
475 1227 520 1269 fit
546 1225 642 1269 unio
664 1226 801 1269 animae
832 1225 971 1268 nostrae
995 1239 1085 1267 cum
1103 1229 1192 1268 Deo
1209 1251 1224 1274 ,

253 1301 338 1344 quae
360 1286 503 1341 incipit
521 1298 592 1340 per
611 1283 873 1327 Psalmodiam
888 1313 902 1334 ‚
923 1285 963 1324 &
989 1285 1225 1327 Orationem

257 1345 439 1388 vocalem
462 1353 744 1399 promovetur,
772 1357 815 1385 ac
830 1341 1040 1398 perficitur
1053 1357 1126 1398 per
1143 1356 1227 1384 me-

252 1401 509 1452 ditationem,
522 1403 559 1443 &
575 1401 789 1445 mentalem
805 1400 1071 1452 Orationem,
1093 1402 1133 1442 &
1159 1414 1226 1442 no—

250 1459 434 1503 biliffime
458 1460 686 1514 completur
701 1474 773 1515 per
789 1463 947 1502 Sacram
961 1459 1225 1501 Communio-

249 1519 397 1569 nem‚&
413 1518 561 1559 Sanc‘tae
576 1518 826 1560 Eucharistiae
841 1517 1219 1573 frequentationem,

205 1625 212 1632 .
251 1577 320 1621 cui.
340 1586 528 1630 tanquam
549 1575 663 1630 janua
691 1605 704 1626 ,
730 1577 769 1617 δι
802 1575 992 1631 ingressus
1023 1573 1220 1618 subservit

249 1633 526 1687 confeffio,per
547 1633 707 1677 modum
722 1633 983 1690 dispositionis
997 1661 1010 1684 ,
1022 1635 1062 1676 &
1076 1647 1223 1689 praepa·

251 1693 415 1736 rationis
430 1718 442 1732 .
461 1694 721 1747 Quapropter
749 1694 935 1735 omnibus
958 1693 1092 1735 nostrae
1105 1695 1223 1736 Con·

251 1750 500 1808 gregationis-
510 1750 722 1791 Sororibus
745 1751 955 1793 ordinatur
966 1775 981 1798 ,
998 1761 1044 1792 ut
1057 1749 1220 1790 ordina-

257 1810 318 1851 rie
333 1809 444 1849 bisin
463 1806 716 1848 hebdomada
742 1806 1007 1849 confiteantur
1022 1835 1036 1856 ,
1067 1806 1223 1847 scilicet

252 1862 495 1915 Dominica,
508 1865 548 1905 δι
562 1860 656 1906 feria
667 1863 802 1918 quint&
819 1892 833 1915 ,
846 1873 914 1907 aut
932 1863 1107 1920 Vespere
1123 1876 1222 1918 prae·

246 1924 434 1975 cedenti3
448 1920 714 1966 Confeffarius
728 1931 862 1965 autem
897 1922 1120 1964 ordinarius
1138 1923 1218 1964 erit

247 1981 541 2026 Ecclefiasticus
555 1994 603 2021 ex
623 1979 769 2028 Clero,
794 1983 831 2021 &
846 1989 890 2021 ut
904 1980 1218 2032 pufillanimitati

246 2039 497 2083 timidiorum
511 2037 729 2077 animarum
745 2038 807 2085 ,δι
818 2036 1000 2077 libertati
1014 2038 1219 2076 eonscien-

246 2099 392 2140 tiarum
406 2093 680 2138 subveniatur,
698 2094 828 2133 Mater
842 2091 1004 2132 Ancilla
1023 2092 1222 2131 tenebitur

244 2166 388 2211 petere
398 2152 447 2193 ab
465 2147 685 2205 Episcopo,
712 2157 755 2189 ut
779 2147 960 2191 adminus
975 2156 1120 2203 quater
1136 2148 1209 2191 iti-³

241 2227 343 2255 anno
359 2211 428 2253 det
443 2207 614 2264 aliquem
628 2202 919 2248 confessarium
937 2205 1219 2249 extraordina-

241 2271 343 2314 rium
365 2267 620 2316 Saecularem,
634 2272 702 2306 aut
718 2265 960 2320 Regularem
976 2292 990 2314 ,
1001 2266 1041 2304 δι
1054 2265 1221 2317 Episco-

243 2342 315 2384 pus
343 2335 530 2368 teneatur
545 2323 660 2365 illum
676 2321 735 2363 eis
761 2321 986 2365 concedere
1004 2349 1017 2372 ,
1043 2320 1109 2362 sed
1126 2333 1224 2361 con-

244 2384 430 2428 cedendo
454 2380 699 2436 Regularem
722 2379 766 2422 fit
793 2380 845 2422 de
869 2377 1058 2422 consensu
1081 2378 1222 2419 Matris

242 2441 437 2492 Ancillae,
450 2442 485 2481 &
506 2437 788 2481 Discretarum.
805 2435 1053 2481 Confeffario
1064 2450 1223 2487 omnes,

245 2504 286 2545 δι
312 2498 466 2556 lingula:
503 2495 711 2552 Religiosae
736 2494 826 2539 sese
844 2496 1079 2552 praesentare
1112 2505 1222 2536 tene-

246 2562 393 2603 buntur
407 2586 421 2609 ,
437 2565 480 2598 ut
498 2570 545 2598 ea
558 2568 662 2610 ‚quae
675 2569 724 2598 eo
735 2555 955 2610 indiguerit
969 2583 984 2606 ,
1011 2568 1083 2596 nec
1098 2566 1222 2608 agno-

245 2617 329 2668 sci,
351 2630 425 2658 nec
453 2614 583 2656 notari
605 2613 740 2668 poffit3
769 2612 1048 2660 nihilominus,
1078 2611 1100 2651 fi
1117 2624 1222 2665 quae-

244 2677 337 2718 darn
351 2675 399 2715 ab
415 2673 486 2715 illo
501 2672 825 2714 extraordinario
838 2671 1046 2713 confilium
1061 2666 1223 2724 aliquod

245 2734 296 2775 ad
311 2731 575 2774 directionem
590 2727 696 2772 suam
711 2731 940 2783 receperint
958 2756 971 2777 ,
988 2741 1063 2768 non
1081 2726 1219 2781 possint

245 2805 294 2833 eo
308 2791 368 2831 uti
385 2817 398 2840 ,
415 2789 481 2829 nifi
496 2790 602 2842 prius
629 2788 810 2828 consulto
822 2786 1028 2828 Directore
1041 2784 1222 2837 spiritua-

246 2849 302 2896 li,
319 2849 377 2887 eis
392 2859 466 2901 per
486 2844 743 2886 Ord-inarium
755 2844 949 2898 deputato
963 2869 977 2891 ,
1000 2842 1158 2897 quierit
1171 2856 1218 2884 ex

245 2905 375 2948 Clero
391 2931 405 2953 ,
420 2904 523 2944 citra
539 2910 668 2943 tamen
683 2900 956 2956 praejudicium
985 2899 1216 2957 qualecum-

241 2977 320 3019 que
335 2960 449 3019 figilli
465 2960 780 3003 Poenitentiariae
794 2987 806 2999 .
1046 2999 1055 3007 ,
1080 2976 1081 2982 ’

355 3021 476 3060 Sacra
501 3018 746 3061 Communio
763 3016 943 3060 fimiliter
969 3017 1035 3059 fiat
1055 3031 1125 3074 per
1152 3026 1216 3060 to·

241 3088 326 3123 tam
350 3079 700 3121 Communitatem
729 3078 784 3118 bis
814 3089 882 3131 per
897 3076 1215 3125 hebdomadam,

241 3136 396 3181 scilicet
418 3135 483 3177 die
503 3135 712 3177 Dominica
727 3162 741 3186 ,
765 3137 805 3176 &
825 3132 923 3175 feria
936 3135 1090 3190 quinta,
1110 3133 1205 3175 ficut

242 3198 280 3238 &
293 3193 479 3237 omnibus
493 3192 597 3236 festis
618 3192 860 3236 Dioecesanis
875 3219 889 3241 ,
920 3207 1004 3250 quae
1029 3195 1052 3237 ὲ
1065 3192 1213 3247 populo

243 3251 771 3305 solemnizantur31nsuper
785 3249 889 3293 festis
904 3252 1035 3295 Sanni
1054 3251 1216 3292 Franci-

245 3309 324 3360 sci,
354 3314 392 3352 &
413 3311 580 3352 aliorum
597 3310 833 3352 Sanctorum
848 3339 862 3360 ,
891 3324 936 3352 ac
961 3311 1216 3356 Sanctarum,

243 3382 326 3424 quae
343 3368 570 3410 solemniter
598 3369 637 3410 in
653 3367 806 3410 Ordine
830 3368 1089 3410 celebrantur
1105 3394 1119 3416 ,
1149 3367 1216 3407 ubi

244 3437 377 3468 tamen
393 3425 615 3479 hujusmodi
643 3424 736 3468 festa
763 3425 977 3468 inciderint
1004 3427 1044 3467 in
1058 3424 1216 3467 hebdo-

244 3484 401 3526 madam
419 3510 434 3533 ,
445 3482 544 3525 feria
559 3482 695 3537 quintii
710 3497 786 3525 non
803 3484 879 3524 erit
899 3483 986 3526 dies
999 3483 1216 3538 obligatio-

245 3543 306 3585 nis
333 3569 348 3591 ,
377 3553 455 3582 nec
477 3550 672 3596 poterunt
698 3539 776 3582 fine
808 3540 970 3585 licentia
1008 3539 1213 3596 expreffa„

244 3611 564 3644 communicare.
825 3620 827 3623 -

357 3658 440 3708 Et,
465 3666 508 3698 ut
535 3655 689 3698 meliori
716 3655 857 3699 ordine
885 3659 1121 3714 regulentur
1134 3684 1149 3706 ,
1178 3657 1218 3696 δι

246 3714 468 3770 dirigantur
481 3714 610 3756 nostra
623 3714 828 3764 exercitia,
841 3715 890 3756 ad
906 3713 1226 3772 consequendum

243 3771 361 3818 finem
383 3773 500 3816 nostri
515 3770 685 3815 Instituti
699 3797 714 3820 ,
725 3772 765 3813 &
779 3772 950 3815 officium
964 3775 1129 3829 pietatis
1143 3798 1157 3820 ,
1173 3772 1222 3814 ad

366 3836 464 3876 Tom.
478 3834 515 3876 V.

1294 530 1414 571 tionis
1431 531 1567 572 nostrae
1583 531 1646 580 ,ὃς
1661 533 1760 572 hanc
1781 531 1948 573 nostram
1975 529 2155 585 pusillam
2169 543 2265 583 pau·

1289 601 1425 642 perem
1438 615 1452 638 ,
1468 601 1512 629 ac
1529 588 1713 631 humilem
1740 586 2086 630 Reformationem
2112 587 2235 642 magis
2249 617 2264 638 ,

1287 659 1334 687 ac
1348 647 1469 700 magis
1483 645 1699 700 perficere:
1715 649 1752 687 δι
1768 656 1812 688 ut
1827 646 2010 690 ¹exaudiri
2029 645 2207 701 pommus
2222 646 2264 686 in

1289 703 1569 758 proiecutione
1585 703 1669 745 finis
1683 705 1830 754 nostri,
1851 708 1888 747 &
1902 703 2116 760 agnoscere
2130 702 2264 746 infini-

1289 770 1413 803 tatem
1427 759 1710 802 beneficiorum
1724 762 1804 816 ejus
1820 791 1834 813 ,
1860 765 2087 805 ordinamus
2101 790 2115 813 ,
2128 770 2170 804 ut
2183 774 2265 803 uno

1287 831 1336 860 ex
1359 817 1549 873 praedictis
1575 818 1717 860 diebus
1742 844 1757 867 ,
1781 834 1918 863 omnes
1948 826 2117 865 Sorores
2147 818 2259 862 simul

1288 875 1435 919 faciant
1452 876 1613 917 Sacram
1641 879 1975 920 Communionem
1991 879 2062 920 tali
2077 879 2142 921 die
2161 906 2174 930 2
2190 877 2260 933 qui

1289 936 1328 976 in
1346 935 1462 975 initio
1477 932 1569 974 anni
1581 935 1604 976 a
1627 933 1884 987 Superioriffa
1898 936 2192 991 defignabitun
2202 937 2264 977 Si·

1288 1002 1360 1033 cut
1387 993 1426 1032 &
1450 991 1593 1032 eodem
1610 990 1687 1033 fine
1704 1020 1718 1043 ,
1738 993 1777 1033 &
1792 992 1914 1035 modo
1937 995 2052 1036 fimili
2074 996 2114 1038 in
2140 993 2262 1037 initio

1286 1048 1471 1105 cujusque
1490 1048 1629 1091 menfis
1642 1079 1654 1091 .

1400 1107 1599 1150 Similiter
1619 1108 1739 1152 semel
1755 1124 1829 1165 per
1842 1124 1989 1154 annum
2022 1110 2142 1153 modo
2167 1122 2263 1164 prae·

1284 1167 1393 1210 disto
1421 1166 1460 1207 in
1479 1165 1545 1208 die
1559 1194 1573 1218 ,
1593 1180 1675 1221 quo
1699 1169 1924 1211 nostrorum
1938 1173 2260 1213 Conventuum..

1286 1233 1404 1280 capta
1419 1223 1542 1267 fuerit
1560 1223 1759 1279 possessio,
1793 1238 1951 1270 orantes
1970 1242 2041 1282 pro
2054 1228 2264 1282 ipsorum...

1286 1280 1608 1325 Benefaetoribus
1624 1284 1722 1325 vivis
1736 1309 1749 1332 ,
1764 1292 1882 1338 atque
1894 1285 2090 1327 defunffis
2108 1313 2120 1325 .
2139 1282 2261 1325 Simi-

1285 1341 1381 1384 liter
1395 1339 1514 1383 semel
1530 1341 1687 1396 singulis
1700 1342 1898 1383 mensibus
1908 1368 1922 1381 .

1401 1398 1566 1455 Insuper
1580 1399 1839 1456 Superiorifla
1855 1398 2082 1454 providebit
2095 1427 2109 1448 ,
2122 1406 2167 1438 ut
2183 1394 2260 1437 fin·

1284 1457 1384 1513 gulis
1400 1458 1626 1513 septimanis
1641 1468 1724 1501 tres
1743 1463 1935 1507 Sorores,
1948 1471 2043 1512 quas
2067 1455 2117 1498 ad
2148 1455 2252 1496 hune

1282 1514 1466 1560 effectum
1493 1515 1739 1573 designabit,
1754 1516 1874 1558 semel
1901 1514 2047 1558 faciant
2063 1518 2259 1557 Sacram...

1284 1575 1624 1617 Communionem
1666 1589 1740 1632 pro
1780 1574 2083 1617 conservatione
2125 1572 2263 1614 nostrae

1286 1632 1607 1677 Reformationis
1619 1662 1634 1675 .
2255 1641 2258 1646 '

1398 1692 1512 1734 Idem
1524 1691 1683 1745 singulis
1701 1691 1925 1747 septimanis
1953 1688 2075 1732 semel
2092 1686 2158 1728 fiat
2184 1697 2261 1740 pro

1283 1752 1508 1792 nostrorum
1537 1753 1830 1791 conventuum
1860 1746 2156 1790 Fundatoribus
2177 1770 2191 1790 ,
2222 1745 2262 1784 δε

1283 1806 1610 1849 Benefactoribus
1625 1831 1638 1854 ,
1667 1805 1934 1861 spiritualibus
1951 1832 1965 1856 ,
1993 1808 2031 1846 &
2054 1813 2262 1857 tempora-

1281 1865 1385 1907 libus
1402 1894 1414 1905 .

1379 1921 1561 1978 Quando
1575 1921 1755 1977 erigetur
1781 1936 1907 1966 novus
1920 1925 2159 1965 Conventus
2176 1922 2263 1963 Re-⁴

1280 1983 1535 2024 formationis
1564 1982 1697 2023 nostrae
1712 2010 1726 2030 ,
1752 1983 1984 2024 ordinamus
2009 2007 2023 2029 ,
2050 1988 2094 2020 ut
2119 1994 2256 2022 omnes

1281 2041 1321 2078 δε
1333 2038 1489 2091 fingulae
1503 2040 1667 2080 Sorores
1685 2038 2006 2081 Reformationis
2020 2037 2172 2088 nostrat,
2188 2052 2261 2093 gem

1281 2094 1479 2134 neraliter
1492 2095 1613 2133 tertie
1641 2095 1789 2136 faciant
1812 2101 1975 2137 Sacram
1993 2098 2261 2137 Communio-

1279 2163 1371 2192 nem
1387 2162 1462 2204 pro
1487 2148 1572 2203 ejus
1601 2149 1709 2191 felici
1741 2151 1916 2194 succeffu
1930 2176 1943 2198 ,
1965 2153 2002 2191 ὃς
2034 2149 2159 2193 salute
2191 2167 2262 2194 eo-

1281 2221 1366 2250 rum
1378 2233 1393 2255 ,
1419 2206 1485 2262 qui
1505 2221 1551 2248 ex
1567 2209 1766 2253 charitate
1785 2209 1833 2250 ad
1848 2208 2143 2264 promotionem
2158 2210 2263 2264 ejus..

1282 2265 1392 2306 modi
1413 2265 1546 2317 operis
1559 2277 1834 2321 cooperantur
1849 2296 1859 2307 .
1884 2266 1999 2308 Idem
2015 2265 2080 2308 fiet
2095 2281 2262 2322 genera-

1282 2323 1376 2364 liter
1395 2322 1554 2374 fingulis
1567 2326 1764 2366 mensibus
1783 2338 1863 2366 uno
1875 2325 2152 2378 praedictorum
2174 2328 2262 2370 die-

1283 2393 1370 2421 rum
1384 2402 1398 2424 ,
1431 2388 1498 2418 aut
1512 2379 1687 2430 praefim,
1702 2381 1751 2421 ad
1768 2381 2029 2422 intentionem
2046 2383 2257 2426 Reveren-

1283 2435 1425 2479 dislimi
1441 2434 1619 2490 Episcopi
1643 2437 1869 2479 Dioecesani
1881 2435 2105 2490 Superioris
2114 2441 2258 2491 nostri3

1284 2504 1328 2537 ut
1346 2498 1452 2536 Deus
1466 2507 1537 2546 per
1551 2492 1745 2536 infinitam
1760 2495 1864 2536 suam
1889 2494 2143 2539 clementiam
2161 2512 2257 2540 eum

1285 2553 1528 2593 corroboret
1543 2551 1581 2591 in
1599 2553 1733 2594 oneris
1749 2552 1801 2593 sui
1822 2552 2058 2593 executione
2072 2580 2083 2592 .

1396 2611 1450 2651 Et
1463 2638 1478 2659 ,
1495 2615 1539 2651 ut
1562 2611 1748 2653 charitati
1772 2611 1860 2651 satis
1874 2607 1939 2650 fiat
1951 2634 1964 2656 ,
1995 2609 2225 2653 ordinamus
2241 2641 2256 2664 ,

1283 2666 1392 2723 quod
1422 2667 1745 2725 quotiescumque
1770 2667 2004 2710 recitabitur
2032 2666 2252 2710 officium..

1283 2729 1540 2767 Mortuorum
1552 2752 1565 2772 ι.
1581 2742 1629 2769 eo
1645 2728 1709 2770 die
1721 2727 2056 2768 communicantes
2074 2753 2088 2775 ,
2118 2726 2159 2766 id
2191 2724 2253 2766 fa-

1281 2783 1389 2825 ciant
1410 2796 1484 2837 pro
1497 2785 1716 2837 animabus,
1730 2799 1812 2839 quae
1825 2783 1912 2826 sunt
1935 2783 1973 2824 in
1989 2783 2246 2838 Purgatorio‚

1279 2843 1319 2883 δε
1341 2840 1560 2896 specialiter
1584 2844 1758 2891 Militum
1794 2855 2008 2898 pauperum
2039 2839 2251 2883 defuneto-
2320 2860 2324 2863 ·

1280 2913 1367 2940 rum
1391 2900 1427 2940 in
1446 2901 1696 2943 Exercitibus
1712 2903 1867 2955 Regum
1883 2926 1898 2949 ,
1923 2900 1964 2939 &
1979 2899 2250 2954 Principum

1279 2957 1588 3000 Christianorum
1606 2987 1619 3008 ,
1635 2962 1674 3000 &
1688 2959 2084 3013 Catholicorum,pro
2098 2958 2250 3000 honore

1279 3015 1358 3058 Dei
1376 3045 1389 3068 ,
1403 3018 1442 3057 δι
1455 3014 1678 3061 defenfione
1694 3016 1871 3058 Ecclesiae
1886 3015 2110 3059 Catholicae
2121 3043 2134 3056 .

1394 3077 1449 3116 Et
1462 3076 1555 3130 quia
1572 3076 1756 3131 frequens
1773 3072 1890 3115 leftio
1911 3072 2119 3128 spiritualis
2135 3100 2149 3125 ,
2167 3087 2246 3116 ma-

1275 3146 1356 3187 gnae
1370 3132 1424 3174 est
1439 3133 1622 3175 efficaciae
1646 3133 1696 3175 ad
1712 3133 1991 3187 acquirendam
2006 3132 2068 3182 ,δι
2083 3131 2246 3174 conser-

1277 3190 1442 3233 vandam
1469 3193 1506 3232 in
1531 3193 1666 3232 animis
1692 3189 1952 3232 devotionem
1967 3218 1981 3242 ,
1995 3189 2207 3230 ordinatur
2222 3215 2238 3240 ,

1276 3257 1320 3289 ut
1335 3248 1491 3303 lingulis
1511 3248 1726 3290 Dominicis
1742 3276 1756 3299 ,
1768 3250 1807 3289 δι
1821 3247 1922 3291 festis
1937 3277 1951 3299 ,
1977 3249 2014 3288 &
2031 3248 2151 3289 tertia
2165 3277 2182 3298 ,
2196 3261 2243 3287 ac

1277 3307 1412 3361 quinta
1443 3303 1550 3348 feriis
1574 3308 1693 3356 anni,
1709 3309 1840 3348 Mater
1854 3305 2012 3349 Ancilla
2041 3307 2146 3360 piam
2179 3305 2247 3347 ali-

1277 3378 1392 3420 quam
1409 3364 1621 3407 lenionem
1637 3364 1756 3407 faciat
1781 3365 1991 3408 Sororibus
2006 3391 2019 3413 ,
2043 3365 2096 3406 ita
2114 3373 2157 3405 ut
2173 3366 2248 3404 fin-

1275 3423 1376 3478 gulis
1400 3423 1539 3465 diebus
1554 3452 1568 3474 ,
1581 3432 1695 3465 extra
1708 3432 1887 3478 tempora
1902 3422 2159 3480 jejuniorum,
2190 3421 2246 3462 in·-

1276 3482 1415 3523 choari
1441 3481 1588 3523 debeat
1602 3483 1706 3522 circa
1725 3482 1862 3523 horam
1878 3480 2156 3522 duodecimam
2171 3506 2186 3528 ,
2199 3488 2243 3518 ut
2317 3503 2320 3507 ›

1278 3538 1438 3581 finiatur
1455 3541 1563 3581 circa
1586 3537 1767 3592 primam3
1782 3539 1859 3582 Sed
1872 3536 2163 3592 diebusJejunii
2178 3536 2245 3576 in-

1277 3598 1400 3651 cipiet
1427 3597 1646 3652 quadrante
1673 3606 1766 3639 ante
1800 3599 1935 3640 horam
1959 3597 2123 3649 primam
2151 3622 2165 3644 ,
2195 3604 2241 3636 ut

1278 3654 1506 3697 absolvatur
1520 3653 1568 3695 ad
1584 3655 1754 3698 mediam
1770 3653 1973 3704 secundat-5,
1998 3656 2089 3711 Qa
2104 3651 2214 3693 finita
2226 3679 2241 3701 ,

1286 3718 1451 3757 Sorores
1477 3713 1513 3753 se
1528 3713 1719 3768 recipient
1732 3715 1772 3754 in
1798 3711 1960 3753 cellulas
1982 3709 2063 3751 suas
2086 3711 2244 3766 usqne,
2318 3730 2322 3733 ·

1284 3772 1334 3814 ad
1355 3772 1576 3825 vesperas3
1601 3773 1647 3813 ln
1671 3784 1808 3825 magna
1833 3779 1964 3811 tamen
1979 3767 2248 3811 Ecclefiastica

1749 3829 1795 3870 1i
1828 3841 1848 3869 2
2079 3830 2193 3885 Qa-
