2592 4094
414 245 598 351 23⁶
1107 233 1651 351 Provincia

356 381 483 433 nenfi
508 383 742 451 captavit,
777 384 821 430 in
852 373 1017 428 virenti
1044 372 1192 425 adhuc
1223 377 1351 427 lau-ro
1371 411 1388 436 ‚
1421 391 1467 427 et
1500 375 1693 445 palmis,
1725 372 1890 444 quibus
1916 374 2110 426 cadaver
2138 392 2234 429 erat
2256 386 2383 431 orna*

351 467 452 504 tum
470 487 487 512 ,
523 450 749 523 gloriosus
776 447 1063 513 comparuit.

486 520 820 587 PrsEugenius
837 552 854 574 ‚
881 518 928 565 in
957 518 1203 567 Hannonia
1236 515 1347 568 lieet
1371 532 1532 576 natus,
1564 514 1808 567 Insulenfis
1827 530 1979 566 tamen
2001 513 2151 564 dietus
2172 550 2190 575 ,
2214 516 2387 568 illustre

345 595 550 646 Familia
568 591 805 644 Thienaeae,
820 585 895 636 seu
912 588 1155 638 Comitum
1170 588 1227 637 de
1246 591 1334 654 Los
1350 605 1556 657 germen,
1574 604 1624 638 ut
1648 586 1886 639 Christum
1911 583 2216 645 lucrifaceret,
2229 590 2387 650 omnia

349 679 402 715 ut
431 663 622 712 stercora
649 657 893 708 arbitratus
924 655 986 708 est
1018 693 1032 706 .
1071 660 1448 727 Primogeniturae
1475 664 1552 723 jus
1584 656 1992 726 strenueneglexit
2016 691 2033 714 ,
2067 671 2115 705 et
2139 675 2248 707 cum
2275 675 2382 726 pau·

348 746 520 802 pertate
549 726 784 797 Religiosa
815 731 1157 779 commutavit.
1194 734 1268 779 lta
1296 731 1341 779 in
1371 727 1497 779 sensu
1530 728 1610 778 suo
1632 730 1800 787 viluit,
1837 743 1890 778 ut
1913 727 2170 796 ,quidquid
2183 729 2383 798 gloriam

348 799 562 851 vanitatis
591 799 768 858 oleret,
803 797 926 866 quafi
950 800 1190 867 impatiens
1221 798 1454 850 nausearet
1476 837 1490 850 .
1526 796 1657 867 Ipsos
1694 815 1875 867 quoque
1904 796 2136 848 sermones
2161 832 2178 857 ,
2212 799 2290 864 qui
2325 797 2384 847 de

349 873 472 920 illius
499 870 740 938 agnatione
765 886 872 919 cum
905 869 1170 922 Comitibus
1201 869 1258 920 de
1292 871 1334 919 la
1369 872 1568 921 Moterie
1595 905 1611 927 ,
1646 868 1704 920 de
1741 873 1940 936 Launoy
1967 904 1984 928 ,
2019 869 2078 918 de
2113 867 2389 938 Romberg,

347 956 391 989 et
417 939 476 989 de
506 942 652 997 Lens,
676 956 757 988 nec
790 957 880 990 non
916 958 1022 990 cum
1053 940 1399 990 Marchionibus
1426 940 1482 991 de
1515 937 1668 989 Berke
1703 976 1720 999 ,
1754 958 1807 990 ac
1838 940 2125 1008 Principibus
2157 939 2214 989 de
2243 942 2388 1004 Croy

347 1025 433 1059 etc.
446 1009 660 1078 agebant,
675 1008 828 1078 aperte
844 1007 1091 1061 fastidivit:
1108 1028 1189 1061 nec
1207 1011 1413 1069 laudare,
1429 1030 1510 1061 nec
1522 1010 1695 1060 laudari
1709 1012 1880 1069 voluit,
1896 1010 2002 1060 cum
2018 1011 2173 1060 omnia
2187 1010 2234 1058 in
2251 1026 2306 1058 eo
2323 1010 2391 1058 di-

345 1096 435 1150 gna
468 1078 606 1129 effent
629 1082 864 1148 praeconiis
875 1079 1284 1149 ,dispendiumque
1315 1083 1390 1132 vel
1422 1083 1678 1150 periculum
1711 1083 1897 1132 virtutis
1931 1096 2054 1130 ratus
2079 1079 2135 1129 ab
2165 1081 2386 1130 homine·

349 1148 435 1200 effe
465 1149 703 1200 laudatum
721 1186 735 1199 .
771 1150 1067 1203 Glorificavit
1088 1166 1243 1201 autem
1274 1150 1405 1202 suurn
1440 1151 1621 1202 servum
1648 1156 1772 1202 Deus
1790 1187 1806 1210 ,
1829 1151 2020 1202 humilia
2053 1149 2226 1218 semper
2252 1147 2388 1217 respi-

352 1224 473 1270 ciens
490 1255 506 1278 ,
543 1235 592 1271 et
620 1221 779 1291 gratiis
808 1222 865 1271 ad
893 1227 987 1286 ejus
1014 1224 1271 1272 orationem
1302 1221 1426 1271 varie
1449 1221 1665 1274 conceffis
1682 1258 1699 1282 ,
1733 1223 2002 1272 memoriam
2037 1222 2159 1269 illius
2186 1219 2389 1270 reddidit

351 1290 576 1341 celebrem
596 1325 610 1341 .
645 1292 804 1342 Tantae
831 1306 928 1343 erat
959 1291 1227 1342 austeritatis
1245 1327 1261 1351 ,
1298 1307 1350 1343 ut
1377 1310 1459 1343 nec
1484 1310 1672 1353 carnes,
1707 1310 1789 1342 nec
1819 1290 1959 1361 pisces
1989 1327 2005 1350 ,
2040 1308 2122 1340 nec
2145 1308 2235 1340 ova
2261 1307 2390 1339 man·-

352 1361 576 1420 ducaret,
611 1375 661 1412 et
696 1363 853 1413 vinum
885 1362 1062 1412 biberet
1091 1381 1351 1430 nunquam:
1385 1364 1412 1413 a
1436 1365 1624 1414 terrenis
1650 1361 1834 1413 avulsus
1872 1397 1888 1420 ,
1926 1365 1971 1412 in
1997 1363 2201 1411 oratione
2228 1377 2391 1411 coram

350 1430 643 1483 sanctissimo
676 1435 970 1483 Sacramento
998 1434 1184 1482 entheus
1215 1431 1372 1501 saepius
1397 1431 1559 1483 mansit
1590 1470 1603 1483 .
1640 1433 1804 1501 Spiritu
1845 1450 1988 1502 magno
2016 1450 2123 1482 cum
2153 1432 2393 1482 Ezechia..

352 1503 477 1552 vidit
503 1503 654 1552 ultima
689 1521 809 1554 anno
838 1513 985 1565 1716.
1022 1507 1067 1552 in
1097 1503 1225 1558 Urbe
1260 1502 1509 1563 Insulensi,
1542 1504 1771 1573 vitamque
1797 1503 1860 1553 ibi
1886 1503 2037 1554 finivit
2064 1500 2276 1552 miseram
2295 1536 2312 1560 ,
2340 1513 2395 1552 ut

347 1570 581 1621 frueretur
610 1571 892 1623 feliciffima.
931 1571 1137 1642 Expositi
1169 1573 1425 1625 Cadaveris
1455 1589 1640 1642 partes,
1676 1590 1721 1625 et
1751 1571 1893 1625 vestes
1925 1575 2123 1644 populus
2161 1591 2217 1623 ne
2233 1570 2391 1622 distra-

348 1642 506 1697 heret,
542 1644 821 1692 Satellitium
852 1658 1080 1693 armatum
1113 1662 1367 1712 praecavere
1401 1645 1588 1695 debuit.

488 1713 605 1760 Haec
633 1713 755 1761 Zelo
788 1711 952 1763 sociata
975 1715 1121 1764 virtus
1155 1733 1245 1764 non
1286 1714 1436 1765 solum
1464 1715 1659 1764 Nobiles
1690 1716 1943 1766 Provinciae
1963 1717 2172 1784 Juvenes
2207 1710 2397 1765 aedifica-

351 1779 451 1836 vit,
486 1777 563 1829 sed
593 1794 639 1829 et
664 1780 904 1831 confilium
935 1784 1202 1831 imitationis
1229 1798 1274 1832 et
1303 1782 1506 1833 Habitus
1528 1787 1574 1831 in
1596 1783 1754 1832 iisdem
1780 1783 2019 1837 accendit:
2039 1801 2092 1831 ex
2111 1785 2270 1833 multis
2298 1787 2398 1832 Du·

348 1849 477 1899 cibus
494 1883 511 1908 ,
543 1849 807 1901 Comitibus
825 1885 842 1909 ,
881 1851 1135 1901 Batonibus
1162 1865 1249 1901 etc.
1273 1850 1470 1902 sufficiat
1493 1853 1566 1902 hic
1596 1847 1862 1901 memoralse
1882 1855 2091 1902 Fratrem
2119 1854 2400 1902 Maximilia-

350 1938 463 1969 num
490 1918 547 1970 de
577 1922 783 1970 Recourt
802 1956 818 1980 ,
853 1939 908 1971 ex
940 1919 1345 1973 illustriffimorum
1376 1925 1684 1974 Dominorum
1713 1922 1771 1973 de
1797 1924 1994 1990 Liques‚
2025 1922 2081 1973 de
2111 1925 2224 1973 Lens
2240 1923 2288 1974 in
2306 1927 2395 1972 Ar-

354 1989 524 2049 thefia,
559 1993 774 2058 primitus
805 2010 859 2042 ex
885 1991 1092 2042 Ducibus
1116 1994 1332 2043 Bullionii
1362 2007 1573 2042 ortorum
1599 1991 1830 2060 prosapia:
1864 1997 1940 2042 Fr.
1975 1994 2235 2060 Philippum
2266 1996 2398 2044 Ema-

356 2062 539 2110 nuelem
567 2059 886 2127 d'lsenghien,
921 2080 977 2109 ex
1004 2061 1279 2109 nobiliffima
1306 2061 1363 2108 d'e
1399 2063 1589 2108 Valrain
1615 2061 1672 2109 de
1699 2060 1869 2118 Gand,
1906 2063 2171 2124 Principum
2200 2062 2259 2110 de
2279 2059 2402 2111 Mas:

355 2130 538 2185 mines,
565 2141 612 2177 et
641 2129 710 2177 <1⁹1
720 2128 927 2195 senghien
962 2130 1184 2178 Familia:
1221 2132 1299 2178 Fr.
1322 2130 1551 2178 Carolum
1579 2128 1636 2177 de
1668 2128 1877 2179 Andelot
1893 2147 1979 2187 ,ex
2013 2130 2146 2192 huJ'us
2182 2133 2383 2182 nominis

356 2196 766 2250 Vice·Comitibus
798 2212 956 2247 natum
983 2211 1073 2247 etc.

453 2269 642 2319 Colitur
658 2269 703 2316 in
719 2266 1041 2319 Dunkerkana
1056 2269 1187 2331 hujus
1208 2269 1455 2319 Provinciae
1474 2267 1671 2319 Ecclesia
1683 2271 1886 2336 plurimo
1900 2269 2060 2336 populi
2081 2269 2253 2321 aceeffu
2275 2274 2401 2321 1ma⁴

355 2355 420 2407 go
452 2343 506 2390 B.
524 2342 588 2387 V.
607 2338 792 2395 Mariae,
821 2355 957 2404 quam
984 2340 1262 2405 Capitaneus
1298 2341 1490 2388 Navalis
1521 2341 1754 2409 Georgius
1782 2341 1927 2389 Cools
1960 2338 2212 2405 spumantis
2248 2344 2400 2392 Maris

355 2408 488 2459 undis
518 2404 879 2474 supernatantem
910 2406 1119 2465 invenit,
1151 2422 1199 2457 et
1228 2410 1273 2456 in
1310 2425 1430 2457 nova
1462 2413 1671 2459 Fratrum
1702 2406 1900 2459 Ecclesia
1931 2410 2210 2460 collocavit.
2248 2410 2327 2461 Est
2356 2425 2402 2462 et

357 2478 552 2547 dignum
586 2478 876 2543 antiquitatis
905 2476 1132 2527 memoriii
1157 2478 1204 2528 id
1220 2513 1236 2537 ,
1261 2478 1390 2546 quod
1417 2481 1462 2528 in
1488 2477 1657 2530 fabrica
1687 2475 1954 2531 Conventus
1972 2479 2278 2532 Mervillenfis
2293 2498 2400 2531 con·

355 2551 467 2617 tigit
485 2583 501 2607 ,
538 2561 585 2596 et
617 2548 946 2615 operariorum·
965 2548 1099 2598 turba
1128 2547 1329 2617 stupuit,
1367 2549 1482 2599 dum
1507 2553 1639 2619 plura
1660 2550 1884 2602 cadavera
1911 2551 2211 2618 incorrupta,
2230 2567 2278 2602 et
2295 2555 2403 2602 con·

363 2619 481 2668 testa
511 2616 692 2669 Habitu
719 2617 912 2669 Ordinis
945 2622 993 2669 S.
1015 2619 1251 2670 Benediffi
1284 2621 1454 2671 coloris
1480 2622 1680 2672 cinericii
1707 2634 1884 2690 reperta
1908 2618 2166 2689 conspexit.

500 2687 684 2738 Nullibi
718 2686 913 2742 sanctius
938 2692 1084 2740 claret
1117 2692 1462 2759 Capucinarum
1495 2709 1660 2742 nomen
1692 2727 1708 2751 ,
1741 2705 1788 2742 et
1814 2690 1979 2742 nullibi
2003 2695 2149 2750 maior
2179 2693 2407 2761 reperitur

360 2757 750 2810 Monasteriorum
780 2760 963 2810 illarum
997 2779 1245 2821 numerus,
1282 2762 1423 2830 quam
1457 2764 1502 2812 in
1535 2764 1618 2812 hac
1650 2763 1893 2815 Provincia
1921 2781 1935 2811 ε
1973 2765 2121 2812 Sacrae
2147 2762 2279 2827 hujus
2313 2767 2408 2815 Co-

359 2831 492 2880 loniae
525 2830 859 2880 incrementum
890 2835 966 2881 Fr.
984 2830 1250 2899 Augustino
1281 2833 1551 2884 Bethunenfi
1574 2832 1742 2884 merito
1773 2830 1982 2883 adscribo
2010 2867 2027 2891 ,
2060 2850 2168 2882 cum
2194 2835 2240 2882 in
2269 2850 2409 2901 opere

361 2898 641 2950 fundationis
677 2900 1000 2952 Venerabilem
1029 2906 1247 2953 Sororem
1279 2903 1565 2955 Franciscam
1593 2901 1961 2974 Burburgensem
1987 2902 2208 2954 direxerit
2236 2940 2249 2953 .
2277 2905 2409 2968 Diju-

372 2970 546 3021 dicabit
573 2971 764 3039 ipsemet
789 2973 958 3023 Lector
981 2973 1039 3023 de
1068 2972 1244 3023 austera
1267 2973 1429 3023 harum
1455 2975 1641 3027 vivendi
1671 2976 1876 3034 ratione,
1914 2971 1949 3024 fi
1978 2972 2095 3025 infra
2123 2976 2249 3044 leget
2285 2979 2409 3026 Con·

374 3039 626 3161 ίὶίἆυιίοηεε
654 3043 868 3161 igar-um,
908 3041 1173 3113 Apostolica
1201 3044 1529 3112 approbatione
1556 3046 1820 3106 roboratas,
1853 3058 1900 3096 et
1934 3062 1987 3095 ex
2011 3042 2172 3095 nostris
2194 3059 2246 3096 ut
2268 3046 2414 3114 pluri·

369 3129 417 3160 m
455 3128 501 3159 m
529 3126 656 3161 extra
704 3130 781 3163 as.

558 3273 987 3367 Componitur
1022 3265 1350 3344 Provincia

652 3458 1035 3515 Exconventibus
1060 3462 1259 3513 Fratrum
1733 3476 1852 3510 xlx.

653 3589 729 3640 Ex
764 3590 1064 3646 monastriis
1092 3589 1350 3645 Martialium
1748 3608 1831 3641 vu.

2161 3895 2239 3942 1³1².
2257 3883 2354 3942 Cle-
