2638 4088
804 1406 838 1447 155
877 1381 974 1435 Uae
1005 1378 1055 1432 ἃ
1087 1378 1350 1435 Ηωυίτεηεὲ
1382 1378 1640 1431 Cantabriae
1674 1378 1735 1427 ob
1752 1378 1882 1442 hujus
1916 1378 2136 1444 Regionis
2155 1379 2351 1444 comple·

680 1498 681 1501 ,
898 1467 1010 1500 xum
1040 1455 1272 1502 vocitatur
1289 1489 1306 1512 ,
1337 1470 1512 1502 cum—
1529 1449 1578 1500 ὅ(
1603 1451 1631 1498 ὲ
1659 1451 1899 1500 Provincia
1924 1449 2171 1516 Aragoniae
2191 1446 2267 1497 sua
2281 1464 2355 1494 na-

715 1532 720 1534 ’
763 1538 839 1584 χρ
862 1548 864 1557 2
899 1520 971 1571 &a
995 1522 1061 1572 est
1088 1521 1380 1591 auspicia,&
1398 1528 1501 1586 jure
1516 1518 1778 1590 promiscuo
1795 1517 2029 1585 utriusque
2057 1521 2208 1587 Regni
2232 1522 2354 1568 Con-

743 1588 838 1656 Jsssg'ss
899 1606 1060 1642 ventus
1083 1593 1392 1662 gubernavit,
1420 1593 1566 1642 donec
1595 1591 1651 1641 ab
1673 1591 1750 1639 illa
1772 1588 1887 1640 secia
1907 1587 2139 1639 Custodiae
2165 1590 2192 1637 a
2212 1592 2353 1640 Com-

657 1709 661 1721 ,
861 1724 863 1728 X
899 1661 1105 1712 miffariis
1120 1699 1136 1722 ‚
1163 1666 1238 1714 vel
1268 1683 1346 1732 per
1367 1661 1633 1714 Ministrum
1667 1663 1945 1711 Generalem
1980 1661 2257 1716 nominatis,
2277 1658 2353 1706 vel

726 1738 831 1799 32³5!
898 1732 955 1782 ab
970 1731 1160 1801 ipsamet
1191 1736 1345 1785 eleffis
1371 1734 1503 1785 reRae
1530 1769 1547 1791 ,
1572 1751 1737 1782 nomen
1760 1731 1825 1782 est
1850 1729 2032 1781 sortita.
2062 1731 2235 1780 Tenuit
2267 1729 2354 1779 hoc

732 1806 741 1819 ''
899 1802 960 1850 ob
975 1807 1314 1854 Conventuum
1344 1805 1620 1871 paucitatem
1647 1801 1783 1867 usque
1802 1801 1859 1850 ad
1886 1817 2057 1850 annum
2082 1809 2229 1860 1679.
2262 1816 2354 1865 quo

750 1889 807 1896 „
828 1899 837 1913 w
902 1873 947 1919 in
977 1871 1185 1923 ordinem
1218 1876 1568 1925 Provinciarum
1607 1871 1688 1922 sub
1716 1876 1770 1921 B.
1806 1875 1867 1921 V.
1896 1872 2057 1921 Mariae
2096 1868 2187 1920 fine
2223 1870 2354 1919 labe..

899 1958 1129 2011 conceptae
1165 1945 1420 2011 patrocinio
1447 1941 1532 1993 fuit
1554 1945 1696 1993 relata
1714 1977 1728 1991 .

451 2007 645 2058 Ascefin
682 2010 960 2078 Regularem
989 2032 1097 2062 cum
1133 2016 1362 2064 charitatis
1393 2013 1608 2082 operibus
1649 2028 1757 2083 erga
1791 2013 2062 2063 Proximum
2095 2029 2148 2062 eo
2179 2010 2354 2080 semper

309 2077 527 2130 laudabili
560 2077 743 2128 fervore
775 2082 959 2129 Fratres
990 2086 1214 2132 Navarrae
1239 2084 1555 2143 connexuere,
1583 2099 1636 2133 ut
1665 2084 1922 2134 communis
1948 2081 2204 2135 devotionis
2227 2084 2253 2132 a
2276 2098 2355 2149 po-

307 2151 422 2216 pulo
455 2145 537 2197 fibi
569 2146 914 2197 vendicaverint
934 2146 1178 2198 affecium.
1208 2151 1507 2201 AEstimarunt
1538 2155 1639 2200 illos
1673 2155 1825 2219 Regni
1851 2157 2093 2210 Procnes,
2123 2153 2237 2202 dum
2263 2170 2354 2201 non

307 2217 460 2268 solum
492 2217 835 2267 Conventuales
861 2235 1024 2268 eorum
1055 2223 1237 2270 Domos
1258 2219 1345 2270 suae
1370 2221 1574 2288 Regaliae
1605 2221 1698 2283 Juri
1722 2222 1768 2267 in
1797 2222 2020 2270 Comitiis
2054 2222 2355 2271 Generalibus

303 2287 618 2356 aggregarunt
654 2320 670 2341 ,
698 2284 774 2332 sed
808 2285 857 2334 ὅ(
883 2289 983 2334 illas
1016 2291 1267 2336 Provincia:
1299 2289 1562 2337 conditione
1591 2289 1794 2356 infigniri
1820 2324 1838 2348 ‚
1879 2291 1984 2340 latis
2025 2290 2084 2339 ad
2116 2293 2357 2361 Regium...

306 2356 472 2408 Caroli
498 2357 570 2403 11.
604 2350 931 2418 Hispaniarum
960 2357 1100 2423 Regis
1131 2356 1366 2404 Catholici
1401 2357 1620 2404 thronum
1646 2358 1857 2421 precibus
1884 2357 2183 2423 flagitarunt,
2211 2362 2356 2421 acini-2

303 2444 392 2494 que
418 2422 658 2474 crestionis
687 2420 895 2491 impensis
922 2423 980 2474 ad
1010 2427 1332 2480 memorialem
1365 2425 1489 2493 illius
1519 2421 1860 2474 solemnitatem
1896 2422 2153 2491 sumptibus
2179 2428 2355 2480 adeffe..

304 2498 585 2548 voluerunt.
1928 2506 1945 2537 ς

451 2563 744 2616 Illustriffimi
772 2566 822 2620 ὅ(
852 2568 1237 2619 Reverendissimi
1266 2565 1568 2618 Ecclefiarum
1599 2562 1837 2615 Antistites
1865 2577 1965 2613 tum
1991 2580 2152 2616 eorum
2179 2569 2354 2637 operass.

310 2654 397 2707 pro
424 2638 632 2687 examine
659 2638 819 2698 Cleri,
849 2637 899 2690 ὅτ
928 2638 1219 2689 Miffionibus
1249 2637 1516 2707 peragendis
1545 2634 1666 2688 varie
1694 2631 1760 2684 usi
1790 2632 1923 2692 sunt,
1954 2648 2056 2685 tum
2081 2653 2225 2687 novas
2251 2642 2351 2690 illo-

308 2726 416 2760 rum
440 2705 635 2757 fabricas
659 2707 855 2779 benigno
884 2706 1060 2777 semper
1090 2706 1261 2760 assensu
1295 2708 1673 2764 ratihabuerunt‚
1699 2721 1800 2756 tum
1831 2706 1994 2772 amplis
2023 2704 2263 2760 benefaffls
2277 2727 2353 2759 eos

308 2777 608 2829 cumu'lssrunt
642 2811 660 2834 ,
689 2778 792 2827 hinc
817 2778 867 2829 <St
902 2780 948 2827 in
978 2780 1234 2829 Provinciae
1271 2779 1486 2827 chronico
1524 2775 1780 2828 benedi-fiio
1816 2773 1987 2824 lllustr.
2031 2778 2351 2844 DD.Joannis

309 2853 335 2898 ἃ
359 2848 406 2897 S.
437 2848 564 2899 Petro
590 2881 607 2904 ‚
632 2849 827 2916 Joannis
865 2848 914 2897 de
940 2848 1142 2917 Camargo
1174 2883 1189 2906 ,
1229 2849 1498 2898 Melchioris
1532 2848 1705 2917 Angeli
1735 2845 1961 2896 Gudierret
1991 2879 2007 2903 ,
2036 2844 2348 2915 Gasparildh

307 2917 554 2977 Miranda,
579 2918 635 2965 ὁ·
664 2918 833 2986 Argaiz
850 2955 867 2976 ,
897 2918 1124 2970 Francisci
1150 2917 1273 2969 Atioa
1297 2925 1350 2969 ξς*
1377 2919 1511 2968 Bufz‘o
1526 2917 1680 2979 ,haud
1710 2918 1844 2966 aliter
1868 2933 1920 2966 ac
1946 2916 1993 2966 in
2026 2915 2227 2967 obelisco
2258 2917 2345 2968 ser-

309 3003 417 3041 vata
438 2988 697 3059 perenniter
726 2988 1009 3056 splendebit·

398 3102 400 3105 ι
448 3059 655 3128 Populus
680 3058 913 3111 universus
946 3076 1205 3112 reverenter
1230 3079 1308 3111 eos
1342 3061 1519 3131 semper
1545 3057 1743 3129 suspexit
1772 3079 1788 3117 ;
1827 3055 1942 3107 vidit
1970 3058 2093 3107 enim
2120 3058 2239 3109 inter
2263 3077 2343 3110 eos

308 3132 507 3182 Homines
538 3133 713 3181 virtute
740 3149 933 3198 magnos,
957 3131 1007 3184 ὅς
1043 3131 1163 3182 fama
1189 3130 1422 3183 sanctioris
1457 3133 1559 3181 vitae
1589 3129 1784 3180 celebres
1811 3146 1823 3174 ε
1861 3124 1977 3176 vidit
2008 3133 2029 3187 (
2053 3141 2211 3196 praeter
2241 3135 2343 3180 Ser-

303 3219 427 3254 vum
459 3202 553 3252 Dei}
572 3236 588 3259 ,
622 3197 866 3270 Josephum
903 3202 930 3250 ὲ
957 3202 1234 3254 Catabantes
1257 3241 1273 3263 ,
1303 3217 1509 3270 tempore
1538 3198 1770 3250 Custodiae
1796 3198 2156 3250 Navarrenfibus
2185 3203 2343 3250 convi-

303 3288 490 3322 ventem
518 3308 535 3331 ‚
569 3270 710 3339 iisque
737 3287 941 3341 tempore
973 3276 1138 3323 mortis
1167 3286 1427 3340 paramenta
1465 3269 1611 3319 Missae
1640 3271 1867 3337 legantem
1891 3268 1917 3334 )
1971 3271 2181 3320 Fratrem
2223 3274 2340 3320 Gre-

304 3345 489 3411 gorium
522 3343 550 3390 a
582 3344 770 3393 Corella
798 3378 814 3401 ,
858 3348 1069 3394 Fratrem
1105 3343 1488 3413 christophorum
1517 3340 1543 3387 a
1574 3343 1787 3390 Locruno
1817 3371 1835 3396 ,
1865 3341 2047 3390 Fratres
2072 3343 2339 3391 Antonium

305 3414 356 3464 δε
379 3409 631 3479 Josephum
647 3448 663 3471 ,
683 3416 861 3463 Fratres
889 3420 1145 3466 Germanos
1162 3415 1216 3472 ,εἴ
1247 3413 1461 3470 Corella,
1486 3414 1561 3460 Fr.
1594 3408 1829 3460 Andream
1864 3409 1891 3456 ὸ,
1920 3407 2129 3469 Tafalla,
2146 3414 2222 3460 Fr.
2255 3414 2337 3462 Di-

304 3484 475 3533 dacum
499 3482 555 3532 ab
583 3487 812 3549 Ezperum
837 3484 928 3538 &c.
969 3503 1171 3556 quorum
1201 3487 1344 3535 vitam
1378 3482 1426 3533 ὅ(
1463 3479 1585 3551 gesta
1618 3478 1753 3551 fignis
1795 3474 1979 3531 corusca
2007 3481 2207 3531 Annales
2239 3498 2334 3533 am-

305 3553 379 3624 ple
403 3551 696 3602 recensebunt
712 3587 734 3610 ,>
1154 3610 1158 3614 ᾗ
1486 3549 1493 3552 “

449 3621 584 3673 Vidit
608 3624 728 3677 inter
762 3641 868 3683 eos,
900 3628 978 3692 qui
1009 3628 1144 3676 latius
1177 3627 1317 3693 quam
1344 3627 1389 3674 in
1411 3623 1639 3674 Ordinem
1657 3619 1738 3674 sua:
1769 3621 1874 3669 vitae
1904 3618 2132 3689 fulgorem
2163 3617 2329 3670 effude-

306 3709 415 3745 runt
436 3729 453 3751 ‚
489 3691 608 3742 vidit
635 3693 986 3761 Qalificatores
1016 3696 1168 3747 Sanffl
1205 3695 1366 3746 Officii
1401 3693 1735 3760 Inquifitionis,
1755 3694 1844 3741 FF.
1861 3692 2139 3741 Michafflem
2167 3693 2193 3739 a
2221 3694 2330 3741 San·

309 3766 385 3815 fro
413 3764 662 3816 Dominico
676 3799 694 3824 ‚
714 3766 920 3834 primum
951 3768 1201 3820 Provinciae
1222 3766 1514 3823 Ministrum‚
1536 3763 1828 3813 Vincentium
1857 3761 1883 3808 a
1905 3762 2089 3809 Corella
2105 3797 2121 3821 ,
2137 3764 2325 3812 Bernar-

2153 3832 2265 3881 dum
