<?xml version="1.0" encoding="UTF-8"?>
<!DOCTYPE html PUBLIC "-//W3C//DTD XHTML 1.0 Transitional//EN"
    "http://www.w3.org/TR/xhtml1/DTD/xhtml1-transitional.dtd">
<html xmlns="http://www.w3.org/1999/xhtml" xml:lang="en" lang="en">
 <head>
  <title>
</title>
<meta http-equiv="Content-Type" content="text/html;charset=utf-8" />
  <meta name='ocr-system' content='tesseract 3.04.00' />
  <meta name='ocr-capabilities' content='ocr_page ocr_carea ocr_par ocr_line ocrx_word'/>
</head>
<body>
  <div class='ocr_page' id='page_1' title='image "./bullariumordinis05cath_0132.png"; bbox 0 0 2612 4100; ppageno 0'>
   <div class='ocr_carea' id='block_1_1' title="bbox 358 418 2423 1376">
    <p class='ocr_par' dir='ltr' id='par_1_1' title="bbox 358 418 2423 1376">
     <span class='ocr_line' id='line_1_1' title="bbox 358 418 2423 1376; baseline 0 0"><span class='ocrx_word' id='word_1_1' title='bbox 358 418 2423 1376; x_wconf 95' lang='lat' dir='ltr'> </span> 
     </span>
    </p>
   </div>
   <div class='ocr_carea' id='block_1_2' title="bbox 363 1401 926 1914">
    <p class='ocr_par' dir='ltr' id='par_1_2' title="bbox 363 1401 926 1914">
     <span class='ocr_line' id='line_1_2' title="bbox 363 1401 925 1477; baseline 0 0"><span class='ocrx_word' id='word_1_2' title='bbox 363 1401 925 1477; x_wconf 95' lang='lat' dir='ltr'>  </span> <span class='ocrx_word' id='word_1_3' title='bbox 871 1446 925 1477; x_wconf 95' lang='lat' dir='ltr'> </span> 
     </span>
     <span class='ocr_line' id='line_1_3' title="bbox 897 1677 926 1914; baseline 0 0"><span class='ocrx_word' id='word_1_4' title='bbox 897 1677 926 1914; x_wconf 95' lang='lat' dir='ltr'>   </span> 
     </span>
    </p>
   </div>
   <div class='ocr_carea' id='block_1_3' title="bbox 466 1397 2402 1716">
    <p class='ocr_par' dir='ltr' id='par_1_3' title="bbox 466 1397 2402 1614">
     <span class='ocr_line' id='line_1_4' title="bbox 842 1397 2400 1472; baseline -0.004 -18.265"><span class='ocrx_word' id='word_1_5' title='bbox 842 1432 867 1467; x_wconf 59' lang='lat'>32</span> <span class='ocrx_word' id='word_1_6' title='bbox 885 1451 893 1466; x_wconf 18' lang='grc' dir='ltr'>ι,</span> <span class='ocrx_word' id='word_1_7' title='bbox 935 1409 1136 1456; x_wconf 53' lang='lat' dir='ltr'>Lausum</span> <span class='ocrx_word' id='word_1_8' title='bbox 1164 1403 1369 1452; x_wconf 84' lang='lat' dir='ltr'>Britanni</span> <span class='ocrx_word' id='word_1_9' title='bbox 1401 1405 1556 1472; x_wconf 86' lang='lat' dir='ltr'>populi</span> <span class='ocrx_word' id='word_1_10' title='bbox 1577 1420 1698 1472; x_wconf 87' lang='lat' dir='ltr'>,quo</span> <span class='ocrx_word' id='word_1_11' title='bbox 1715 1403 1897 1452; x_wconf 82' lang='lat' dir='ltr'>Fratres</span> <span class='ocrx_word' id='word_1_12' title='bbox 1926 1397 2099 1449; x_wconf 86' lang='lat' dir='ltr'>nostros</span> <span class='ocrx_word' id='word_1_13' title='bbox 2130 1397 2186 1447; x_wconf 86' lang='lat' dir='ltr'>ad</span> <span class='ocrx_word' id='word_1_14' title='bbox 2204 1400 2400 1469; x_wconf 76' lang='lat' dir='ltr'>regionis</span> 
     </span>
     <span class='ocr_line' id='line_1_5' title="bbox 503 1466 2402 1542; baseline -0.002 -18"><span class='ocrx_word' id='word_1_15' title='bbox 503 1532 511 1542; x_wconf 41' lang='lat' dir='ltr'>s</span> <span class='ocrx_word' id='word_1_16' title='bbox 616 1528 620 1532; x_wconf 8' lang='grc' dir='ltr'><strong>ᾗ</strong></span> <span class='ocrx_word' id='word_1_17' title='bbox 680 1532 684 1538; x_wconf 79' lang='lat'>.</span> <span class='ocrx_word' id='word_1_18' title='bbox 783 1481 899 1541; x_wconf 60' lang='lat' dir='ltr'>wv</span> <span class='ocrx_word' id='word_1_19' title='bbox 959 1473 1044 1527; x_wconf 87' lang='lat' dir='ltr'>suae</span> <span class='ocrx_word' id='word_1_20' title='bbox 1070 1474 1319 1525; x_wconf 84' lang='lat' dir='ltr'>incolatum</span> <span class='ocrx_word' id='word_1_21' title='bbox 1349 1474 1530 1524; x_wconf 82' lang='lat' dir='ltr'>induxit</span> <span class='ocrx_word' id='word_1_22' title='bbox 1562 1510 1578 1533; x_wconf 92' lang='lat'><strong>,</strong></span> <span class='ocrx_word' id='word_1_23' title='bbox 1610 1488 1709 1524; x_wconf 88' lang='lat' dir='ltr'>tum</span> <span class='ocrx_word' id='word_1_24' title='bbox 1737 1472 1962 1529; x_wconf 85' lang='lat' dir='ltr'>devotio,</span> <span class='ocrx_word' id='word_1_25' title='bbox 1987 1466 2075 1536; x_wconf 61' lang='lat' dir='ltr'>quei</span> <span class='ocrx_word' id='word_1_26' title='bbox 2111 1471 2276 1519; x_wconf 82' lang='lat' dir='ltr'><strong>Crucis</strong></span> <span class='ocrx_word' id='word_1_27' title='bbox 2308 1481 2402 1520; x_wconf 87' lang='lat' dir='ltr'>tro-</span> 
     </span>
     <span class='ocr_line' id='line_1_6' title="bbox 466 1537 2402 1614; baseline -0.005 -16"><span class='ocrx_word' id='word_1_28' title='bbox 466 1581 469 1611; x_wconf 65' lang='lat'>2</span> <span class='ocrx_word' id='word_1_29' title='bbox 484 1542 544 1603; x_wconf 48' lang='grc' dir='ltr'>»ῖς</span> <span class='ocrx_word' id='word_1_30' title='bbox 602 1560 616 1597; x_wconf 50' lang='grc' dir='ltr'>κ</span> <span class='ocrx_word' id='word_1_31' title='bbox 632 1542 677 1604; x_wconf 54' lang='grc' dir='ltr'>’5ἕρ</span> <span class='ocrx_word' id='word_1_32' title='bbox 784 1544 846 1613; x_wconf 45' lang='lat' dir='ltr'>⁷2:2⁸·ss</span> <span class='ocrx_word' id='word_1_33' title='bbox 863 1543 899 1607; x_wconf 37' lang='grc' dir='ltr'>μᾶζ’</span> <span class='ocrx_word' id='word_1_34' title='bbox 955 1546 1133 1614; x_wconf 79' lang='lat' dir='ltr'>phaeum</span> <span class='ocrx_word' id='word_1_35' title='bbox 1151 1543 1196 1591; x_wconf 89' lang='lat' dir='ltr'>in</span> <span class='ocrx_word' id='word_1_36' title='bbox 1222 1541 1457 1613; x_wconf 70' lang='lat' dir='ltr'>designato</span> <span class='ocrx_word' id='word_1_37' title='bbox 1475 1548 1804 1594; x_wconf 84' lang='lat' dir='ltr'>Conventuum</span> <span class='ocrx_word' id='word_1_38' title='bbox 1827 1539 1916 1591; x_wconf 73' lang='lat' dir='ltr'>situ</span> <span class='ocrx_word' id='word_1_39' title='bbox 1940 1540 2132 1607; x_wconf 89' lang='lat' dir='ltr'>plantari</span> <span class='ocrx_word' id='word_1_40' title='bbox 2146 1537 2402 1597; x_wconf 87' lang='lat' dir='ltr'>consuevit,</span> 
     </span>
    </p>

    <p class='ocr_par' dir='ltr' id='par_1_4' title="bbox 614 1607 2401 1716">
     <span class='ocr_line' id='line_1_7' title="bbox 614 1607 2401 1716; baseline 0.001 -59"><span class='ocrx_word' id='word_1_41' title='bbox 614 1607 622 1630; x_wconf 61' lang='lat'>‘¹</span> <span class='ocrx_word' id='word_1_42' title='bbox 662 1640 667 1650; x_wconf 68' lang='lat'><em>,</em></span> <span class='ocrx_word' id='word_1_43' title='bbox 698 1618 761 1694; x_wconf 30' lang='grc' dir='ltr'>,μα</span> <span class='ocrx_word' id='word_1_44' title='bbox 801 1614 830 1686; x_wconf 67' lang='lat' dir='ltr'>fl</span> <span class='ocrx_word' id='word_1_45' title='bbox 859 1611 898 1716; x_wconf 54' lang='lat' dir='ltr'>&#39;A</span> <span class='ocrx_word' id='word_1_46' title='bbox 958 1630 1058 1666; x_wconf 87' lang='lat' dir='ltr'>tum</span> <span class='ocrx_word' id='word_1_47' title='bbox 1081 1614 1272 1663; x_wconf 87' lang='lat' dir='ltr'>charitas</span> <span class='ocrx_word' id='word_1_48' title='bbox 1288 1648 1304 1671; x_wconf 94' lang='lat'><strong>,</strong></span> <span class='ocrx_word' id='word_1_49' title='bbox 1335 1613 1422 1680; x_wconf 67' lang='lat' dir='ltr'>quii</span> <span class='ocrx_word' id='word_1_50' title='bbox 1439 1615 1586 1681; x_wconf 88' lang='lat' dir='ltr'>prima</span> <span class='ocrx_word' id='word_1_51' title='bbox 1609 1613 1838 1662; x_wconf 83' lang='lat' dir='ltr'>Nobilitas</span> <span class='ocrx_word' id='word_1_52' title='bbox 1869 1611 2034 1660; x_wconf 87' lang='lat' dir='ltr'>horum</span> <span class='ocrx_word' id='word_1_53' title='bbox 2057 1607 2297 1676; x_wconf 87' lang='lat' dir='ltr'>expensas,</span> <span class='ocrx_word' id='word_1_54' title='bbox 2322 1610 2401 1659; x_wconf 90' lang='lat' dir='ltr'>vel</span> 
     </span>
    </p>
   </div>
   <div class='ocr_carea' id='block_1_4' title="bbox 824 1655 871 1701">
    <p class='ocr_par' dir='ltr' id='par_1_5' title="bbox 824 1655 871 1701">
     <span class='ocr_line' id='line_1_8' title="bbox 824 1655 871 1701; baseline 0 -12"><span class='ocrx_word' id='word_1_55' title='bbox 824 1655 871 1701; x_wconf 41' lang='grc' dir='ltr'>ᾖε</span> 
     </span>
    </p>
   </div>
   <div class='ocr_carea' id='block_1_5' title="bbox 363 1477 773 1677">
    <p class='ocr_par' dir='ltr' id='par_1_6' title="bbox 363 1477 773 1677">
     <span class='ocr_line' id='line_1_9' title="bbox 363 1477 773 1677; baseline 0 0"><span class='ocrx_word' id='word_1_56' title='bbox 363 1477 773 1677; x_wconf 95' lang='lat' dir='ltr'>  </span> 
     </span>
    </p>
   </div>
   <div class='ocr_carea' id='block_1_6' title="bbox 373 1610 2423 3901">
    <p class='ocr_par' dir='ltr' id='par_1_7' title="bbox 409 1610 2414 1889">
     <span class='ocr_line' id='line_1_10' title="bbox 799 1610 857 1662; baseline 0 -16"><span class='ocrx_word' id='word_1_57' title='bbox 799 1642 802 1646; x_wconf 93' lang='grc'>.</span> <span class='ocrx_word' id='word_1_58' title='bbox 834 1610 857 1662; x_wconf 57' lang='grc' dir='ltr'><strong>ᾖ</strong></span> 
     </span>
     <span class='ocr_line' id='line_1_11' title="bbox 488 1652 2400 1766; baseline -0.004 -32.278"><span class='ocrx_word' id='word_1_59' title='bbox 488 1702 542 1732; x_wconf 52' lang='lat'>³:</span> <span class='ocrx_word' id='word_1_60' title='bbox 718 1707 719 1710; x_wconf 40' lang='lat'>¹</span> <span class='ocrx_word' id='word_1_61' title='bbox 801 1652 815 1689; x_wconf 41' lang='grc' dir='ltr'>χ</span> <span class='ocrx_word' id='word_1_62' title='bbox 839 1696 897 1766; x_wconf 51' lang='lat'><em>9</em></span> <span class='ocrx_word' id='word_1_63' title='bbox 934 1683 1132 1756; x_wconf 66' lang='lat' dir='ltr'>,integre</span> <span class='ocrx_word' id='word_1_64' title='bbox 1149 1718 1163 1741; x_wconf 92' lang='lat'><strong>,</strong></span> <span class='ocrx_word' id='word_1_65' title='bbox 1189 1686 1262 1735; x_wconf 88' lang='lat' dir='ltr'>vel</span> <span class='ocrx_word' id='word_1_66' title='bbox 1292 1701 1345 1734; x_wconf 86' lang='lat' dir='ltr'>ex</span> <span class='ocrx_word' id='word_1_67' title='bbox 1361 1685 1537 1752; x_wconf 90' lang='lat' dir='ltr'>potiore</span> <span class='ocrx_word' id='word_1_68' title='bbox 1566 1698 1693 1753; x_wconf 81' lang='lat' dir='ltr'>parte</span> <span class='ocrx_word' id='word_1_69' title='bbox 1718 1684 1763 1732; x_wconf 90' lang='lat' dir='ltr'>in</span> <span class='ocrx_word' id='word_1_70' title='bbox 1784 1680 1827 1730; x_wconf 86' lang='lat' dir='ltr'>se</span> <span class='ocrx_word' id='word_1_71' title='bbox 1856 1679 2075 1748; x_wconf 84' lang='lat' dir='ltr'>suscepit,</span> <span class='ocrx_word' id='word_1_72' title='bbox 2102 1694 2308 1747; x_wconf 85' lang='lat' dir='ltr'>patenter</span> <span class='ocrx_word' id='word_1_73' title='bbox 2323 1678 2400 1728; x_wconf 86' lang='lat' dir='ltr'>de-</span> 
     </span>
     <span class='ocr_line' id='line_1_12' title="bbox 478 1749 2414 1854; baseline -0.001 -53"><span class='ocrx_word' id='word_1_74' title='bbox 478 1754 480 1756; x_wconf 73' lang='grc'><strong>’</strong></span> <span class='ocrx_word' id='word_1_75' title='bbox 601 1764 697 1776; x_wconf 65' lang='grc'><strong><em>”</em></strong></span> <span class='ocrx_word' id='word_1_76' title='bbox 771 1771 899 1854; x_wconf 52' lang='grc' dir='ltr'><strong>Η</strong></span> <span class='ocrx_word' id='word_1_77' title='bbox 958 1755 1205 1805; x_wconf 86' lang='lat' dir='ltr'>monstrat.</span> <span class='ocrx_word' id='word_1_78' title='bbox 1241 1755 1514 1819; x_wconf 86' lang='lat' dir='ltr'>Plerumque</span> <span class='ocrx_word' id='word_1_79' title='bbox 1543 1776 1559 1811; x_wconf 61' lang='grc' dir='ltr'>ς</span> <span class='ocrx_word' id='word_1_80' title='bbox 1591 1753 1668 1804; x_wconf 89' lang='lat' dir='ltr'>ubi</span> <span class='ocrx_word' id='word_1_81' title='bbox 1697 1752 1752 1802; x_wconf 91' lang='lat' dir='ltr'>de</span> <span class='ocrx_word' id='word_1_82' title='bbox 1778 1753 1941 1801; x_wconf 87' lang='lat' dir='ltr'>Crucis</span> <span class='ocrx_word' id='word_1_83' title='bbox 1968 1750 2189 1798; x_wconf 73' lang='lat' dir='ltr'>ereffione</span> <span class='ocrx_word' id='word_1_84' title='bbox 2218 1749 2414 1809; x_wconf 45' lang='lat' dir='ltr'>aslum-1,</span> 
     </span>
     <span class='ocr_line' id='line_1_13' title="bbox 636 1815 2411 1889; baseline -0.003 -17"><span class='ocrx_word' id='word_1_85' title='bbox 636 1823 688 1882; x_wconf 55' lang='lat' dir='ltr'>{j</span> <span class='ocrx_word' id='word_1_86' title='bbox 765 1857 890 1889; x_wconf 48' lang='grc'>,4</span> <span class='ocrx_word' id='word_1_87' title='bbox 958 1837 1084 1880; x_wconf 88' lang='lat' dir='ltr'>erat,</span> <span class='ocrx_word' id='word_1_88' title='bbox 1110 1823 1278 1870; x_wconf 87' lang='lat' dir='ltr'>Oratio</span> <span class='ocrx_word' id='word_1_89' title='bbox 1299 1822 1596 1889; x_wconf 84' lang='lat' dir='ltr'>quadraginta</span> <span class='ocrx_word' id='word_1_90' title='bbox 1624 1822 1842 1869; x_wconf 82' lang='lat' dir='ltr'>horarum</span> <span class='ocrx_word' id='word_1_91' title='bbox 1872 1818 2039 1866; x_wconf 58' lang='lat' dir='ltr'>indid&#39;ta</span> <span class='ocrx_word' id='word_1_92' title='bbox 2055 1851 2071 1874; x_wconf 92' lang='lat'><strong>,</strong></span> <span class='ocrx_word' id='word_1_93' title='bbox 2100 1815 2411 1885; x_wconf 83' lang='lat' dir='ltr'>Indulgentia-</span> 
     </span>
    </p>

    <p class='ocr_par' dir='ltr' id='par_1_8' title="bbox 373 1857 2423 2586">
     <span class='ocr_line' id='line_1_14' title="bbox 399 1857 2411 1957; baseline 0 -21"><span class='ocrx_word' id='word_1_94' title='bbox 399 1903 410 1913; x_wconf 51' lang='lat'><em>*</em></span> <span class='ocrx_word' id='word_1_95' title='bbox 784 1922 786 1924; x_wconf 80' lang='lat'>·</span> <span class='ocrx_word' id='word_1_96' title='bbox 808 1857 898 1936; x_wconf 56' lang='grc' dir='ltr'>-Ι</span> <span class='ocrx_word' id='word_1_97' title='bbox 955 1908 1062 1942; x_wconf 88' lang='lat' dir='ltr'>rum</span> <span class='ocrx_word' id='word_1_98' title='bbox 1090 1892 1274 1943; x_wconf 85' lang='lat' dir='ltr'>lucrum</span> <span class='ocrx_word' id='word_1_99' title='bbox 1302 1889 1619 1957; x_wconf 82' lang='lat' dir='ltr'>publicatum,</span> <span class='ocrx_word' id='word_1_100' title='bbox 1650 1887 1700 1944; x_wconf 74' lang='lat' dir='ltr'>&lt;Sc</span> <span class='ocrx_word' id='word_1_101' title='bbox 1724 1885 2023 1957; x_wconf 81' lang='lat' dir='ltr'>proceffiones</span> <span class='ocrx_word' id='word_1_102' title='bbox 2049 1888 2279 1956; x_wconf 77' lang='lat' dir='ltr'>generales</span> <span class='ocrx_word' id='word_1_103' title='bbox 2297 1922 2314 1946; x_wconf 85' lang='lat'><strong>,</strong></span> <span class='ocrx_word' id='word_1_104' title='bbox 2347 1886 2411 1941; x_wconf 81' lang='lat' dir='ltr'>ad</span> 
     </span>
     <span class='ocr_line' id='line_1_15' title="bbox 373 1951 2412 2034; baseline -0.005 -18"><span class='ocrx_word' id='word_1_105' title='bbox 373 1986 482 2034; x_wconf 88' lang='lat' dir='ltr'>quas</span> <span class='ocrx_word' id='word_1_106' title='bbox 498 2001 514 2024; x_wconf 89' lang='lat'><strong>,</strong></span> <span class='ocrx_word' id='word_1_107' title='bbox 541 1979 701 2031; x_wconf 87' lang='lat' dir='ltr'>praeter</span> <span class='ocrx_word' id='word_1_108' title='bbox 728 1977 973 2027; x_wconf 89' lang='lat' dir='ltr'>utrumque</span> <span class='ocrx_word' id='word_1_109' title='bbox 991 1964 1204 2011; x_wconf 87' lang='lat' dir='ltr'>locorum</span> <span class='ocrx_word' id='word_1_110' title='bbox 1228 1961 1420 2009; x_wconf 87' lang='lat' dir='ltr'>Clerum</span> <span class='ocrx_word' id='word_1_111' title='bbox 1436 1995 1452 2016; x_wconf 92' lang='lat'>,</span> <span class='ocrx_word' id='word_1_112' title='bbox 1470 1962 1626 2010; x_wconf 88' lang='lat' dir='ltr'>vicinae</span> <span class='ocrx_word' id='word_1_113' title='bbox 1641 1959 1843 2008; x_wconf 83' lang='lat' dir='ltr'>Paraeciae</span> <span class='ocrx_word' id='word_1_114' title='bbox 1869 1955 2210 2014; x_wconf 83' lang='lat' dir='ltr'>confluxerant,</span> <span class='ocrx_word' id='word_1_115' title='bbox 2225 1951 2412 2011; x_wconf 75' lang='lat' dir='ltr'>fuerunt</span> 
     </span>
     <span class='ocr_line' id='line_1_16' title="bbox 373 2020 2412 2102; baseline -0.003 -19"><span class='ocrx_word' id='word_1_116' title='bbox 373 2034 642 2102; x_wconf 54' lang='lat' dir='ltr'>praescriptae-</span> <span class='ocrx_word' id='word_1_117' title='bbox 660 2066 673 2078; x_wconf 90' lang='lat'>.</span> <span class='ocrx_word' id='word_1_118' title='bbox 712 2031 793 2078; x_wconf 77' lang='lat' dir='ltr'>Ad</span> <span class='ocrx_word' id='word_1_119' title='bbox 818 2031 932 2076; x_wconf 82' lang='lat' dir='ltr'>hanc</span> <span class='ocrx_word' id='word_1_120' title='bbox 950 2029 1278 2076; x_wconf 87' lang='lat' dir='ltr'>coeremoniam</span> <span class='ocrx_word' id='word_1_121' title='bbox 1305 2027 1387 2090; x_wconf 89' lang='lat' dir='ltr'>pro</span> <span class='ocrx_word' id='word_1_122' title='bbox 1416 2025 1584 2074; x_wconf 62' lang='lat' dir='ltr'>fabricss</span> <span class='ocrx_word' id='word_1_123' title='bbox 1612 2023 1878 2075; x_wconf 81' lang='lat' dir='ltr'>Luconienfi</span> <span class='ocrx_word' id='word_1_124' title='bbox 1898 2024 2142 2082; x_wconf 70' lang='lat' dir='ltr'>indistam,</span> <span class='ocrx_word' id='word_1_125' title='bbox 2162 2024 2271 2087; x_wconf 64' lang='lat' dir='ltr'>&gt;visse</span> <span class='ocrx_word' id='word_1_126' title='bbox 2301 2020 2412 2077; x_wconf 73' lang='lat' dir='ltr'>sunt</span> 
     </span>
     <span class='ocr_line' id='line_1_17' title="bbox 373 2095 2413 2166; baseline -0.004 -12"><span class='ocrx_word' id='word_1_127' title='bbox 373 2100 678 2155; x_wconf 84' lang='lat' dir='ltr'>Proceffiones</span> <span class='ocrx_word' id='word_1_128' title='bbox 708 2099 870 2166; x_wconf 89' lang='lat' dir='ltr'>viginti</span> <span class='ocrx_word' id='word_1_129' title='bbox 890 2098 1115 2163; x_wconf 87' lang='lat' dir='ltr'>quinque,</span> <span class='ocrx_word' id='word_1_130' title='bbox 1149 2111 1344 2161; x_wconf 82' lang='lat' dir='ltr'>quarum</span> <span class='ocrx_word' id='word_1_131' title='bbox 1370 2095 1594 2144; x_wconf 88' lang='lat' dir='ltr'>nonnullae</span> <span class='ocrx_word' id='word_1_132' title='bbox 1630 2096 1715 2142; x_wconf 81' lang='lat' dir='ltr'>iter</span> <span class='ocrx_word' id='word_1_133' title='bbox 1743 2095 1943 2162; x_wconf 89' lang='lat' dir='ltr'>plurium</span> <span class='ocrx_word' id='word_1_134' title='bbox 1962 2096 2101 2144; x_wconf 82' lang='lat' dir='ltr'>etiam</span> <span class='ocrx_word' id='word_1_135' title='bbox 2137 2096 2413 2146; x_wconf 64' lang='lat' dir='ltr'>leucarum-³</span> 
     </span>
     <span class='ocr_line' id='line_1_18' title="bbox 375 2162 2416 2232; baseline -0.003 -9"><span class='ocrx_word' id='word_1_136' title='bbox 375 2171 597 2223; x_wconf 83' lang='lat' dir='ltr'>conficere</span> <span class='ocrx_word' id='word_1_137' title='bbox 614 2166 861 2219; x_wconf 82' lang='lat' dir='ltr'>debebant.</span> <span class='ocrx_word' id='word_1_138' title='bbox 894 2168 1021 2217; x_wconf 90' lang='lat' dir='ltr'>Duas</span> <span class='ocrx_word' id='word_1_139' title='bbox 1053 2182 1143 2215; x_wconf 91' lang='lat' dir='ltr'>uno</span> <span class='ocrx_word' id='word_1_140' title='bbox 1164 2162 1412 2231; x_wconf 88' lang='lat' dir='ltr'>eodemque</span> <span class='ocrx_word' id='word_1_141' title='bbox 1429 2164 1504 2214; x_wconf 84' lang='lat' dir='ltr'>die</span> <span class='ocrx_word' id='word_1_142' title='bbox 1531 2181 1613 2232; x_wconf 90' lang='lat' dir='ltr'>pro</span> <span class='ocrx_word' id='word_1_143' title='bbox 1642 2162 1813 2214; x_wconf 81' lang='lat' dir='ltr'>fabrica</span> <span class='ocrx_word' id='word_1_144' title='bbox 1837 2163 2016 2213; x_wconf 71' lang='lat' dir='ltr'>Domt&#39;is</span> <span class='ocrx_word' id='word_1_145' title='bbox 2045 2162 2201 2216; x_wconf 80' lang='lat' dir='ltr'>nostra:</span> <span class='ocrx_word' id='word_1_146' title='bbox 2230 2168 2416 2218; x_wconf 82' lang='lat' dir='ltr'>Civitas</span> 
     </span>
     <span class='ocr_line' id='line_1_19' title="bbox 375 2233 2410 2307; baseline -0.002 -16"><span class='ocrx_word' id='word_1_147' title='bbox 375 2236 769 2300; x_wconf 87' lang='lat' dir='ltr'>Hennebontenfis</span> <span class='ocrx_word' id='word_1_148' title='bbox 789 2237 936 2297; x_wconf 81' lang='lat' dir='ltr'>vidit,</span> <span class='ocrx_word' id='word_1_149' title='bbox 966 2255 1103 2288; x_wconf 88' lang='lat' dir='ltr'>unam</span> <span class='ocrx_word' id='word_1_150' title='bbox 1128 2233 1298 2285; x_wconf 89' lang='lat' dir='ltr'>scilicet</span> <span class='ocrx_word' id='word_1_151' title='bbox 1317 2270 1332 2293; x_wconf 96' lang='lat'>,</span> <span class='ocrx_word' id='word_1_152' title='bbox 1351 2252 1434 2301; x_wconf 89' lang='lat' dir='ltr'>pro</span> <span class='ocrx_word' id='word_1_153' title='bbox 1463 2235 1629 2289; x_wconf 84' lang='lat' dir='ltr'>Crucis</span> <span class='ocrx_word' id='word_1_154' title='bbox 1647 2233 1870 2285; x_wconf 63' lang='lat' dir='ltr'>ered&#39;tione</span> <span class='ocrx_word' id='word_1_155' title='bbox 1886 2269 1903 2292; x_wconf 80' lang='lat'>‚</span> <span class='ocrx_word' id='word_1_156' title='bbox 1919 2233 1969 2285; x_wconf 73' lang='grc' dir='ltr'><strong>ἃ</strong></span> <span class='ocrx_word' id='word_1_157' title='bbox 1993 2235 2184 2284; x_wconf 87' lang='lat' dir='ltr'>alteram</span> <span class='ocrx_word' id='word_1_158' title='bbox 2216 2246 2301 2304; x_wconf 86' lang='lat' dir='ltr'>pro</span> <span class='ocrx_word' id='word_1_159' title='bbox 2317 2239 2410 2307; x_wconf 47' lang='lat' dir='ltr'>pri*</span> 
     </span>
     <span class='ocr_line' id='line_1_20' title="bbox 375 2304 2414 2379; baseline -0.003 -16"><span class='ocrx_word' id='word_1_160' title='bbox 375 2315 441 2363; x_wconf 87' lang='lat' dir='ltr'>mi</span> <span class='ocrx_word' id='word_1_161' title='bbox 469 2310 630 2379; x_wconf 87' lang='lat' dir='ltr'>lapidis</span> <span class='ocrx_word' id='word_1_162' title='bbox 651 2306 869 2376; x_wconf 88' lang='lat' dir='ltr'>pofitione</span> <span class='ocrx_word' id='word_1_163' title='bbox 886 2344 902 2366; x_wconf 94' lang='lat'>‚</span> <span class='ocrx_word' id='word_1_164' title='bbox 932 2307 986 2357; x_wconf 85' lang='lat' dir='ltr'>ab</span> <span class='ocrx_word' id='word_1_165' title='bbox 1006 2305 1229 2374; x_wconf 76' lang='lat' dir='ltr'>Episcopo</span> <span class='ocrx_word' id='word_1_166' title='bbox 1259 2304 1527 2355; x_wconf 86' lang='lat' dir='ltr'>Vennetenfi</span> <span class='ocrx_word' id='word_1_167' title='bbox 1553 2306 1929 2374; x_wconf 86' lang='lat' dir='ltr'>promulgatam,</span> <span class='ocrx_word' id='word_1_168' title='bbox 1953 2319 2192 2370; x_wconf 85' lang='lat' dir='ltr'>utramque</span> <span class='ocrx_word' id='word_1_169' title='bbox 2225 2306 2283 2356; x_wconf 73' lang='lat' dir='ltr'>eo</span> <span class='ocrx_word' id='word_1_170' title='bbox 2300 2316 2414 2372; x_wconf 12' lang='lat' dir='ltr'>&gt;maii</span> 
     </span>
     <span class='ocr_line' id='line_1_21' title="bbox 380 2373 2423 2451; baseline -0.002 -21"><span class='ocrx_word' id='word_1_171' title='bbox 380 2385 450 2451; x_wconf 88' lang='lat' dir='ltr'>gis</span> <span class='ocrx_word' id='word_1_172' title='bbox 482 2379 771 2447; x_wconf 86' lang='lat' dir='ltr'>conspicuam</span> <span class='ocrx_word' id='word_1_173' title='bbox 790 2413 806 2435; x_wconf 91' lang='lat'>‚</span> <span class='ocrx_word' id='word_1_174' title='bbox 844 2395 947 2427; x_wconf 90' lang='lat' dir='ltr'>cum</span> <span class='ocrx_word' id='word_1_175' title='bbox 973 2378 1119 2425; x_wconf 89' lang='lat' dir='ltr'>eidem</span> <span class='ocrx_word' id='word_1_176' title='bbox 1146 2373 1407 2425; x_wconf 87' lang='lat' dir='ltr'>Franciscus</span> <span class='ocrx_word' id='word_1_177' title='bbox 1438 2375 1495 2425; x_wconf 90' lang='lat' dir='ltr'>de</span> <span class='ocrx_word' id='word_1_178' title='bbox 1511 2374 1652 2427; x_wconf 65' lang='lat' dir='ltr'>Coss&amp;</span> <span class='ocrx_word' id='word_1_179' title='bbox 1668 2411 1686 2436; x_wconf 87' lang='lat'><em>,</em></span> <span class='ocrx_word' id='word_1_180' title='bbox 1721 2381 1828 2427; x_wconf 85' lang='lat' dir='ltr'>Dux</span> <span class='ocrx_word' id='word_1_181' title='bbox 1858 2374 1915 2424; x_wconf 84' lang='lat' dir='ltr'>de</span> <span class='ocrx_word' id='word_1_182' title='bbox 1947 2373 2112 2425; x_wconf 77' lang='lat' dir='ltr'>Brilsac</span> <span class='ocrx_word' id='word_1_183' title='bbox 2137 2411 2153 2434; x_wconf 89' lang='lat'>,</span> <span class='ocrx_word' id='word_1_184' title='bbox 2170 2380 2256 2430; x_wconf 78' lang='lat' dir='ltr'>Par</span> <span class='ocrx_word' id='word_1_185' title='bbox 2274 2381 2423 2428; x_wconf 66' lang='lat' dir='ltr'>,Fran-‘r</span> 
     </span>
     <span class='ocr_line' id='line_1_22' title="bbox 382 2443 2417 2516; baseline -0 -16"><span class='ocrx_word' id='word_1_186' title='bbox 382 2453 461 2500; x_wconf 86' lang='lat' dir='ltr'>ciae</span> <span class='ocrx_word' id='word_1_187' title='bbox 479 2487 494 2509; x_wconf 92' lang='lat'><strong>,</strong></span> <span class='ocrx_word' id='word_1_188' title='bbox 525 2449 573 2501; x_wconf 73' lang='grc' dir='ltr'>ὅ(</span> <span class='ocrx_word' id='word_1_189' title='bbox 590 2448 824 2516; x_wconf 88' lang='lat' dir='ltr'>supremus</span> <span class='ocrx_word' id='word_1_190' title='bbox 842 2449 906 2497; x_wconf 90' lang='lat' dir='ltr'>rei</span> <span class='ocrx_word' id='word_1_191' title='bbox 941 2443 1162 2515; x_wconf 83' lang='lat' dir='ltr'>pannariae</span> <span class='ocrx_word' id='word_1_192' title='bbox 1183 2443 1424 2495; x_wconf 57' lang='lat' dir='ltr'>Praefectus</span> <span class='ocrx_word' id='word_1_193' title='bbox 1443 2448 1460 2504; x_wconf 67' lang='lat'>,⁴</span> <span class='ocrx_word' id='word_1_194' title='bbox 1485 2466 1536 2497; x_wconf 88' lang='lat' dir='ltr'>ac</span> <span class='ocrx_word' id='word_1_195' title='bbox 1554 2451 1890 2497; x_wconf 88' lang='lat' dir='ltr'>Locumtenens</span> <span class='ocrx_word' id='word_1_196' title='bbox 1911 2444 2152 2496; x_wconf 82' lang='lat' dir='ltr'>Generalis</span> <span class='ocrx_word' id='word_1_197' title='bbox 2183 2445 2417 2499; x_wconf 70' lang='lat' dir='ltr'>Gubernii</span> 
     </span>
     <span class='ocr_line' id='line_1_23' title="bbox 381 2514 2381 2586; baseline -0.003 -14"><span class='ocrx_word' id='word_1_198' title='bbox 381 2521 584 2573; x_wconf 85' lang='lat' dir='ltr'>Britanni</span> <span class='ocrx_word' id='word_1_199' title='bbox 604 2535 709 2567; x_wconf 90' lang='lat' dir='ltr'>cum</span> <span class='ocrx_word' id='word_1_200' title='bbox 734 2518 967 2586; x_wconf 86' lang='lat' dir='ltr'>praecipuae</span> <span class='ocrx_word' id='word_1_201' title='bbox 994 2517 1262 2569; x_wconf 82' lang='lat' dir='ltr'>Nobilitatis</span> <span class='ocrx_word' id='word_1_202' title='bbox 1282 2514 1487 2583; x_wconf 75' lang='lat' dir='ltr'>syrmate</span> <span class='ocrx_word' id='word_1_203' title='bbox 1513 2516 1800 2569; x_wconf 84' lang='lat' dir='ltr'>interfuerit.</span> <span class='ocrx_word' id='word_1_204' title='bbox 2096 2515 2100 2518; x_wconf 71' lang='grc'><strong>’</strong></span> <span class='ocrx_word' id='word_1_205' title='bbox 2376 2552 2381 2557; x_wconf 65' lang='grc'><strong>«</strong></span> 
     </span>
    </p>

    <p class='ocr_par' dir='ltr' id='par_1_9' title="bbox 379 2586 2422 3623">
     <span class='ocr_line' id='line_1_24' title="bbox 517 2586 2418 2660; baseline -0.001 -21"><span class='ocrx_word' id='word_1_206' title='bbox 517 2589 765 2639; x_wconf 86' lang='lat' dir='ltr'>Devotioni</span> <span class='ocrx_word' id='word_1_207' title='bbox 797 2605 877 2656; x_wconf 89' lang='lat' dir='ltr'>par</span> <span class='ocrx_word' id='word_1_208' title='bbox 906 2586 991 2637; x_wconf 87' lang='lat' dir='ltr'>fuit</span> <span class='ocrx_word' id='word_1_209' title='bbox 1016 2589 1180 2637; x_wconf 65' lang='lat' dir='ltr'>aemula</span> <span class='ocrx_word' id='word_1_210' title='bbox 1196 2587 1387 2637; x_wconf 86' lang='lat' dir='ltr'>charitas</span> <span class='ocrx_word' id='word_1_211' title='bbox 1408 2625 1423 2647; x_wconf 94' lang='lat'><strong>,</strong></span> <span class='ocrx_word' id='word_1_212' title='bbox 1438 2589 1526 2658; x_wconf 57' lang='lat' dir='ltr'>quai</span> <span class='ocrx_word' id='word_1_213' title='bbox 1542 2588 1741 2644; x_wconf 86' lang='lat' dir='ltr'>Personae</span> <span class='ocrx_word' id='word_1_214' title='bbox 1761 2588 2054 2660; x_wconf 85' lang='lat' dir='ltr'>particulares</span> <span class='ocrx_word' id='word_1_215' title='bbox 2076 2590 2418 2643; x_wconf 79' lang='lat' dir='ltr'>conventuum</span> 
     </span>
     <span class='ocr_line' id='line_1_25' title="bbox 379 2654 2419 2730; baseline -0.001 -20"><span class='ocrx_word' id='word_1_216' title='bbox 379 2659 589 2728; x_wconf 86' lang='lat' dir='ltr'>expensas</span> <span class='ocrx_word' id='word_1_217' title='bbox 618 2677 702 2708; x_wconf 86' lang='lat' dir='ltr'>aere</span> <span class='ocrx_word' id='word_1_218' title='bbox 733 2656 814 2707; x_wconf 88' lang='lat' dir='ltr'>suo</span> <span class='ocrx_word' id='word_1_219' title='bbox 841 2657 1075 2709; x_wconf 90' lang='lat' dir='ltr'>solverunt</span> <span class='ocrx_word' id='word_1_220' title='bbox 1107 2693 1119 2707; x_wconf 84' lang='lat'><strong>.</strong></span> <span class='ocrx_word' id='word_1_221' title='bbox 1153 2657 1382 2707; x_wconf 88' lang='lat' dir='ltr'>Fundavit</span> <span class='ocrx_word' id='word_1_222' title='bbox 1416 2654 1646 2730; x_wconf 86' lang='lat' dir='ltr'>Philippus</span> <span class='ocrx_word' id='word_1_223' title='bbox 1677 2696 1695 2719; x_wconf 91' lang='lat'><strong>,</strong></span> <span class='ocrx_word' id='word_1_224' title='bbox 1733 2664 1839 2710; x_wconf 82' lang='lat' dir='ltr'>Dux</span> <span class='ocrx_word' id='word_1_225' title='bbox 1866 2658 2091 2709; x_wconf 87' lang='lat' dir='ltr'>Mercurii</span> <span class='ocrx_word' id='word_1_226' title='bbox 2117 2693 2134 2715; x_wconf 92' lang='lat'><strong>,</strong></span> <span class='ocrx_word' id='word_1_227' title='bbox 2169 2662 2419 2709; x_wconf 57' lang='lat' dir='ltr'>Domum-³</span> 
     </span>
     <span class='ocr_line' id='line_1_26' title="bbox 382 2727 2418 2798; baseline -0.001 -18"><span class='ocrx_word' id='word_1_228' title='bbox 382 2727 716 2780; x_wconf 85' lang='lat' dir='ltr'>Nannetensem</span> <span class='ocrx_word' id='word_1_229' title='bbox 747 2733 995 2792; x_wconf 84' lang='lat' dir='ltr'>majorem,</span> <span class='ocrx_word' id='word_1_230' title='bbox 1030 2727 1078 2780; x_wconf 76' lang='grc' dir='ltr'>ὅ(</span> <span class='ocrx_word' id='word_1_231' title='bbox 1111 2730 1307 2797; x_wconf 85' lang='lat' dir='ltr'>primam</span> <span class='ocrx_word' id='word_1_232' title='bbox 1345 2732 1598 2782; x_wconf 85' lang='lat' dir='ltr'>Provinciae</span> <span class='ocrx_word' id='word_1_233' title='bbox 1628 2768 1644 2790; x_wconf 92' lang='lat'>,</span> <span class='ocrx_word' id='word_1_234' title='bbox 1670 2745 1908 2798; x_wconf 87' lang='lat' dir='ltr'>tempore,</span> <span class='ocrx_word' id='word_1_235' title='bbox 1937 2744 2029 2795; x_wconf 90' lang='lat' dir='ltr'>quo</span> <span class='ocrx_word' id='word_1_236' title='bbox 2059 2728 2179 2778; x_wconf 89' lang='lat' dir='ltr'>circa</span> <span class='ocrx_word' id='word_1_237' title='bbox 2214 2730 2418 2778; x_wconf 81' lang='lat' dir='ltr'>Ditionis</span> 
     </span>
     <span class='ocr_line' id='line_1_27' title="bbox 384 2795 2419 2869; baseline -0.001 -18"><span class='ocrx_word' id='word_1_238' title='bbox 384 2802 627 2851; x_wconf 83' lang='lat' dir='ltr'>Britanniae</span> <span class='ocrx_word' id='word_1_239' title='bbox 659 2798 915 2849; x_wconf 87' lang='lat' dir='ltr'>dominium</span> <span class='ocrx_word' id='word_1_240' title='bbox 947 2818 1050 2849; x_wconf 90' lang='lat' dir='ltr'>cum</span> <span class='ocrx_word' id='word_1_241' title='bbox 1087 2798 1292 2869; x_wconf 86' lang='lat' dir='ltr'>Regibus</span> <span class='ocrx_word' id='word_1_242' title='bbox 1313 2801 1478 2850; x_wconf 84' lang='lat' dir='ltr'>Galliae</span> <span class='ocrx_word' id='word_1_243' title='bbox 1500 2803 1641 2851; x_wconf 87' lang='lat' dir='ltr'>armis</span> <span class='ocrx_word' id='word_1_244' title='bbox 1654 2799 1980 2850; x_wconf 85' lang='lat' dir='ltr'>contendebat.</span> <span class='ocrx_word' id='word_1_245' title='bbox 2008 2800 2100 2847; x_wconf 89' lang='lat' dir='ltr'>Sua</span> <span class='ocrx_word' id='word_1_246' title='bbox 2123 2795 2419 2848; x_wconf 86' lang='lat' dir='ltr'>fundamenta</span> 
     </span>
     <span class='ocr_line' id='line_1_28' title="bbox 384 2864 2420 2939; baseline -0.001 -19"><span class='ocrx_word' id='word_1_247' title='bbox 384 2869 743 2920; x_wconf 78' lang='lat' dir='ltr'>Monrelaxenfis</span> <span class='ocrx_word' id='word_1_248' title='bbox 766 2872 943 2919; x_wconf 87' lang='lat' dir='ltr'>Renato</span> <span class='ocrx_word' id='word_1_249' title='bbox 961 2869 1163 2929; x_wconf 83' lang='lat' dir='ltr'>Barbier,</span> <span class='ocrx_word' id='word_1_250' title='bbox 1176 2870 1330 2937; x_wconf 85' lang='lat' dir='ltr'>Equiti</span> <span class='ocrx_word' id='word_1_251' title='bbox 1343 2868 1723 2928; x_wconf 83' lang='lat' dir='ltr'>&amp;c.,Marchioni</span> <span class='ocrx_word' id='word_1_252' title='bbox 1740 2869 1796 2919; x_wconf 91' lang='lat' dir='ltr'>de</span> <span class='ocrx_word' id='word_1_253' title='bbox 1820 2870 1986 2939; x_wconf 86' lang='lat' dir='ltr'>Sigran</span> <span class='ocrx_word' id='word_1_254' title='bbox 2002 2864 2420 2920; x_wconf 84' lang='lat' dir='ltr'>adscribit.Matani</span> 
     </span>
     <span class='ocr_line' id='line_1_29' title="bbox 385 2937 2418 3008; baseline -0 -19"><span class='ocrx_word' id='word_1_255' title='bbox 385 2939 453 2990; x_wconf 88' lang='lat' dir='ltr'>sui</span> <span class='ocrx_word' id='word_1_256' title='bbox 479 2940 608 2991; x_wconf 87' lang='lat' dir='ltr'>castri</span> <span class='ocrx_word' id='word_1_257' title='bbox 641 2941 945 2992; x_wconf 90' lang='lat' dir='ltr'>Domicilium</span> <span class='ocrx_word' id='word_1_258' title='bbox 981 2943 1150 2990; x_wconf 89' lang='lat' dir='ltr'>Comes</span> <span class='ocrx_word' id='word_1_259' title='bbox 1173 2941 1230 2990; x_wconf 89' lang='lat' dir='ltr'>de</span> <span class='ocrx_word' id='word_1_260' title='bbox 1244 2938 1371 2989; x_wconf 82' lang='lat' dir='ltr'>Beiiil</span> <span class='ocrx_word' id='word_1_261' title='bbox 1389 2942 1532 2991; x_wconf 83' lang='lat' dir='ltr'>vertit</span> <span class='ocrx_word' id='word_1_262' title='bbox 1552 2945 1597 2992; x_wconf 89' lang='lat' dir='ltr'>in</span> <span class='ocrx_word' id='word_1_263' title='bbox 1618 2941 1934 2992; x_wconf 55' lang='lat' dir='ltr'>Sancituarium</span> <span class='ocrx_word' id='word_1_264' title='bbox 1964 2942 2178 2989; x_wconf 86' lang='lat' dir='ltr'>Fratrum</span> <span class='ocrx_word' id='word_1_265' title='bbox 2193 2960 2208 2999; x_wconf 82' lang='lat'><em>3</em></span> <span class='ocrx_word' id='word_1_266' title='bbox 2224 2937 2273 2992; x_wconf 70' lang='lat' dir='ltr'>&lt;Sc</span> <span class='ocrx_word' id='word_1_267' title='bbox 2289 2953 2418 3008; x_wconf 86' lang='lat' dir='ltr'>parte</span> 
     </span>
     <span class='ocr_line' id='line_1_30' title="bbox 387 3007 2420 3079; baseline 0 -21"><span class='ocrx_word' id='word_1_268' title='bbox 387 3009 475 3059; x_wconf 85' lang='lat' dir='ltr'>suae</span> <span class='ocrx_word' id='word_1_269' title='bbox 503 3010 774 3078; x_wconf 81' lang='lat' dir='ltr'>posseffionis</span> <span class='ocrx_word' id='word_1_270' title='bbox 802 3029 914 3079; x_wconf 92' lang='lat' dir='ltr'>opus</span> <span class='ocrx_word' id='word_1_271' title='bbox 932 3009 1109 3061; x_wconf 85' lang='lat' dir='ltr'>fabricae</span> <span class='ocrx_word' id='word_1_272' title='bbox 1144 3009 1440 3061; x_wconf 89' lang='lat' dir='ltr'>Vennetensis</span> <span class='ocrx_word' id='word_1_273' title='bbox 1460 3013 1734 3063; x_wconf 87' lang='lat' dir='ltr'>acceleravit</span> <span class='ocrx_word' id='word_1_274' title='bbox 1751 3015 1923 3063; x_wconf 86' lang='lat' dir='ltr'>Comes</span> <span class='ocrx_word' id='word_1_275' title='bbox 1950 3007 2007 3070; x_wconf 82' lang='lat' dir='ltr'>de</span> <span class='ocrx_word' id='word_1_276' title='bbox 2023 3009 2239 3079; x_wconf 85' lang='lat' dir='ltr'>Limoges</span> <span class='ocrx_word' id='word_1_277' title='bbox 2259 3046 2271 3059; x_wconf 90' lang='lat'>.</span> <span class='ocrx_word' id='word_1_278' title='bbox 2289 3011 2420 3060; x_wconf 82' lang='lat' dir='ltr'>Alte-</span> 
     </span>
     <span class='ocr_line' id='line_1_31' title="bbox 386 3077 2422 3137; baseline -0 -8"><span class='ocrx_word' id='word_1_279' title='bbox 386 3077 506 3129; x_wconf 89' lang='lat' dir='ltr'>fatus</span> <span class='ocrx_word' id='word_1_280' title='bbox 539 3085 651 3130; x_wconf 87' lang='lat' dir='ltr'>Dux</span> <span class='ocrx_word' id='word_1_281' title='bbox 672 3081 727 3130; x_wconf 90' lang='lat' dir='ltr'>de</span> <span class='ocrx_word' id='word_1_282' title='bbox 747 3080 915 3131; x_wconf 80' lang='lat' dir='ltr'>Briffae</span> <span class='ocrx_word' id='word_1_283' title='bbox 941 3086 1237 3133; x_wconf 87' lang='lat' dir='ltr'>Conventum</span> <span class='ocrx_word' id='word_1_284' title='bbox 1265 3081 1697 3134; x_wconf 87' lang='lat' dir='ltr'>Hennebontensem</span> <span class='ocrx_word' id='word_1_285' title='bbox 1724 3079 1939 3136; x_wconf 83' lang='lat' dir='ltr'>vendicat</span> <span class='ocrx_word' id='word_1_286' title='bbox 1958 3077 2120 3137; x_wconf 89' lang='lat' dir='ltr'>suum,</span> <span class='ocrx_word' id='word_1_287' title='bbox 2144 3080 2256 3129; x_wconf 91' lang='lat' dir='ltr'>dum</span> <span class='ocrx_word' id='word_1_288' title='bbox 2287 3079 2334 3128; x_wconf 88' lang='lat' dir='ltr'>in</span> <span class='ocrx_word' id='word_1_289' title='bbox 2365 3095 2422 3128; x_wconf 90' lang='lat' dir='ltr'>eo</span> 
     </span>
     <span class='ocr_line' id='line_1_32' title="bbox 388 3146 2421 3220; baseline -0.001 -21"><span class='ocrx_word' id='word_1_290' title='bbox 388 3167 472 3219; x_wconf 87' lang='lat' dir='ltr'>pro</span> <span class='ocrx_word' id='word_1_291' title='bbox 496 3151 591 3199; x_wconf 86' lang='lat' dir='ltr'>vita</span> <span class='ocrx_word' id='word_1_292' title='bbox 609 3152 771 3199; x_wconf 88' lang='lat' dir='ltr'>cellam</span> <span class='ocrx_word' id='word_1_293' title='bbox 791 3188 807 3208; x_wconf 92' lang='lat'><strong>,</strong></span> <span class='ocrx_word' id='word_1_294' title='bbox 842 3152 1070 3205; x_wconf 88' lang='lat' dir='ltr'>Habitum</span> <span class='ocrx_word' id='word_1_295' title='bbox 1092 3152 1382 3220; x_wconf 89' lang='lat' dir='ltr'>Capucinum</span> <span class='ocrx_word' id='word_1_296' title='bbox 1401 3169 1483 3220; x_wconf 89' lang='lat' dir='ltr'>pro</span> <span class='ocrx_word' id='word_1_297' title='bbox 1516 3167 1666 3203; x_wconf 88' lang='lat' dir='ltr'>morte</span> <span class='ocrx_word' id='word_1_298' title='bbox 1684 3189 1699 3211; x_wconf 88' lang='lat'>,</span> <span class='ocrx_word' id='word_1_299' title='bbox 1721 3151 1768 3204; x_wconf 77' lang='grc' dir='ltr'>δε</span> <span class='ocrx_word' id='word_1_300' title='bbox 1793 3149 2066 3218; x_wconf 86' lang='lat' dir='ltr'>sepulturam</span> <span class='ocrx_word' id='word_1_301' title='bbox 2084 3166 2166 3216; x_wconf 92' lang='lat' dir='ltr'>pro</span> <span class='ocrx_word' id='word_1_302' title='bbox 2190 3147 2233 3198; x_wconf 89' lang='lat' dir='ltr'>se</span> <span class='ocrx_word' id='word_1_303' title='bbox 2263 3146 2312 3199; x_wconf 71' lang='lat' dir='ltr'>&lt;St</span> <span class='ocrx_word' id='word_1_304' title='bbox 2342 3146 2421 3199; x_wconf 70' lang='lat' dir='ltr'>suz&#39;i</span> 
     </span>
     <span class='ocr_line' id='line_1_33' title="bbox 388 3218 2419 3273; baseline -0 -3"><span class='ocrx_word' id='word_1_305' title='bbox 388 3219 641 3270; x_wconf 87' lang='lat' dir='ltr'>reservavit</span> <span class='ocrx_word' id='word_1_306' title='bbox 660 3220 848 3270; x_wconf 67' lang='lat' dir='ltr'>Familia&#39;i</span> <span class='ocrx_word' id='word_1_307' title='bbox 864 3246 880 3270; x_wconf 89' lang='lat'>·.</span> <span class='ocrx_word' id='word_1_308' title='bbox 903 3225 1033 3273; x_wconf 89' lang='lat' dir='ltr'>Colit</span> <span class='ocrx_word' id='word_1_309' title='bbox 1061 3220 1348 3273; x_wconf 85' lang='lat' dir='ltr'>Lucovienfis</span> <span class='ocrx_word' id='word_1_310' title='bbox 1371 3223 1682 3273; x_wconf 87' lang='lat' dir='ltr'>Fundatorem</span> <span class='ocrx_word' id='word_1_311' title='bbox 1702 3220 1993 3273; x_wconf 86' lang='lat' dir='ltr'>Armandum</span> <span class='ocrx_word' id='word_1_312' title='bbox 2025 3218 2321 3268; x_wconf 88' lang='lat' dir='ltr'>Cardinalem</span> <span class='ocrx_word' id='word_1_313' title='bbox 2338 3220 2419 3269; x_wconf 82' lang='lat' dir='ltr'>Ri-</span> 
     </span>
     <span class='ocr_line' id='line_1_34' title="bbox 389 3288 2418 3361; baseline -0 -21"><span class='ocrx_word' id='word_1_314' title='bbox 389 3292 634 3347; x_wconf 86' lang='lat' dir='ltr'>chelaeum,</span> <span class='ocrx_word' id='word_1_315' title='bbox 658 3291 734 3356; x_wconf 87' lang='lat' dir='ltr'>qui</span> <span class='ocrx_word' id='word_1_316' title='bbox 759 3289 873 3340; x_wconf 90' lang='lat' dir='ltr'>dum</span> <span class='ocrx_word' id='word_1_317' title='bbox 893 3296 1093 3342; x_wconf 90' lang='lat' dir='ltr'>Crucem</span> <span class='ocrx_word' id='word_1_318' title='bbox 1125 3295 1170 3341; x_wconf 90' lang='lat' dir='ltr'>in</span> <span class='ocrx_word' id='word_1_319' title='bbox 1188 3291 1365 3361; x_wconf 80' lang='lat' dir='ltr'>signum</span> <span class='ocrx_word' id='word_1_320' title='bbox 1396 3310 1524 3344; x_wconf 83' lang='lat' dir='ltr'>novae</span> <span class='ocrx_word' id='word_1_321' title='bbox 1544 3291 1720 3343; x_wconf 69' lang='lat' dir='ltr'>Domus</span> <span class='ocrx_word' id='word_1_322' title='bbox 1740 3290 1830 3340; x_wconf 89' lang='lat' dir='ltr'>fine</span> <span class='ocrx_word' id='word_1_323' title='bbox 1861 3306 1991 3339; x_wconf 88' lang='lat' dir='ltr'>mora</span> <span class='ocrx_word' id='word_1_324' title='bbox 2024 3289 2168 3358; x_wconf 86' lang='lat' dir='ltr'>erigi,</span> <span class='ocrx_word' id='word_1_325' title='bbox 2205 3288 2418 3358; x_wconf 81' lang='lat' dir='ltr'>impensis</span> 
     </span>
     <span class='ocr_line' id='line_1_35' title="bbox 387 3357 2416 3432; baseline -0 -21"><span class='ocrx_word' id='word_1_326' title='bbox 387 3362 550 3412; x_wconf 87' lang='lat' dir='ltr'>litteris</span> <span class='ocrx_word' id='word_1_327' title='bbox 576 3358 835 3411; x_wconf 88' lang='lat' dir='ltr'>sollicitavit</span> <span class='ocrx_word' id='word_1_328' title='bbox 852 3398 867 3420; x_wconf 91' lang='lat'><strong>,</strong></span> <span class='ocrx_word' id='word_1_329' title='bbox 903 3377 1047 3412; x_wconf 86' lang='lat' dir='ltr'>certas</span> <span class='ocrx_word' id='word_1_330' title='bbox 1079 3362 1166 3413; x_wconf 88' lang='lat' dir='ltr'>suae</span> <span class='ocrx_word' id='word_1_331' title='bbox 1197 3363 1317 3432; x_wconf 87' lang='lat' dir='ltr'>stipis</span> <span class='ocrx_word' id='word_1_332' title='bbox 1345 3362 1597 3431; x_wconf 88' lang='lat' dir='ltr'>suppetias,</span> <span class='ocrx_word' id='word_1_333' title='bbox 1631 3359 1908 3428; x_wconf 60' lang='lat' dir='ltr'>conjunctim</span> <span class='ocrx_word' id='word_1_334' title='bbox 1934 3357 2142 3427; x_wconf 86' lang='lat' dir='ltr'>praedixit</span> <span class='ocrx_word' id='word_1_335' title='bbox 2160 3395 2172 3408; x_wconf 87' lang='lat'><strong><em>.</em></strong></span> <span class='ocrx_word' id='word_1_336' title='bbox 2208 3362 2283 3408; x_wconf 90' lang='lat' dir='ltr'>Fr.</span> <span class='ocrx_word' id='word_1_337' title='bbox 2302 3362 2416 3410; x_wconf 88' lang='lat' dir='ltr'>Vin-</span> 
     </span>
     <span class='ocr_line' id='line_1_36' title="bbox 389 3429 2415 3502; baseline 0 -21"><span class='ocrx_word' id='word_1_338' title='bbox 389 3433 561 3481; x_wconf 90' lang='lat' dir='ltr'>centius</span> <span class='ocrx_word' id='word_1_339' title='bbox 591 3449 643 3479; x_wconf 86' lang='lat' dir='ltr'>ex</span> <span class='ocrx_word' id='word_1_340' title='bbox 660 3431 929 3482; x_wconf 65' lang='lat' dir='ltr'>nobiliffimzi</span> <span class='ocrx_word' id='word_1_341' title='bbox 960 3437 1159 3484; x_wconf 87' lang='lat' dir='ltr'>Lezuree</span> <span class='ocrx_word' id='word_1_342' title='bbox 1188 3433 1391 3502; x_wconf 74' lang='lat' dir='ltr'>prosapiz‘i</span> <span class='ocrx_word' id='word_1_343' title='bbox 1412 3469 1426 3491; x_wconf 93' lang='lat'><strong>,</strong></span> <span class='ocrx_word' id='word_1_344' title='bbox 1457 3452 1544 3483; x_wconf 93' lang='lat' dir='ltr'>non</span> <span class='ocrx_word' id='word_1_345' title='bbox 1563 3432 1711 3482; x_wconf 70' lang='lat' dir='ltr'>solum</span> <span class='ocrx_word' id='word_1_346' title='bbox 1736 3436 2034 3481; x_wconf 87' lang='lat' dir='ltr'>Conventum</span> <span class='ocrx_word' id='word_1_347' title='bbox 2053 3429 2415 3482; x_wconf 87' lang='lat' dir='ltr'>Audiernensern</span> 
     </span>
     <span class='ocr_line' id='line_1_37' title="bbox 388 3499 2412 3573; baseline 0 -21"><span class='ocrx_word' id='word_1_348' title='bbox 388 3500 466 3553; x_wconf 68' lang='lat' dir='ltr'>sua&#39;i</span> <span class='ocrx_word' id='word_1_349' title='bbox 494 3500 734 3551; x_wconf 70' lang='lat' dir='ltr'>substantizi</span> <span class='ocrx_word' id='word_1_350' title='bbox 770 3501 978 3554; x_wconf 88' lang='lat' dir='ltr'>fundavit</span> <span class='ocrx_word' id='word_1_351' title='bbox 993 3540 1009 3564; x_wconf 88' lang='lat'><em>,</em></span> <span class='ocrx_word' id='word_1_352' title='bbox 1036 3504 1112 3556; x_wconf 90' lang='lat' dir='ltr'>sed</span> <span class='ocrx_word' id='word_1_353' title='bbox 1133 3503 1181 3556; x_wconf 84' lang='lat'>&amp;</span> <span class='ocrx_word' id='word_1_354' title='bbox 1199 3506 1565 3573; x_wconf 86' lang='lat' dir='ltr'>primogeniturae</span> <span class='ocrx_word' id='word_1_355' title='bbox 1575 3509 1678 3568; x_wconf 78' lang='lat' dir='ltr'>Jura</span> <span class='ocrx_word' id='word_1_356' title='bbox 1697 3520 1804 3552; x_wconf 87' lang='lat' dir='ltr'>cum</span> <span class='ocrx_word' id='word_1_357' title='bbox 1822 3499 2001 3555; x_wconf 88' lang='lat' dir='ltr'>Habitu</span> <span class='ocrx_word' id='word_1_358' title='bbox 2030 3503 2271 3568; x_wconf 86' lang='lat' dir='ltr'>Capucino</span> <span class='ocrx_word' id='word_1_359' title='bbox 2291 3519 2412 3552; x_wconf 86' lang='lat' dir='ltr'>com·</span> 
     </span>
     <span class='ocr_line' id='line_1_38' title="bbox 390 3586 2167 3623; baseline -0.001 -1"><span class='ocrx_word' id='word_1_360' title='bbox 390 3586 588 3623; x_wconf 78' lang='lat' dir='ltr'>mutavit</span> <span class='ocrx_word' id='word_1_361' title='bbox 606 3609 618 3622; x_wconf 90' lang='lat'><strong>.</strong></span> <span class='ocrx_word' id='word_1_362' title='bbox 2165 3600 2167 3604; x_wconf 28' lang='grc' dir='ltr'><strong><em>ι</em></strong></span> 
     </span>
    </p>

    <p class='ocr_par' dir='ltr' id='par_1_10' title="bbox 390 3641 2414 3901">
     <span class='ocr_line' id='line_1_39' title="bbox 526 3641 2414 3715; baseline -0.003 -21"><span class='ocrx_word' id='word_1_363' title='bbox 526 3643 736 3694; x_wconf 87' lang='lat' dir='ltr'>Charitas</span> <span class='ocrx_word' id='word_1_364' title='bbox 755 3647 1038 3713; x_wconf 84' lang='lat' dir='ltr'>particularis</span> <span class='ocrx_word' id='word_1_365' title='bbox 1072 3645 1147 3697; x_wconf 89' lang='lat' dir='ltr'>ubi</span> <span class='ocrx_word' id='word_1_366' title='bbox 1177 3665 1289 3697; x_wconf 89' lang='lat' dir='ltr'>onus</span> <span class='ocrx_word' id='word_1_367' title='bbox 1310 3665 1400 3698; x_wconf 91' lang='lat' dir='ltr'>non</span> <span class='ocrx_word' id='word_1_368' title='bbox 1427 3644 1647 3715; x_wconf 80' lang='lat' dir='ltr'>suscepit,</span> <span class='ocrx_word' id='word_1_369' title='bbox 1679 3646 1901 3696; x_wconf 83' lang='lat' dir='ltr'>Civitates</span> <span class='ocrx_word' id='word_1_370' title='bbox 1928 3641 1977 3694; x_wconf 71' lang='grc' dir='ltr'>ἃ</span> <span class='ocrx_word' id='word_1_371' title='bbox 2006 3644 2223 3711; x_wconf 85' lang='lat' dir='ltr'>Capitula</span> <span class='ocrx_word' id='word_1_372' title='bbox 2245 3641 2414 3694; x_wconf 82' lang='lat' dir='ltr'>Cathe-</span> 
     </span>
     <span class='ocr_line' id='line_1_40' title="bbox 391 3711 2413 3787; baseline -0.004 -18"><span class='ocrx_word' id='word_1_373' title='bbox 391 3711 529 3760; x_wconf 63' lang='lat' dir='ltr'>dralla</span> <span class='ocrx_word' id='word_1_374' title='bbox 546 3748 561 3769; x_wconf 73' lang='lat'><em>2</em></span> <span class='ocrx_word' id='word_1_375' title='bbox 594 3719 960 3766; x_wconf 87' lang='lat' dir='ltr'>Communitates</span> <span class='ocrx_word' id='word_1_376' title='bbox 976 3715 1067 3767; x_wconf 74' lang='grc' dir='ltr'>ἃς.</span> <span class='ocrx_word' id='word_1_377' title='bbox 1105 3722 1338 3770; x_wconf 84' lang='lat' dir='ltr'>communi</span> <span class='ocrx_word' id='word_1_378' title='bbox 1358 3717 1573 3787; x_wconf 86' lang='lat' dir='ltr'>stipendio</span> <span class='ocrx_word' id='word_1_379' title='bbox 1588 3754 1604 3775; x_wconf 96' lang='lat'>,</span> <span class='ocrx_word' id='word_1_380' title='bbox 1623 3731 1701 3766; x_wconf 88' lang='lat' dir='ltr'>aut</span> <span class='ocrx_word' id='word_1_381' title='bbox 1717 3715 1838 3766; x_wconf 89' lang='lat' dir='ltr'>dono</span> <span class='ocrx_word' id='word_1_382' title='bbox 1861 3750 1876 3772; x_wconf 93' lang='lat'><strong>,</strong></span> <span class='ocrx_word' id='word_1_383' title='bbox 1892 3713 2007 3763; x_wconf 88' lang='lat' dir='ltr'>aedes</span> <span class='ocrx_word' id='word_1_384' title='bbox 2020 3712 2413 3781; x_wconf 65' lang='lat' dir='ltr'>multiplicarunt,</span> 
     </span>
     <span class='ocr_line' id='line_1_41' title="bbox 390 3781 2414 3900; baseline -0 -67"><span class='ocrx_word' id='word_1_385' title='bbox 390 3781 593 3859; x_wconf 70' lang='lat' dir='ltr'>Regibus</span> <span class='ocrx_word' id='word_1_386' title='bbox 612 3786 996 3842; x_wconf 86' lang='lat' dir='ltr'>Christianiffimis</span> <span class='ocrx_word' id='word_1_387' title='bbox 1020 3806 1098 3859; x_wconf 87' lang='lat' dir='ltr'>per</span> <span class='ocrx_word' id='word_1_388' title='bbox 1124 3790 1296 3841; x_wconf 85' lang='lat' dir='ltr'>litteras</span> <span class='ocrx_word' id='word_1_389' title='bbox 1328 3788 1424 3841; x_wconf 85' lang='lat' dir='ltr'>suas</span> <span class='ocrx_word' id='word_1_390' title='bbox 1451 3803 1652 3861; x_wconf 86' lang='lat' dir='ltr'>patentes</span> <span class='ocrx_word' id='word_1_391' title='bbox 1678 3789 1731 3838; x_wconf 77' lang='lat' dir='ltr'>eo</span> <span class='ocrx_word' id='word_1_392' title='bbox 1764 3784 1974 3836; x_wconf 71' lang='lat' dir='ltr'>libentius</span> <span class='ocrx_word' id='word_1_393' title='bbox 2010 3781 2277 3900; x_wconf 50' lang='lat' dir='ltr'>consensurrbi</span> <span class='ocrx_word' id='word_1_394' title='bbox 2306 3799 2414 3849; x_wconf 57' lang='lat' dir='ltr'>praee</span> 
     </span>
     <span class='ocr_line' id='line_1_42' title="bbox 2281 3869 2354 3901; baseline 0 0"><span class='ocrx_word' id='word_1_395' title='bbox 2281 3869 2354 3901; x_wconf 88' lang='lat' dir='ltr'>en-</span> 
     </span>
    </p>
   </div>
  </div>
 </body>
</html>
