2592 4094
325 404 452 440 trum
484 383 724 437 commisso
754 375 958 433 humari,
990 384 1036 423 et
1065 378 1192 438 cujus
1224 376 1479 427 humilitate
1497 380 1751 428 vanitatem
1783 376 2019 429 Mausolaei
2038 381 2243 452 vl'i'ippieri
2269 381 2366 438 5νό-

326 462 416 511 luit
444 496 457 511 .
2267 479 2282 501 ·.
2349 497 2354 507 ,

466 527 627 595 Magni
649 518 867 584 Principis
883 515 971 564 hoc
990 514 1052 564 est
1067 516 1270 579 fastum3
1298 524 1545 589 jungamus
1576 522 1616 569 ei
1645 534 1692 571 et
1722 519 1846 570 aliud
1871 520 2054 569 virtutis
2072 526 2362 590 exemplum,

326 601 452 671 quod
482 599 593 647 ficut
627 596 840 639 Fratrum
867 583 1121 637 nostrorum
1140 589 1278 656 opera
1291 589 1573 657 potiffimum
1599 589 1688 642 fuit
1703 589 1956 641 formatum
1980 624 1996 646 ,
2034 593 2095 640 ita
2120 607 2163 641 et
2177 595 2363 655 Provin÷⁴

326 676 406 722 ciae
432 667 590 719 merita
615 657 751 726 digne
769 657 1231 728 exaltat-Jungamus
1259 663 1633 712 Montmorancio
1654 662 1903 731 Jacobeam
1929 660 1985 709 de
1999 663 2247 713 Bachellier
2265 665 2361 723 Bit-j

326 737 542 793 terensem
575 766 591 789 ,
627 743 678 777 ut
705 762 721 786 ,
758 726 835 776 ubi
871 731 1095 795 peccantis
1121 729 1214 779 haec
1243 727 1392 781 secuta
1417 729 1478 780 est
1502 735 1762 800 exemplum
1789 766 1806 790 ,
1849 731 1875 780 a'i
1902 731 2075 781 virtute
2103 735 2365 800 poenitentis

326 829 415 861 non
446 805 668 871 separetur
699 833 712 847 .
759 795 918 864 Usque
949 797 1004 847 ad
1029 817 1198 850 annum
1239 819 1263 849 2
1274 819 1318 864 5.
1349 802 1587 852 mundanae
1621 804 1833 852 vanitatis
1862 803 2066 851 cucurrit
2088 803 2329 865 semitam-2
2347 837 2367 862 ,

326 896 370 928 et
410 874 522 924 ficut
551 871 722 938 puellas
749 868 857 917 alias
886 870 1139 919 ancillantis
1170 868 1364 921 fortunae
1390 870 1506 937 fastu
1528 908 1542 932 ,
1589 888 1634 923 et
1675 869 1830 924 vultus
1864 872 2024 922 decore
2043 868 2360 942 ,longe³;antei-

326 950 402 997 bat
421 981 435 1003 ,
466 948 528 992 ita
560 954 608 990 et
635 938 857 988 liberioris
887 940 989 990 vitae
1025 941 1199 992 ratione
1225 943 1339 992 nulli
1364 940 1453 992 fuit
1475 941 1665 994 secunda
1690 981 1703 995 .
1741 949 1929 994 Arcano
1959 942 2158 1011 impulsu
2185 944 2362 1012 perieu-

327 1021 452 1073 lum,
487 1015 531 1062 in
558 1027 647 1078 quo
678 1007 830 1068 haefit,
864 1008 1025 1059 edosia
1044 1046 1060 1069 ,
1093 1030 1191 1079 quae
1209 1014 1399 1062 Domini
1426 1011 1560 1073 sunt,
1594 1015 1846 1084 cogitavit,
1885 1031 2079 1080 eumque
2107 1016 2212 1066 vitae
2241 1014 2362 1064 ordia

326 1105 429 1136 nem
461 1083 539 1133 fibi
569 1080 666 1131 fixit
683 1116 699 1139 ,
730 1098 865 1147 quem
896 1082 1051 1130 mirari
1077 1079 1288 1142 facilius,
1320 1083 1455 1151 quam
1491 1085 1655 1134 imitari
1683 1083 1912 1154 possumus
1944 1121 1956 1133 .
1989 1085 2182 1134 Calcato
2212 1119 2230 1142 ,
2273 1101 2366 1152 quo

328 1152 674 1224 implicabatur,
712 1149 908 1200 vestium
940 1153 1082 1209 luxu,
1113 1154 1345 1204 Habitum
1376 1157 1668 1222 Capucinum
1702 1155 1852 1205 induit
1876 1190 1892 1212 ,
1937 1156 2170 1222 opiparam
2197 1157 2371 1205 Fratris

324 1229 370 1277 in
406 1226 550 1276 Curia
581 1218 1022 1287 Montis-pessulana
1051 1221 1254 1272 Praefidis
1285 1222 1487 1274 mensam
1520 1227 1720 1294 neglexit
1745 1261 1761 1284 ,
1814 1223 1906 1274 solii
1937 1222 2028 1274 offzi
2057 1226 2173 1273 inter
2204 1242 2372 1292 paupe-2

324 1315 427 1347 rum
463 1310 660 1345 turmam
694 1292 752 1341 ad
771 1289 1048 1342 -Conventfis
1076 1291 1211 1341 nostri
1241 1308 1418 1360 portam
1448 1294 1624 1363 sumpta
1650 1310 1860 1346 contenta
1886 1331 1902 1354 ,
1945 1309 1990 1344 et
2016 1293 2073 1343 ad
2096 1296 2363 1362 exemplum

325 1374 470 1418 Annae
499 1361 800 1431 Prophetiffae‚
813 1361 868 1410 de
896 1362 1050 1413 nostro
1081 1365 1283 1432 Templo
1313 1383 1391 1432 per
1417 1364 1537 1415 diem
1567 1367 1645 1417 vix
1674 1369 1804 1416 aliter
1829 1365 1968 1433 quam
1987 1365 2142 1415 coat‘ia
2169 1363 2371 1415 receffit.

325 1435 446 1487 Fessa
477 1436 532 1486 ab
562 1435 762 1483 oratione
788 1432 993 1481 membra
1021 1434 1065 1480 in
1098 1435 1202 1483 vilis
1233 1435 1393 1485 cubilis
1415 1438 1542 1504 palea
1559 1436 1803 1506 deposuit,
1820 1438 1972 1505 ignem
1991 1436 2372 1503 nunquam,bye·

331 1521 483 1559 mante
514 1504 622 1556 licet
649 1519 856 1571 tempore
886 1538 902 1561 ,
939 1502 1174 1563 adhibuit,
1206 1523 1286 1555 nec
1307 1508 1431 1556 aliud
1462 1510 1616 1557 lumen
1643 1544 1658 1566 ‚
1686 1508 1822 1575 quam
1850 1507 1976 1574 quod
1999 1509 2044 1556 in
2075 1503 2273 1557 Ecclesia
2304 1522 2372 1554 ar·

320 1577 377 1629 fit
395 1615 410 1637 ,
443 1580 559 1628 vidit
575 1596 589 1636 3
625 1573 821 1642 eousque
847 1573 968 1623 arsia
992 1590 1088 1625 erat
1115 1578 1234 1625 illius
1262 1592 1501 1647 paupertas
1519 1615 1535 1639 ,
1566 1593 1616 1629 ut
1642 1577 1881 1628 substantia
1907 1595 1985 1645 per
2005 1581 2253 1627 Curatores
2279 1593 2374 1625 ma·

321 1649 365 1699 Ιὲ
391 1647 591 1714 ἱωρεηεέι
609 1682 622 1704 ,
656 1648 744 1695 alia
770 1663 1044 1713 quaecunque
1072 1645 1300 1698 defuerint
1329 1684 1341 1698 .
1380 1652 1522 1699 Cives
1552 1649 1773 1699 duntaxat
1801 1647 1963 1698 mansu:
1996 1649 2039 1696 in
2069 1665 2221 1696 amore
2251 1647 2371 1703 Dei,

321 1735 413 1785 quo
447 1719 509 1766 ita
537 1730 660 1766 extra
685 1714 727 1765 se
747 1715 1001 1784 rapiebatur
1019 1753 1034 1775 ,
1065 1732 1116 1767 ut
1137 1716 1291 1785 saepius
1319 1737 1395 1786 per
1414 1717 1485 1768 sex
1517 1723 1719 1790 integras
1751 1720 2012 1776 horas,alia
2040 1717 2174 1767 verba
2207 1714 2374 1774 forma-⁴

321 1806 367 1839 re
395 1787 515 1837 haud
538 1788 756 1854 potuerit,
778 1785 914 1853 quam
938 1785 1236 1856 Mifiricordia
1259 1824 1275 1846 ,
1311 1789 1526 1854 Allelujct,
1550 1791 1700 1839 Gloria
1735 1789 1857 1838 Patri
1877 1795 1967 1837 &a
2006 1787 2296 1837 Redundavit
2327 1787 2374 1834 in

321 1875 486 1925 corpus
521 1859 690 1907 amoris
716 1855 844 1907 aestus
860 1892 876 1916 ,
903 1858 996 1917 ita,
1033 1873 1083 1909 ut
1110 1860 1197 1908 hoc
1221 1855 1409 1927 frigeret
1425 1877 1654 1926 nunquam
1673 1894 1689 1917 ,
1725 1858 1894 1907 caleret
1911 1855 2083 1923 semper
2107 1892 2120 1905 .
2158 1858 2229 1906 Os
2245 1854 2378 1904 suum

325 1930 525 1998 aperiens
559 1927 783 1996 sapientiae
799 1963 816 1987 ,
850 1927 981 1979 dedit
1009 1928 1193 1979 confilia
1222 1926 1406 1989 salutis,
1442 1929 1653 1998 praedixit
1683 1942 1909 1986 ventura,
1944 1925 2218 1977 &cordium
2243 1923 2380 1975 secre-

323 2015 368 2049 ta
397 1997 641 2067 patefecit:
680 2016 835 2048 amore
867 1999 980 2049 dum
1012 1999 1269 2051 introdusia
1298 2002 1344 2048 in
1364 2001 1544 2048 cellaria
1572 1997 1719 2066 sponfi
1735 1996 1892 2063 saepius
1911 1999 2120 2064 languit,
2148 1994 2269 2046 >visio
2288 2011 2382 2044 coe-

323 2069 441 2118 lestis
469 2087 568 2115 eam
600 2071 730 2115 malis
759 2069 1011 2116 dulcedinis
1037 2070 1222 2133 stipavit
1240 2101 1253 2113 .
1291 2070 1429 2112 Illam
1459 2068 1570 2113 dum
1599 2063 1782 2130 sponsus
1812 2064 2026 2128 probavit
2058 2069 2102 2112 in
2122 2065 2378 2113 tribulatio·

326 2137 458 2186 nibus
488 2170 506 2193 ,
555 2133 731 2182 invenit
791 2134 1018 2199 virginem
1059 2137 1104 2182 in
1133 2133 1348 2199 patientia
1380 2134 1525 2180 multa
1553 2133 1818 2201 vigilantem
1851 2149 1866 2189 ;
1913 2130 2023 2180 dum
2053 2131 2102 2182 ἃ
2132 2150 2238 2184 caro
2264 2168 2280 2190 ,
2306 2138 2378 2195 je-

316 2210 454 2271 Juniis
491 2204 539 2254 <St
569 2204 692 2252 annis
723 2200 830 2252 licet
871 2203 1067 2252 contrita
1105 2238 1120 2261 ,
1157 2203 1422 2267 concupivit
1451 2202 1664 2252 adversus
1694 2199 1903 2270 spiritum
1929 2235 1946 2259 ,
1989 2200 2038 2252 ὅ(
2078 2201 2169 2271 ipse
2196 2219 2379 2269 quoque

320 2294 513 2327 avernus
527 2274 779 2332 ,crebriore
808 2275 1059 2322 tentatione
1075 2308 1090 2330 ‚
1106 2272 1264 2322 solatia
1279 2274 1674 2339 contemplationis
1691 2271 1898 2321 turbavit
1915 2305 1931 2328 ,
1949 2272 2103 2321 innixa
2136 2270 2266 2339 super
2293 2273 2376 2324 Di-

321 2348 492 2397 leRum
526 2344 656 2394 suum
678 2379 693 2401 ,
731 2342 793 2393 ἃ·
810 2341 917 2392 fidei
949 2342 1077 2411 galeri
1111 2344 1287 2392 munita
1318 2378 1335 2400 ,
1370 2343 1495 2391 illam
1524 2340 1572 2392 ὃ(
1601 2343 1719 2391 hunc
1751 2339 1983 2409 superavit
2013 2377 2025 2390 .
2064 2344 2263 2392 Duravit
2290 2360 2375 2411 pu-

318 2434 408 2486 gna
438 2413 579 2479 vusque
619 2412 679 2461 ad
704 2429 871 2460 annum
911 2421 972 2460 16
978 2431 1000 2473 3
1013 2430 1057 2474 5.
1093 2447 1109 2470 ,
1164 2429 1254 2477 quo
1288 2413 1472 2462 exuvias
1505 2413 1794 2463 mortalitatis
1818 2409 2139 2479 deposuit,die
2171 2415 2379 2462 Conver-

318 2488 428 2536 fioni
469 2482 618 2534 Sansti
648 2483 775 2531 Pauli
809 2480 957 2531 dicata
985 2517 1001 2540 ,
1031 2495 1080 2531 ut
1117 2499 1171 2531 eo
1201 2479 1297 2548 ipso
1327 2482 1399 2531 die
1428 2517 1444 2540 ,
1481 2501 1572 2550 quo
1618 2483 1849 2535 Habitum
1889 2483 2168 2550 poenitentiae
2201 2479 2379 2541 induta,

319 2556 517 2607 stadium
547 2550 771 2601 conversae
805 2553 908 2601 vitae
935 2553 1101 2619 incepit
1134 2587 1149 2611 ,
1188 2550 1449 2602 constantiae
1475 2556 1713 2622 praemium
1746 2554 1966 2619 reciperet
1997 2588 2010 2602 .
2049 2556 2163 2603 Eam
2186 2566 2382 2602 autem..

318 2626 482 2697 populi
522 2622 870 2673 multitudinem
891 2657 907 2680 ,
938 2621 1087 2690 sparsa
1119 2623 1282 2672 mortis
1309 2621 1432 2672 sama
1469 2624 1526 2674 ad
1559 2623 1707 2674 cubile
1740 2625 1995 2690 compulit,
2043 2637 2093 2672 ut
2120 2627 2300 2673 Fratres
2319 2624 2383 2690 pii

318 2693 548 2749 tumultus
590 2695 668 2744 vix
704 2692 878 2762 poffent
927 2695 1102 2742 aretare
1130 2694 1265 2742 chaos
1301 2730 1314 2743 .
1371 2693 1541 2745 Adivit
1588 2694 1703 2744 illud
1747 2691 1917 2761 &ipse
1950 2692 2198 2762 Episcopus
2226 2728 2242 2750 ,
2292 2690 2380 2742 stu-

321 2770 429 2838 puit
461 2781 644 2815 carnem
680 2765 901 2824 mollem,
931 2763 980 2815 ὅ(
1014 2768 1097 2815 80.
1130 2782 1353 2815 annorum
1385 2763 1506 2816 senio
1535 2766 1791 2815 nullatenus
1836 2778 2086 2833 rugatam,
2119 2761 2383 2831 psalmoque

327 2837 669 2908 propitiationis
701 2834 826 2884 disto
852 2870 868 2894 ,
906 2837 1061 2886 velum
1103 2838 1260 2903 capitis
1293 2834 1374 2885 fibi
1407 2835 1506 2886 dari
1538 2838 1670 2905 petiit
1699 2873 1712 2886 .
1751 2834 1873 2886 Asta
1924 2832 2025 2885 sunt
2061 2832 2238 2902 postero
2279 2832 2385 2885 dies

324 2907 542 2977 praesente
574 2904 846 2975 Magistratu
875 2943 891 2965 ,
926 2906 1082 2956 nobili·
1110 2907 1323 2956 Civitatis
1354 2920 1482 2958 coetu
1512 2943 1528 2966 ,
1571 2926 1625 2958 ac
1661 2904 1840 2956 infinito
1873 2904 2208 2974 propemodum
2244 2921 2384 2973 popu-

325 2982 373 3027 lo
402 3015 416 3036 ,
453 2978 573 3028 sacra
601 2978 847 3046 piacularia
876 3013 892 3036 ,
942 2995 1039 3043 quae
1069 2978 1238 3026 Oratio
1269 2973 1468 3026 funebris
1498 2977 1524 3027 ὃ,
1554 2982 1630 3027 Fr.
1662 2980 1873 3028 Simeone
1908 2975 1934 3024 ἒ,
1966 2979 2130 3026 Monte
2150 2973 2384 3031 Marsano,

326 3065 387 3097 ex
422 3051 621 3097 themate
661 3047 710 3099 ὅ(
747 3048 978 3098 Davidico
1005 3045 1164 3097 versu:
1188 3046 1303 3113 ficut
1338 3048 1480 3096 umbra
1503 3067 1590 3098 cum
1615 3049 1827 3105 declinat,
1863 3046 2029 3095 ablatus
2046 3047 2141 3113 fiam
2161 3081 2176 3103 ,
2209 3063 2384 3112 gemm...

331 3136 422 3170 mea
454 3120 664 3182 infirmata
680 3119 782 3186 fiant
808 3116 835 3166 ἃ
853 3122 1024 3185 jejunio
1044 3153 1060 3176 ,
1096 3118 1151 3165 (Τ
1179 3135 1271 3164 caro
1304 3136 1392 3164 mea
1419 3123 1638 3168 immutata
1667 3120 1720 3184 est
1749 3133 1919 3185 propter
1944 3118 2075 3166 oleum
2098 3151 2114 3174 ,
2150 3114 2384 3168 dedufta..

335 3186 588 3238 conclufit.
622 3188 842 3238 Constans
872 3204 1024 3240 autem
1059 3202 1211 3237 manet
1238 3187 1498 3238 devot10nis
1525 3190 1747 3239 memoria
1777 3225 1791 3245 ,
1827 3187 1874 3237 ὅ(
1906 3187 2021 3237 dum
2049 3185 2348 3234 linteamina..
2369 3219 2385 3242 ,

335 3256 540 3311 Habiti'is
582 3259 700 3324 petia
731 3258 823 3308 ὅτε.
864 3260 1051 3310 morbos
1075 3261 1119 3308 in
1145 3260 1242 3308 aliis
1271 3256 1426 3308 sanant
1454 3293 1470 3317 ,
1502 3261 1579 3309 alii
1612 3295 1628 3318 ,
1655 3276 1735 3327 per
1765 3254 1920 3308 Missas
1953 3259 1997 3322 in
2027 3255 2219 3322 Capella
2247 3254 2383 3321 cada·

336 3330 459 3379 veris
491 3329 667 3385 distas,
693 3331 858 3396 gratias
895 3334 1173 3400 implorant.

481 3400 718 3454 Ulteriora
747 3400 912 3452 decora
949 3439 965 3461 ,
1010 3420 1107 3470 quae
1141 3401 1429 3451 Provinciam
1465 3400 1578 3449 hanc
1604 3396 1945 3454 commendant,
1961 3409 2089 3446 extra
2137 3401 2231 3458 ejus
2265 3397 2383 3446 clau·

330 3470 418 3521 stra
451 3487 542 3519 non
573 3483 738 3519 mutuo
759 3507 773 3529 ,
789 3472 880 3521 haec
895 3472 987 3541 ipsa
1004 3475 1247 3522 exinterno
1265 3473 1453 3520 virtutis
1481 3468 1561 3520 suae
1581 3467 1818 3517 seminario
1832 3466 2041 3525 desumo,
2060 3468 2199 3517 Viros
2219 3467 2384 3534 produ·

330 3561 433 3591 cens
452 3573 468 3598 ‚
502 3558 698 3608 quorum
730 3543 875 3592 virtus
904 3543 960 3593 ad
988 3544 1198 3613 generale
1215 3540 1407 3592 Ordinis
1433 3540 1759 3591 Definitorium
1789 3541 2044 3606 penetravit
2074 3557 2088 3596 ;
2130 3539 2383 3605 producens

331 3617 408 3661 Fr.
434 3617 804 3662 Bonaventuram
834 3614 1136 3672 Tolosanum,
1156 3615 1326 3664 Virum
1357 3614 1403 3661 in
1429 3629 1584 3661 omnes
1608 3613 1768 3660 mitem
1789 3644 1804 3666 ,
1836 3611 1881 3658 in
1913 3607 1954 3658 se
1984 3607 2194 3658 severum
2223 3643 2239 3665 ,
2265 3606 2385 3656 doti-

330 3682 412 3731 bus
451 3698 620 3733 naturae
651 3699 695 3734 et
723 3687 879 3753 gratiae
914 3685 1162 3756 infignem;
1193 3688 1268 3734 Fr.
1299 3685 1576 3754 Angelicum
1604 3678 1872 3731 Albiensem
1901 3715 1917 3738 ,
1945 3682 2021 3746 qui
2050 3678 2308 3729 doftrinam
2339 3691 2385 3741 et

327 3751 624 3819 prudentiam
648 3789 664 3812 ,
685 3757 849 3823 pietate
878 3757 996 3805 mire
1025 3753 1347 3812 commiscuit,
1377 3770 1421 3804 et
1451 3752 1748 3819 conspicuum
1778 3754 1884 3801 vitae
1915 3748 2171 3819 fulgorem,
2190 3762 2286 3798 arte
2305 3748 2384 3798 hu·

323 3823 542 3871 militatis
563 3823 745 3896 semper
764 3828 911 3878 celare
930 3826 1101 3882 studuit
1118 3839 1188 3878 :et
1212 3824 1534 3897 Fr.Justinum
1553 3820 1852 3877 Biterrensem
1865 3857 1883 3882 ‚
1905 3826 1991 3874 aevi
2020 3822 2158 3874 nostri
2179 3820 2350 3873 Virum
2369 3853 2384 3875 ,

2275 3902 2321 3937 et
