2638 4088
375 191 554 300 384

305 329 416 373 mum
439 327 703 387 defiderent3
739 337 826 380 Nos
845 332 1058 391 specialem
1075 332 1304 391 ipfisExpo-

310 387 503 432 uentibus
520 393 693 447 gratiam
708 391 842 439 facere
857 394 1046 436 volentes
1061 421 1077 446 ,
1097 407 1144 436 ac
1160 407 1302 438 eorum

307 448 530 502 ungulares
546 453 731 508 personas
754 451 996 507 aquibusvis
1018 454 1301 497 excommuni-

309 509 482 556 cationis
496 513 573 555 &c.
595 515 737 554 harum
753 511 853 553 serie
868 511 1145 563 absolventes,
1177 513 1301 556 &ab-

307 572 461 616 solutas
487 574 577 616 fore
589 572 797 616 censentes
812 597 825 621 ‚
849 568 1208 627 supplicationibus
1232 586 1299 615 eo.

309 644 401 676 rum
417 633 578 675 nomine
591 629 718 675 Nobis
734 628 851 685 super
878 631 954 673 hoc
971 630 1180 674 humiliter
1200 645 1299 689 por-

305 691 430 735 rectis
445 690 658 741 inclinati,
691 691 913 732 Decretum
934 689 1206 746 praeinsertum
1231 705 1303 733 au·

307 749 496 792 ctoritate
515 746 751 805 Apostolica
777 757 924 792 tenore
946 747 1201 806 praesentium
1228 762 1302 807 ap·

306 812 549 865 probamus,
579 805 942 861 &confirmamus‚
964 808 1109 866 illique
1122 808 1297 853 inviola-

307 868 400 912 bilis
414 866 656 923 Apostolicae
679 864 880 911 firmitatis
908 869 1030 911 robur
1055 870 1295 922 adiidmus,

307 925 415 971 salva
434 938 566 970 tamen
594 925 749 982 semper
775 927 814 969 in
830 928 1030 982 praemiffis
1056 929 1300 973 auctoritate

306 987 501 1048 praedictae
516 985 865 1041 congregationis
879 988 1164 1031 Cardinalium
1181 1017 1192 1030 .
1213 988 1299 1030 De·

305 1055 537 1092 cernentes·
553 1043 709 1087 easdem
724 1046 936 1100 praesentes
951 1046 1113 1092 litteras
1135 1044 1271 1091 firmas
1286 1073 1302 1097 2

304 1107 481 1157 validas,
496 1106 535 1146 &
548 1102 730 1147 efficaces
746 1103 939 1154 existere,
959 1106 998 1147 &
1017 1106 1123 1158 fore,
1138 1105 1303 1164 suosque

304 1164 507 1224 plenarios
521 1193 535 1214 ‚
547 1166 586 1206 ὅ(
601 1165 785 1219 integros
802 1162 963 1205 effeetus
978 1162 1134 1216 sortiri,
1147 1166 1183 1206 &
1196 1166 1306 1210 obti-

303 1240 419 1277 nere,
433 1223 574 1266 acinis
589 1252 604 1275 ,
617 1223 666 1266 ad
683 1236 781 1279 quos
793 1223 940 1277 spectat
954 1252 968 1276 ,
980 1225 1019 1266 δι
1033 1239 1108 1280 pro
1123 1236 1308 1280 tempore

305 1282 502 1340 spetlabit
514 1309 528 1332 ,
543 1283 582 1325 in
598 1283 784 1325 omnibus
798 1283 838 1324 &
853 1295 925 1338 per
937 1285 1071 1326 omnia
1086 1283 1308 1340 pleniffimit

303 1343 539 1399 suffragari,
562 1343 603 1384 &
619 1341 670 1384 ab
685 1345 743 1386 eis
773 1341 996 1398 respective
1009 1343 1305 1388 inviolabiliter

304 1402 542 1456 observarit,
573 1400 703 1454 sicque
721 1402 761 1444 in
778 1400 976 1456 praemiffis
1000 1416 1073 1457 per
1089 1400 1303 1460 quoscum-

304 1478 384 1522 que
401 1459 562 1517 Judices
575 1460 805 1504 ordinarios
818 1487 832 1509 a
858 1461 898 1502 δι
920 1460 1131 1518 delegatos
1147 1491 1162 1514 ,
1177 1464 1303 1506 etiam

303 1521 514 1565 causarum
547 1518 692 1562 Palatii
708 1519 935 1577 Apostolici
964 1521 1303 1580 Auditores‚ju·

303 1580 464 1631 dicari,
496 1579 534 1620 &
560 1577 721 1622 definiri
747 1579 900 1622 debere
927 1593 943 1633 3
970 1594 1014 1625 ac
1041 1581 1228 1634 irritum,
1264 1583 1305 1624 &

300 1642 445 1688 inane,
471 1637 495 1678 si
521 1635 634 1680 secus
657 1637 775 1694 super
801 1640 862 1681 his
887 1640 911 1683 a
935 1653 1137 1696 quoquam
1164 1642 1305 1698 quavis

301 1695 545 1742 auctoritate
574 1696 747 1740 scienter
771 1724 785 1748 ‚
813 1698 878 1741 vel
902 1700 1139 1754 ignoranter
1167 1698 1306 1744 conti·

301 1756 410 1814 gerit
432 1756 651 1797 attentari.
688 1759 783 1799 Non
809 1757 1060 1802 obstantibus
1075 1760 1275 1815 praemiflis
1290 1789 1305 1812 ‚

300 1832 347 1860 ac
363 1813 735 1858 Constitutionibus
749 1841 763 1863 ,
788 1816 1173 1860 &Ordinationibus
1190 1821 1308 1874 Apo-

299 1874 449 1919 stolicis
466 1902 477 1923 ,
493 1887 565 1916 nec
594 1887 670 1915 non
687 1871 886 1930 quibusvis
902 1903 917 1926 ,
946 1876 1071 1918 etiam
1097 1875 1304 1933 juramen-

299 1946 378 1986 to,
407 1930 724 1976 confirmatione
761 1934 990 1988 Apostolica
1023 1964 1039 1988 ,
1072 1935 1139 1979 vel
1164 1936 1306 1991 quavis

300 1993 495 2036 firmitate
532 1992 610 2035 alia
652 1992 858 2036 roboratis
899 1993 1055 2037 statutis
1084 2024 1099 2047 ‚
1141 1997 1181 2038 &
1207 2011 1310 2039 con·

302 2052 578 2096 suetudinibus
605 2081 621 2103 ‚
665 2052 887 2109 privilegiis
914 2068 1074 2111 quoque
1111 2055 1309 2108 indultis,

300 2115 339 2155 &
380 2112 530 2154 litteris
561 2111 805 2166 Apostolicis
842 2116 882 2155 in
903 2115 1172 2157 contrarium
1210 2128 1308 2170 prae-

302 2169 508 2214 mifforum
535 2170 846 2227 quomodolibet
870 2173 1091 2220 comestis,
1127 2175 1164 2214 &
1190 2173 1310 2213 inno-

303 2230 432 2272 vatis.
453 2229 614 2284 Quibus
643 2231 833 2271 omnibus
871 2231 909 2268 δι
925 2229 1086 2280 singulis
1100 2255 1116 2278 ‚
1137 2228 1306 2268 illorum

305 2299 474 2329 tenores
492 2299 565 2339 pro
581 2284 703 2338 plene
718 2310 732 2332 ,
754 2285 794 2323 &
819 2281 1066 2326 sufficienter
1093 2283 1278 2340 expreffis
1293 2312 1306 2334 ,

302 2359 350 2390 ac
371 2343 423 2386 de
439 2344 567 2386 verbo
580 2340 631 2383 ad
649 2341 818 2383 verbum
835 2339 995 2390 insertis
1013 2342 1211 2383 habentes
1226 2369 1240 2391 ‚
1256 2342 1307 2383 il·

303 2405 354 2448 lis
374 2403 471 2446 alias
497 2403 536 2443 in
555 2398 624 2440 suo
652 2399 801 2441 robore
825 2397 1189 2452 permansuris,ad
1208 2413 1308 2454 prae-

303 2459 505 2506 missorum
521 2457 705 2499 effectum
723 2459 798 2498 hac
816 2455 903 2498 vice
921 2456 1133 2501 dumtaxat
1151 2457 1308 2514 specia-

303 2523 401 2565 liter
428 2548 442 2572 ,
467 2519 508 2560 &
537 2515 726 2572 expresse
750 2514 997 2570 derogamus
1014 2544 1029 2569 ‚
1074 2518 1308 2575 caterisque

303 2578 523 2624 contrariis
539 2575 884 2633 quibuscumque.·

425 2640 574 2680 Datum
611 2636 751 2679 Romae
778 2633 886 2689 apud
912 2635 1096 2678 Sanctam
1133 2637 1307 2681 Mariam

305 2697 508 2753 Majorem
549 2695 618 2737 sub
667 2695 837 2737 Annulo
875 2694 1096 2738 Piscatoris
1137 2697 1205 2740 die
1238 2711 1307 2741 vt.

302 2758 403 2800 Maii
420 2767 699 2802 moctxxtn.
727 2750 993 2797 Pontificattis
1031 2755 1156 2800 nostri
1183 2759 1308 2802 Anno

305 2829 430 2861 tertio
445 2845 457 2859 .

363 2936 540 2991 Exempl.
573 2936 617 2976 in
638 2934 911 2991 Typograpbia
945 2936 1121 2976 camerae
1141 2937 1307 2993 Aposto-

475 2996 564 3038 licae
590 2992 816 3051 imprffem
852 2999 895 3037 in
929 2992 1102 3035 Archivo
1124 2996 1304 3052 generali

478 3052 640 3099 Ordinis
667 3056 859 3100 Arrmre’o
885 3049 1082 3109 Majorica
1096 3082 1109 3095 .

1064 192 1660 311 Appendix.

1375 340 1629 391 Revocatis
1673 337 1894 394 omnibus
1938 347 1993 395 'in
2013 341 2353 406 ,contrariumss

1432 413 1679 472 emanatis,
1707 410 1919 466 Domum
1948 413 2163 469 Fratrum
2179 427 2353 491 ,praedi-

1431 481 1554 533 ctam
1576 517 1594 541 ,
1611 483 1671 533 ad
1694 486 1916 537 Civitatis
1945 501 1990 537 et
2019 491 2183 559 Regni⁸
2200 488 2353 561 preces

1430 551 1629 604 construi
1660 552 1873 629 indulget
1890 595 1904 611 .
2131 588 2136 591 ·
2195 587 2198 590 ⁴
2299 590 2305 598 ¹

1364 665 2350 757 INNOCENTIUS'PAPA-‘XL

1426 834 1658 880 Venerabilis
1679 841 1829 882 Frater
1838 823 2018 898 filati-m
2031 869 2046 893 ,
2065 841 2114 891 ὅ·
2129 831 2295 902 Aposto÷
2333 831 2345 900 ’ς

1636 899 1753 942 licam
1770 900 2078 944 Benediffloncm
2090 930 2102 942 .

1362 1043 1459 1157 E
1475 1044 1610 1099 Xponi
1627 1046 1757 1090 Nobis
1783 1062 1913 1105 nuper
1930 1047 2116 1094 fecerunt
2140 1049 2359 1094 dile-§tiri—

1495 1102 1568 1156 lii,
1594 1107 1758 1151 Fratres
1789 1109 2011 1151 Provinciae
2031 1111 2246 1167 Aragoniae
2273 1110 2359 1153 Or'-

1367 1161 1472 1202 dinis
1501 1164 1704 1206 Minorum
1741 1166 1873 1211 saneti
1904 1169 2101 1212 Francilci
2127 1171 2358 1226 Capucino·

1370 1233 1458 1261 rum
1474 1235 1802 1279 nuncupatorum
1818 1255 1832 1278 ‚
1855 1226 1990 1283 quod,
2019 1241 2112 1269 eum
2131 1227 2201 1283 ipsi
2230 1229 2356 1279 alias,

1369 1278 1566 1323 videlicet
1593 1282 1659 1325 die
1674 1295 1715 1332 5.
1731 1285 1985 1341 Septembris
2006 1292 2128 1337 1671.
2154 1285 2360 1330 indultum

1365 1334 1563 1382 fundandi
1579 1339 1618 1383 in
1634 1343 1780 1400 Regno
1793 1344 2000 1402 Majoricae
2013 1348 2276 1389 Conventum
2292 1357 2364 1387 eo-

1365 1409 1454 1439 rum
1481 1398 1651 1443 Ordinis
1677 1429 1693 1454 ‚
1727 1403 1890 1448 servata
1922 1412 2057 1447 tamen
2085 1404 2361 1448 Constitutio-

1362 1470 1454 1499 num
1472 1459 1800 1514 Apostolicarum
1838 1461 2121 1519 dispositione,
2144 1464 2212 1506 fibi
2237 1466 2260 1509 a
2288 1461 2362 1505 fel.

1364 1529 1448 1560 rec.
1465 1519 1688 1563 Clemente
1704 1523 1812 1578 Papa
1827 1524 1882 1566 X.
1899 1521 2195 1566 Praedeceffore
2221 1522 2359 1566 nostro

1367 1589 1441 1632 per
1465 1576 1657 1633 quasdam
1673 1579 1813 1624 suasin
1828 1581 1944 1624 simili
1960 1580 2090 1626 forma
2112 1582 2257 1626 Brevis
2288 1581 2361 1624 lit'-

1367 1646 1475 1678 teras
1493 1638 1614 1688 Tibi,
1646 1641 1710 1681 seu
1728 1651 1824 1683 tunc
1837 1641 2025 1683 existenti
2043 1641 2242 1697 Episcopo
2274 1643 2366 1683 Ma-

1364 1695 1553 1753 joricenfi
1567 1696 1765 1751 direc‘tas,
1779 1700 1956 1746 concedi
1972 1697 2263 1751 obtinuiffent‚
2278 1700 2365 1742 Te-

1365 1769 1446 1810 que
1476 1783 1492 1805 ,
1531 1754 1598 1798 seu
1624 1756 1733 1801 dicto
1756 1758 1958 1815 Episcopo
1983 1760 2282 1815 permittente,
2313 1757 2366 1802 ad

1367 1814 1570 1854 actualem
1603 1818 1717 1858 unius
1749 1817 1989 1860 Conventus
2027 1831 2124 1860 cum
2149 1815 2364 1861 Ecclefia„

1367 1871 1407 1912 in
1424 1870 1612 1914 Civitate
1635 1874 1889 1929 Majoricensi
1908 1877 2154 1919 erectionem
2182 1875 2368 1918 devenis-

1368 1928 1485 1982 sent3
1510 1931 1650 1975 dilecti
1675 1944 1798 1975 etiam
1829 1935 1920 1977 Filii
1946 1962 1961 1985 a
1995 1937 2157 1978 Fratres
2185 1936 2365 1978 Minores

1369 1987 1549 2045 ejusdem
1587 1993 1720 2035 Sancti
1748 1993 1951 2037 Francisci
1976 1994 2179 2038 strictioris
2214 1990 2367 2037 Obser-

1370 2049 1513 2093 vantiae
1535 2053 1758 2108 nuncupati
1784 2082 1798 2105 ‚
1836 2054 1904 2111 qui
1931 2055 1970 2096 in
1992 2054 2183 2110 praedicto
2211 2055 2363 2109 Regno

1367 2111 1391 2153 ὲ
1408 2108 1592 2163 pluribus
1616 2113 1764 2154 abhinc
1788 2114 1903 2155 annis
1930 2113 2033 2155 duos
2066 2112 2236 2169 infignes
2250 2116 2366 2156 Con·

1370 2176 1515 2208 ventus
1537 2167 1735 2218 poffident
1750 2197 1765 2218 ,
1782 2171 2084 2223 praetendentes
2099 2170 2140 2213 se
2155 2181 2366 2227 gravatos,

1366 2224 1405 2264 8(
1432 2218 1646 2265 afferentes
1674 2221 1854 2279 praefatas
1882 2228 2021 2271 literas
2044 2230 2301 2282 Apostolicas
2316 2244 2366 2271 o-

1370 2280 1600 2332 breptionis
1621 2310 1635 2331 ,
1660 2285 1700 2324 δε
1728 2283 1994 2339 subreptionis
2024 2287 2128 2329 vitio
2150 2286 2365 2340 laborare,

1367 2351 1417 2379 ex
1446 2351 1531 2391 quo
1556 2338 1595 2379 in
1626 2339 1710 2381 illis
1736 2341 1979 2384 recenfitum
2005 2370 2021 2394 2
2046 2345 2085 2384 δι
2108 2344 2366 2400 expressum...

1369 2410 1452 2439 non
1490 2393 1626 2439 fuerat
1653 2426 1669 2450 ‚
1703 2399 1812 2454 quod
1854 2398 2012 2444 dudum
2038 2427 2053 2451 ,
2086 2415 2236 2460 nempe
2262 2415 2370 2449 anno

1375 2456 1500 2510 1649.
1519 2454 1756 2501 inflantibus
1775 2457 1914 2504 iisdem
1941 2462 2158 2506 Fratribus
2188 2461 2371 2518 Capuci·

1371 2516 1434 2558 nis
1449 2528 1526 2571 pro
1538 2514 1766 2562 obtinendo
1782 2518 2010 2574 hujusmodi
2035 2517 2286 2566 fundationis
2312 2519 2372 2563 in-

1368 2575 1518 2626 dulto,
1541 2576 1582 2617 δι
1608 2577 1987 2622 contradicentibus
2013 2578 2185 2637 ipsismet
2209 2579 2370 2624 Fratri·

1369 2636 1443 2677 bus
1472 2633 1680 2679 firmioris
1723 2635 2004 2680 Observantiae
2027 2666 2042 2690 ,
2081 2640 2366 2695 congregatio

1367 2703 1465 2737 tunc
1487 2694 1745 2738 existentium
1774 2700 1923 2741 Sancta
1952 2699 2150 2742 Romanae
2175 2696 2368 2741 Ecclefiae

1369 2751 1653 2796 Cardinalium
1681 2756 1861 2812 negotiis
1885 2782 1900 2805 s
1939 2758 1980 2799 δι
2005 2756 2367 2800 consultationibus

1368 2811 1696 2868 Episcoporum‚
1727 2817 1766 2856 δι
1796 2814 2064 2873 Regularium
2097 2818 2335 2873 praeposita.»
2352 2843 2371 2868 ,

1367 2871 1436 2914 die
1472 2872 1858 2928 28.Januarii1650.
1888 2877 1945 2918 Et
1964 2876 2187 2932 respefiive
2201 2875 2369 2919 diversis

1366 2931 1455 2974 aliis
1474 2932 1729 2986 temporibus
1743 2963 1758 2986 ‚
1775 2948 1919 2990 nempe
1929 2933 1999 2977 die
2023 2936 2206 2993 ¹5.Junii
2225 2936 2368 2985 1652,

1366 2991 1435 3034 die
1449 3003 1517 3044 24.
1534 2992 1688 3046 Aprilis
1709 2994 1832 3050 ¹653·
1848 2995 1912 3046 ,δι
1928 3007 1966 3046 7.
1983 2995 2221 3039 Decembris
2241 2994 2366 3045 1657.

1369 3049 1642 3093 uniformibus
1668 3054 1862 3097 Decretis
1889 3081 1904 3104 ,
1946 3056 2067 3098 etiarn
2101 3069 2176 3111 pcr
2205 3055 2364 3097 litteras

1369 3109 1627 3166 Apostolieas
1661 3112 1939 3164 confirmatis,
1974 3113 2266 3163 mandaverat,
2289 3126 2365 3170 pro

1371 3180 1559 3226 tempore
1578 3169 1763 3215 existenti
1782 3173 1988 3230 Episcopo
2016 3171 2272 3229 Majoricenfi
2286 3200 2298 3223 ,
2312 3185 2365 3213 ne

1367 3231 1631 3285 permitteret
1670 3233 1878 3275 Fratribus
1925 3233 2144 3288 Capucinis
2172 3235 2365 3276 Conven-

1368 3300 1457 3332 tum
1471 3317 1488 3339 ,
1520 3298 1588 3332 aut
1605 3291 1783 3333 Domum
1799 3305 2084 3347 quamcunque
2113 3290 2153 3332 in
2175 3289 2364 3346 praedieta

1367 3347 1554 3391 Civitate
1580 3349 1739 3403 erigere
1767 3379 1781 3401 ,
1804 3349 1971 3406 ipsisque
1993 3348 2255 3406 praeciperet,
2282 3350 2366 3394 uti

1364 3404 1532 3465 praesata
1548 3406 1684 3450 Iusula
1698 3407 1984 3452 discederent:
2012 3409 2052 3451 δι
2072 3407 2232 3464 insuper
2259 3407 2362 3452 affe-

1366 3476 1505 3510 rentes
1526 3494 1541 3518 ,
1580 3466 1688 3522 quod
1725 3466 1763 3508 in
1793 3467 2044 3523 primodiaefftis
2085 3467 2237 3511 litteris
2275 3483 2361 3512 rec.

1366 3540 1490 3569 mem.
1506 3525 1730 3569 Alexandri
1746 3527 1862 3583 Papae
1875 3528 1970 3570 V11.
1998 3527 2117 3571 etiam
2134 3526 2364 3571 Praedeces·

1369 3585 1470 3629 soris
1492 3584 1616 3629 nostri
1641 3585 1796 3640 pariter
1818 3586 1859 3629 in
1883 3585 2014 3630 forma
2034 3587 2177 3630 Brevis
2193 3588 2364 3644 expedi·

1364 3647 1417 3690 tis
1436 3676 1454 3698 ,
1482 3646 1627 3703 quibus
1645 3643 1878 3702 specialiter
1890 3646 2134 3703 prohibetur
2158 3647 2196 3690 in
2211 3647 2363 3703 Regno

1360 3706 1579 3762 Majoricae
1592 3705 1770 3762 aliquem
1796 3708 2063 3751 conventum
2081 3704 2271 3756 fundari,
2293 3705 2360 3748 nifi

1365 3766 1527 3808 servata
1543 3766 1723 3822 quinque
1753 3765 1964 3811 leucarum
1982 3765 2173 3809 distantis
2198 3767 2250 3809 ab
2273 3765 2362 3807 aliis

1363 3825 1653 3873 Conventibus
1673 3826 1754 3886 jam
1769 3827 1939 3876 erectis,
1971 3827 2202 3870 institerunt
2226 3834 2361 3867 autem

2232 3895 2307 3938 pro
