2592 4094
441 229 604 312 242
1113 192 1680 278 Provincia

369 351 471 386 grata
494 341 530 377 8(
560 337 710 386 propitia
736 339 850 376 omnia
875 331 1052 384 promisit,
1074 342 1120 367 ex
1146 332 1273 370 iterato
1299 335 1476 379 denegato
1505 334 1547 370 ad
1576 332 1787 380 Episcopum
1813 332 1942 381 accessu
1969 333 1983 376 ᾗ
2007 331 2047 372 ιδ
2073 335 2169 372 suaso
2199 335 2422 383 But-burgum

369 389 523 433 recessu,
552 389 704 426 Praesulis
733 398 876 423 mentem
903 386 1115 418 immutatam
1141 380 1230 419 haud
1254 383 1341 428 aegre
1367 383 1563 420 conclusit.
1587 382 1737 418 Obediit
1762 380 1931 428 patIenter
1949 404 1964 425 ‚
1989 381 2024 417 8(
2051 382 2085 417 in
2109 385 2263 421 Domino
2281 386 2425 432 sperans

370 437 404 472 se
436 449 507 474 non
530 437 798 473 confundendam
814 456 828 474 ,
853 440 967 476 preces
993 428 1172 474 replicavit
1197 455 1208 472 ‚
1235 443 1275 467 ac
1303 432 1336 467 in
1366 432 1490 478 spiritu
1511 430 1713 466 humilitatis
1737 429 1929 476 ingemuit:
1954 427 2039 478 Nifi
2059 429 2241 467 ‘Dominus
2275 433 2424 481 aedtfica.

368 487 467 523 verit
491 485 622 523 domum
637 509 651 529 ‚
674 485 713 518 in
741 490 867 516 vanum
891 477 1141 514 laboravorunr
1157 501 1170 518 ‚
1194 481 1257 527 qui
1283 479 1454 527 aedfficant
1483 490 1555 516 eam
1578 504 1588 515 .
1609 477 1702 525 Juffa
1732 479 1969 515 Audomarum
1995 477 2105 514 redire
2133 503 2145 520 ,
2172 479 2208 516 8(
2231 490 2329 527 cepta
2358 484 2420 520 suh

368 534 438 570 alio
465 543 629 581 praetextu
654 528 794 575 oblique
816 536 965 570 urgere,
994 535 1177 573 utrumque
1203 527 1310 572 fecit,
1335 529 1371 564 8(
1398 528 1598 566 Antistitem
1619 529 1735 563 denuo
1755 526 1908 574 tepidum
1935 526 2093 562 invenit:
2117 527 2200 573 quin
2214 537 2327 564 tamen
2348 529 2419 566 ani-

368 593 429 618 mo
451 583 612 621 caderet,
637 577 752 613 similis
779 574 855 620 rupi
883 572 1059 610 maritime
1076 596 1090 616 ,
1112 577 1287 624 quae‚quo
1308 576 1436 614 fortine
1461 587 1628 623 aquarum
1658 574 1818 612 fluetibus
1845 575 1998 622 quatitur
2021 597 2035 618 ‚
2059 575 2102 612 εὸ
2123 575 2254 612 firmior
2280 575 2422 613 resistit.

375 629 552 678 Apparuit
578 626 710 661 tandem
734 623 846 659 radius
874 622 1017 667 gratiae,
1042 633 1118 669 quae
1143 624 1268 660 fuscam
1294 624 1470 672 hucusque
1495 626 1619 661 nubem
1649 625 1684 660 in
1699 624 1881 670 Episcopio
1896 622 2098 669 dillipavit3
2123 623 2297 661 occasione
2317 624 2423 671 enim,

367 688 437 724 qua
468 677 562 712 illius
589 672 749 709 DireElot
778 672 817 708 Ρ.
840 671 1082 716 Augustinus,
1108 671 1151 707 ad
1177 673 1380 721 Capitulum
1404 675 1536 717 iturus,
1564 672 1702 709 Antistti
1719 670 1883 708 valedixit
1906 695 1919 715 ,
1948 670 2088 718 proprio
2113 683 2209 708 motu
2233 672 2420 711 sermonem

367 727 412 763 de
442 722 618 762 Franciscae
646 719 820 768 proposito
849 719 996 766 incepit,
1020 720 1232 768 rationesque
1248 745 1262 765 ‚
1287 733 1362 769 quae
1385 722 1502 759 obices
1531 722 1652 757 tollere
1679 744 1693 764 ‚
1715 720 1750 756 8(
1779 719 2011 767 Episcopalem
2043 719 2245 758 consensum
2270 721 2421 758 facilita-

368 785 405 809 re
433 773 597 810 deberent
621 792 634 812 ‚
660 767 825 814 produxit
849 793 859 803 .
888 769 992 805 Hunc
1012 768 1046 804 8(
1071 771 1091 804 a
1117 769 1149 804 se
1172 770 1323 806 dandum
1349 796 1361 813 ,
1398 771 1519 807 audito
1546 769 1637 816 prius
1661 769 1712 805 sui
1735 768 1863 806 Vicarii
1883 767 2077 805 Generalis
2100 769 2243 806 oraculo
2269 769 2305 805 &
2327 769 2420 807 arbi-

368 821 462 861 trio,
487 816 667 855 conviftus
681 817 843 854 Fraelatus
867 816 1090 863 adpromisit,
1116 818 1150 854 8(
1174 817 1397 855 ῡὶτεέὶοωπι
1428 818 1574 856 dimisit.
2408 820 2413 825 '

465 865 632 903 instruant
655 866 697 902 de
723 865 814 901 felici
839 866 904 902 hoc
928 865 1073 902 successu
1095 866 1273 904 Francisca
1297 868 1537 904 Andomarum
1565 868 1763 913 properavit
1784 891 1798 911 ,
1824 867 2014 915 implorato
2048 866 2143 912 ptius
2168 865 2233 904 SS.
2261 865 2390 902 Bettini
2409 871 2425 908 ·,'

366 918 400 952 8(
425 916 639 956 Andomarl‚
664 915 699 950 8(
725 913 893 960 praecipue
914 915 953 950 B.
984 914 1029 949 V.
1054 914 1174 952 Mariae
1196 916 1413 962 patrocinio,
1439 916 1624 964 auditoque
1651 916 1684 951 in
1711 916 1850 953 Sacello
1877 914 2071 963 Episcopali
2097 913 2205 951 Missae
2230 913 2424 959 sacrificio,

366 965 407 1001 ad
445 964 623 1000 Praesulem
649 962 751 1000 duaa
766 986 779 1007 ‚
803 963 847 998 ab
872 974 916 998 eo
936 962 1107 1008 suspiratae
1126 963 1339 1002 fundationis
1362 964 1590 1007 eonsensum,
1617 965 1797 1001 accedente
1828 975 1939 1001 tamen
1958 964 1992 1000 &
2021 963 2086 999 illo
2115 962 2334 1008 Magistratus
2359 961 2425 998 Ci-

366 1012 463 1054 vici,
488 1011 664 1055 obtinuit,
689 1012 723 1048 &
738 1037 749 1053 ‚
775 1021 813 1047 ut
840 1011 932 1047 tertii
957 1011 1100 1049 Ordinis
1125 1014 1276 1058 regulam
1294 1036 1307 1057 ‚
1334 1014 1377 1050 de
1401 1013 1601 1060 poenitentia
1629 1023 1856 1061 nuncupatam
1883 1010 2170 1059 amplefteretur,
2191 1011 2290 1058 eique
2321 1010 2422 1046 Con-

368 1061 566 1098 stitutiones
588 1060 667 1096 vitae
683 1059 867 1108 Capucinae
893 1060 1028 1106 plenius
1054 1061 1247 1099 conformes
1277 1061 1482 1110 adjungeret
1501 1087 1512 1105 ‚
1538 1060 1606 1104 fuit
1635 1060 1746 1100 suasa.
1774 1063 1807 1098 A
1839 1062 1992 1098 Domino
2015 1061 2080 1098 hoc
2105 1059 2255 1103 faEtum,
2283 1058 2317 1093 &
2340 1055 2421 1100 effe,

367 1110 520 1146 mirabile
549 1110 584 1144 in
608 1108 721 1145 oculis
746 1108 836 1152 suis,
861 1109 947 1144 elata
971 1110 1014 1144 ad
1039 1110 1130 1156 celos
1157 1111 1241 1146 facie
1262 1110 1435 1147 francisca
1459 1110 1538 1147 fassa
1557 1134 1570 1154 ,
1598 1110 1689 1146 haud
1714 1110 1810 1146 aliter
1833 1133 1845 1153 ,
1870 1122 1909 1146 ac
1934 1119 2056 1146 cervus
2098 1110 2141 1145 ad
2177 1109 2288 1144 fontes
2315 1107 2424 1143 currit

367 1169 557 1205 aquatum,
580 1157 628 1194 ita
657 1157 716 1193 illa
741 1157 945 1193 Andomatd
974 1158 1191 1203 Burburgum
1208 1159 1426 1205 properavit,
1441 1168 1622 1202 curatura,
1649 1170 1751 1204 quem
1774 1157 1966 1206 Episcopus
1985 1157 2212 1193 reservaverat
2232 1180 2245 1199 ,
2270 1156 2419 1191 consen-

367 1207 439 1242 sum
458 1231 468 1242 .
497 1206 643 1242 Ptaebuit
668 1207 758 1242 hunc
781 1204 849 1242 fine
876 1216 969 1241 mora
988 1205 1228 1250 Magistratus,
1249 1217 1320 1243 tum
1345 1207 1500 1254 pietate,
1525 1219 1628 1256 quam
1650 1207 1687 1243 in
1713 1206 1890 1244 francisca
1919 1206 2056 1248 coluit,
2080 1216 2151 1241 tum
2177 1205 2252 1250 ipso
2280 1202 2419 1238 institu-

365 1265 430 1298 to,
460 1254 556 1300 quod
582 1255 651 1291 haec
673 1255 831 1291 inducere
858 1253 998 1294 voluit,
1020 1254 1156 1291 illatum
1180 1254 1326 1303 partium
1355 1255 1500 1301 primum
1525 1281 1536 1297 ‚
1561 1264 1780 1300 commotus,
1804 1257 1840 1292 &
1871 1266 1929 1301 per
1954 1254 2042 1290 duos
2071 1254 2266 1301 Deputatos
2300 1250 2423 1288 Reve-

365 1302 596 1339 rendiliimum
623 1303 830 1350 Episcopum
856 1301 899 1339 de
923 1314 967 1338 eo
992 1302 1137 1340 reddidit
1169 1304 1375 1341 certiorem.
1402 1305 1511 1340 Aliud
1536 1305 1615 1340 inde
1635 1316 1704 1341 non
1730 1303 1921 1352 superfuit,
1948 1304 2050 1351 quam
2076 1311 2115 1337 ut
2140 1299 2318 1338 consilium
2346 1309 2419 1336 ma-

365 1363 474 1387 nuum
500 1351 743 1387 extenderetur
771 1352 814 1389 ad
842 1362 932 1396 opus
949 1376 960 1392 ‚
989 1353 1124 1388 Domus
1150 1352 1352 1389 formaretur
1379 1351 1414 1388 in
1441 1353 1714 1396 Monastetium,
1740 1353 1775 1389 8(
1802 1353 1836 1388 in
1863 1353 1928 1388 hoc
1951 1352 2043 1387 cellae
2065 1358 2264 1396 aptarentur
2286 1347 2330 1384 ad
2343 1347 2418 1384 Re·

362 1399 528 1444 ligiosom
555 1397 739 1437 recessum.
768 1399 835 1437 His
858 1399 894 1435 8(
916 1400 995 1447 apte
1023 1399 1189 1438 confectis
1210 1427 1222 1443 ‚
1249 1401 1420 1438 Ptaneifca
1448 1401 1504 1439 ‹lie
1530 1402 1640 1438 cultui
1668 1403 1706 1439 S.
1730 1401 1836 1439 Patris
1858 1399 2021 1437 Francisci
2047 1397 2136 1435 sacra
2160 1422 2172 1442 ,
2197 1396 2317 1444 spiritu
2343 1396 2420 1432 Do-

362 1449 448 1485 mini
473 1449 572 1494 plena
595 1447 736 1484 intravit
762 1459 895 1484 novum
924 1448 1183 1485 tabernaculum
1199 1475 1210 1491 ‚
1238 1450 1434 1487 conducens
1456 1450 1566 1487 seeum
1596 1450 1717 1486 Filiam
1744 1461 1825 1486 natu
1850 1449 2013 1498 majorem
2039 1470 2052 1491 ,
2089 1447 2172 1484 duas
2201 1447 2345 1482 Sorores
2370 1454 2419 1482 ex

364 1494 501 1533 Airenst
530 1497 738 1541 beguinagio
757 1522 768 1538 ,
794 1494 1003 1543 perfeffloris
1031 1498 1108 1533 vitae
1141 1499 1218 1534 zelo
1239 1510 1370 1535 novum
1395 1499 1575 1535 Franciscae
1605 1499 1800 1535 institutum
1825 1500 2006 1545 amplexas
2028 1520 2043 1540 ,
2066 1507 2140 1543 quae
2168 1492 2416 1542 conjunffima

363 1545 500 1580 fuerunt
530 1545 565 1581 8(
592 1555 741 1591 quatuor
766 1545 832 1581 illoe
854 1546 1044 1588 columnae,
1070 1557 1109 1581 ac
1135 1557 1237 1592 pettae
1262 1547 1377 1590 vivae,
1406 1547 1504 1593 super
1535 1559 1621 1595 quas
1647 1546 1684 1582 in
1712 1547 1856 1584 Ecclesia
1885 1546 1951 1582 Dei
1976 1555 2105 1581 novum
2128 1542 2313 1591 spiritualis
2336 1541 2420 1577 vitae

364 1592 546 1629 aedificium
569 1617 581 1632 ,
605 1593 640 1627 8(
664 1592 806 1639 feminea
835 1594 1010 1637 capucini
1035 1594 1181 1632 nominis
1206 1596 1450 1640 Congregatio
1475 1597 1621 1633 debebat
1645 1595 1805 1642 fundari,
1828 1597 1866 1633 &
1893 1594 2022 1642 quibus
2048 1591 2229 1632 successive
2255 1591 2328 1627 aliae
2354 1590 2423 1627 So-

365 1639 533 1681 rores‚&
559 1641 644 1676 inter
674 1642 754 1688 has,
772 1641 858 1676 Pilia
882 1641 1060 1678 Franciscae
1084 1654 1165 1679 natu
1190 1645 1300 1680 minor
1324 1644 1594 1692 adjungebatur.

460 1687 643 1723 Gaudium
658 1710 672 1730 ,
696 1700 768 1734 quo
782 1689 955 1726 Francisca
982 1691 1024 1726 de
1044 1691 1202 1739 AEgypto
1230 1693 1347 1729 mundi
1368 1692 1490 1729 edueh
1513 1706 1591 1730 cum
1615 1705 1736 1742 genere
1763 1694 1824 1730 suo
1849 1693 1963 1732 elesto
2001 1694 2034 1730 in
2055 1691 2244 1729 solitudine
2272 1688 2330 1724 sua
2356 1698 2421 1735 po·

362 1734 422 1771 tita
445 1734 492 1769 est
524 1757 536 1777 ,
560 1735 711 1782 eousque
737 1738 908 1778 excellit·‚
934 1748 971 1772 ut
994 1737 1100 1773 solum
1128 1741 1266 1785 capiant
1297 1763 1311 1783 ‚
1334 1741 1395 1787 qui
1421 1742 1553 1784 gustate
1574 1753 1744 1778 merentur
1768 1745 1870 1789 quam
1895 1741 2007 1778 suavis
2040 1740 2078 1776 sit
2119 1741 2199 1776 vitae
2225 1737 2424 1774 Monassicoe

361 1782 500 1829 spiritus
525 1794 538 1822 3
564 1782 599 1817 in
620 1794 691 1829 quo
719 1794 759 1819 ne
782 1783 903 1819 fervor
929 1783 1086 1830 principii
1112 1786 1293 1831 tepesceret
1322 1810 1334 1829 ‚
1375 1799 1497 1823 mutuo
1529 1789 1563 1825 se
1590 1789 1738 1828 Invicem
1766 1791 1844 1825 zelo
1868 1790 2059 1825 animatum
2083 1812 2094 1823 .
2136 1785 2240 1824 Nihil
2271 1786 2306 1820 in
2330 1785 2426 1821 sacto

361 1841 444 1879 cetu
470 1829 534 1866 fuit
558 1830 711 1866 auditum
726 1858 736 1874 ,
763 1831 858 1878 quod
889 1844 956 1868 non
986 1832 1125 1877 spiraret
1153 1833 1390 1875 sanetitatem3
1418 1833 1501 1870 nihil
1528 1837 1638 1871 visum
1653 1861 1665 1877 ,
1687 1835 1783 1882 quod
1807 1848 1876 1872 non
1896 1837 2025 1882 saperet
2040 1834 2159 1878 mundi
2178 1841 2428 1879 contemptuma

359 1890 548 1927 paupertas
569 1878 742 1916 arctiflima
760 1903 771 1923 ,
799 1879 893 1924 rigor
921 1878 1115 1928 penitentia
1133 1908 1143 1924 ,
1169 1882 1225 1918 seu
1249 1882 1524 1921 mortificationis
1546 1885 1734 1922 continuus
1751 1910 1759 1925 ‚
1787 1886 1960 1922 humilitas
1983 1884 2109 1920 summa
2129 1906 2142 1927 ‚
2165 1882 2304 1918 fuerunt
2325 1879 2433 1917 sactoe·

363 1928 502 1964 Domus
532 1939 732 1965 ornamenta
758 1941 768 1964 ι
803 1940 951 1965 amorem
980 1930 1076 1966 inter
1099 1930 1130 1965 se
1155 1930 1403 1968 conservarunt
1431 1933 1577 1969 candore
1605 1932 1718 1970 cordis
1737 1957 1751 1978 ‚
1781 1935 1817 1972 8(
1851 1935 1950 1970 illum
1973 1943 2053 1978 erga
2083 1933 2196 1968 Deum
2232 1929 2424 1967 solidarunt

363 1978 496 2023 semper
526 1982 561 2012 ln
591 1977 689 2012 illum
718 1979 903 2023 cogitando
920 2002 933 2020 ‚
958 1978 1001 2013 de
1026 1990 1068 2013 eo
1097 1979 1300 2026 loquendo,
1325 1981 1359 2016 &
1383 1993 1460 2018 cum
1486 1994 1531 2018 eo
1558 1982 1735 2026 tractando
1762 2007 1775 2020 .
1804 1983 1923 2019 Defuit
1956 1980 2080 2018 solatio
2105 1981 2210 2016 vestis
2235 1977 2424 2024 nuptialis,

362 2027 423 2062 seu
457 2025 656 2069 Religionis
684 2053 693 2067 ‚
721 2039 781 2073 pro
810 2039 878 2073 qua
908 2027 967 2061 sibi
998 2050 1012 2069 ‚
1037 2027 1071 2061 8(
1102 2037 1131 2072 3.
1154 2028 1267 2064 Sociis
1291 2029 1402 2074 danda
1433 2052 1448 2070 ,
1486 2030 1658 2065 Francisca
1687 2029 1863 2066 humiliter
1887 2030 1981 2075 apud
2009 2027 2332 2065 Reverendiffimum
2368 2027 2433 2061 D.-

362 2073 573 2119 Episcopum
603 2074 746 2114 institit,
762 2086 891 2119 atque,
906 2085 942 2109 ut
968 2085 1066 2107 unam
1088 2086 1128 2108 ex
1151 2075 1263 2110 Sociis
1292 2096 1306 2116 ,
1328 2075 1359 2109 se
1381 2087 1443 2110 ceu
1470 2075 1607 2118 indigna
1629 2075 1650 2119 s
1671 2085 1707 2110 ut
1731 2076 1843 2122 ajebat
1864 2079 1884 2122 )
1910 2075 2035 2123 rejeffl
2057 2098 2070 2118 ,
2097 2075 2131 2110 in
2158 2072 2420 2119 Superiorissam

368 2120 582 2163 designaret,
609 2121 748 2165 rogavit
765 2143 775 2154 .
801 2121 910 2167 Qd
940 2119 1096 2155 ultimum
1123 2119 1249 2155 fafitum
1275 2121 1323 2155 est
1349 2121 1489 2166 primo,
1513 2123 1592 2158 data
1622 2123 1667 2158 R.
1696 2123 1741 2159 D.
1769 2122 1898 2159 Pastori
1923 2126 1966 2159 de
1996 2122 2101 2160 Cock
2133 2121 2421 2162 commiffioneu,

361 2169 499 2204 schedas
526 2167 568 2200 ad
588 2177 694 2204 crates
720 2168 764 2202 ab
788 2169 945 2204 omnibus
973 2177 1007 2212 4.
1031 2168 1215 2203 Sororibus
1240 2168 1448 2213 colligendi,
1474 2168 1509 2205 &
1531 2181 1604 2206 eam
1621 2194 1635 2211 ,
1660 2181 1763 2216 quam
1794 2180 1874 2207 vota
1902 2180 2059 2207 notarent
2079 2194 2090 2215 ,
2121 2168 2419 2216 Superioriffama

363 2214 595 2252 constituendi
614 2239 622 2247 .
648 2217 760 2261 Super
790 2216 994 2252 Franciscam
1024 2216 1093 2252 sors
1117 2217 1239 2253 cecidit
1259 2241 1271 2260 ‚
1295 2217 1394 2264 cujus
1417 2216 1624 2255 elestionem
1652 2220 1733 2256 dum
1760 2220 1951 2267 Episcopus
1984 2219 2207 2256 confirmavit
2224 2241 2238 2261 ‚
2265 2217 2361 2254 simul
2383 2218 2420 2253 &

365 2266 462 2300 sacro
486 2263 621 2299 Habitu
641 2266 659 2298 a
681 2265 775 2300 disto
801 2268 844 2301 D.
867 2266 1001 2301 Pastore
1028 2278 1103 2300 eam
1128 2266 1246 2307 indui,
1273 2266 1306 2301 8(
1329 2268 1371 2300 ab
1399 2265 1458 2301 illa
1483 2267 1571 2302 hunc
1601 2267 1817 2312 postmodum
1853 2270 1930 2304 aliis
1982 2295 1990 2303 .
2019 2268 2134 2304 Sociis
2157 2266 2302 2303 conferti
2327 2267 2423 2302 ordi-

360 2312 460 2349 navit
479 2337 489 2347 .
515 2311 669 2348 selectus
695 2315 742 2348 est
769 2314 810 2349 ad
837 2314 957 2349 sacram
988 2313 1196 2348 functionem
1222 2313 1297 2349 dies
1324 2313 1445 2349 honori
1473 2313 1509 2348 S.
1530 2315 1674 2351 Andreae
1697 2316 1861 2362 Apostoli
1883 2282 2122 2359 congerans,
2152 2325 2212 2358 ut,
2245 2313 2304 2350 ubi
2324 2316 2423 2362 Apo<

361 2362 467 2399 stolus
496 2360 618 2394 Crucis
652 2361 854 2408 Martyrium
884 2361 1002 2396 finivit
1020 2385 1032 2403 ‚
1059 2361 1274 2396 Sacrificium
1302 2363 1426 2398 Crucis
1455 2363 1512 2398 illa
1540 2362 1573 2399 in
1592 2364 1758 2400 Habitum
1784 2365 1825 2401 ad
1847 2365 1987 2401 sormam
2014 2363 2124 2400 crucis
2150 2364 2336 2408 composito
2368 2364 2424 2398 in·

362 2410 498 2454 ciperet
525 2432 534 2442 .
562 2406 661 2443 Facta
688 2409 791 2452 proin
819 2409 861 2444 ad
891 2420 1000 2445 crates
1026 2408 1119 2445 dieto
1149 2410 1205 2445 die
1230 2410 1312 2445 fidei
1341 2411 1542 2457 professione
1565 2436 1577 2456 ‚
1607 2413 1771 2462 dictoque
1801 2413 1866 2452 SS.
1897 2412 2004 2449 Miffae
2031 2409 2169 2452 officio,
2197 2411 2315 2447 Pastor
2342 2421 2423 2458 pre-

366 2457 473 2493 sentes
499 2455 538 2490 ad
566 2465 671 2491 crates
693 2458 840 2494 Sorores
864 2459 960 2493 brevi
984 2458 1134 2494 sermone
1163 2460 1204 2495 de
1229 2459 1340 2503 gratia
1367 2459 1558 2498 vocationis
1580 2462 1757 2498 admonuit
1778 2486 1791 2507 ‚
1820 2462 1854 2498 &
1883 2461 2051 2502 Habitus,
2076 2460 2189 2498 co‘rdae
2214 2483 2226 2503 ,
2253 2459 2323 2497 veli
2347 2459 2419 2496 &c-

361 2504 606 2544 benedifflone
637 2528 648 2545 ‚
672 2503 726 2540 cui
752 2505 792 2540 ad
816 2516 923 2543 crates
948 2506 1027 2542 fatae
1065 2508 1212 2544 Sorores
1237 2531 1251 2551 ,
1276 2519 1353 2543 cum
1379 2510 1516 2546 candela
1540 2511 1680 2547 ardente
1704 2512 1740 2546 in
1767 2523 1869 2548 manu
1887 2511 2067 2547 intererant
2088 2533 2101 2554 ,
2126 2508 2259 2556 ρει-(ἃᾶ
2272 2532 2287 2552 ,
2309 2508 2418 2544 Fran-

359 2554 454 2592 ciseae
484 2552 599 2587 tunica
628 2553 770 2590 Ordinis
794 2554 864 2602 jam
894 2555 1048 2595 indutae,
1078 2555 1285 2602 superiorem
1305 2558 1470 2593 Habitum
1494 2558 1782 2607 superimposuit,
1808 2560 1911 2597 corda
1939 2558 2075 2602 cinxit,
2101 2559 2255 2594 velamen
2285 2556 2412 2603 capitis

360 2601 532 2642 tradidit,
558 2601 698 2638 nomine
731 2602 914 2641 Francilcae
940 2603 1089 2647 teufilo,
1114 2616 1191 2640 cum
1221 2606 1308 2642 illud
1326 2633 1336 2647 ,
1362 2618 1407 2642 ex
1436 2606 1506 2653 ipsa
1533 2608 1682 2646 Ordinis
1709 2607 1935 2652 fundatione,
1959 2607 1991 2643 ei
2020 2606 2191 2654 proprium
2209 2605 2383 2652 judicaret
2401 2627 2415 2648 ,

363 2649 574 2694 cognomine
598 2658 711 2685 autem
741 2650 775 2686 in
801 2653 835 2687 id
867 2654 931 2688 sure
959 2651 1151 2689 nat1vitatis
1175 2654 1342 2690 converso
1366 2678 1379 2696 ,
1408 2655 1455 2691 ita
1484 2667 1521 2691 ut
1544 2659 1775 2704 appellaretur
1800 2659 1909 2695 Soror
1940 2655 2109 2692 Francisca
2132 2656 2152 2689 'a
2183 2655 2220 2691 S.
2237 2653 2420 2689 Andoma-

358 2713 400 2738 ro
429 2724 439 2734 .
466 2698 597 2733 Habitu
613 2697 684 2744 jam
707 2701 842 2736 decoris
879 2703 898 2736 ὲ
924 2702 1002 2737 Deo
1032 2700 1149 2738 dilecti
1183 2702 1304 2739 induta
1332 2727 1343 2746 ‚
1382 2704 1511 2740 accesiit
1538 2706 1659 2742 Socias
1680 2732 1693 2751 ,
1725 2707 1760 2742 &
1794 2706 1866 2754 pari
1889 2704 2086 2753 penitentia}
2117 2704 2212 2739 saeco
2237 2702 2422 2746 contexit,

358 2746 571 2788 nominando
598 2758 699 2781 unam
729 2748 888 2786 Utsulam
917 2750 959 2785 ab
986 2750 1067 2786 Aira
1085 2776 1095 2791 ‚
1122 2750 1220 2787 aliam
1235 2752 1378 2788 Claram
1404 2754 1424 2787 ὲ
1450 2755 1480 2788 S.
1497 2754 1727 2799 Audomaro,
1753 2756 1787 2792 8(
1803 2755 1923 2792 Filiam
1943 2777 1956 2798 ‚
1984 2756 2159 2798 Agnetem
2180 2753 2198 2786 a
2214 2751 2418 2794 Burburgo.

356 2799 415 2835 Ex
442 2807 540 2842 quo,
564 2794 646 2830 dum
675 2796 810 2832 funfflo
836 2809 937 2834 cantu
965 2799 1079 2847 hymni
1111 2800 1325 2836 Ambrosiani
1350 2802 1392 2837 ad
1419 2813 1531 2839 crates
1557 2804 1577 2838 ὲ.
1602 2806 1648 2839 D.
1677 2804 1812 2841 Pastore
1835 2803 1899 2839 fuit
1927 2802 2022 2838 finita
2049 2825 2063 2846 ‚
2088 2801 2249 2847 inceptus
2271 2799 2318 2835 est
2343 2810 2419 2835 can-

359 2858 419 2883 tus
447 2843 542 2880 chori
573 2867 586 2886 ‚
617 2844 652 2880 &
687 2845 791 2882 officii
813 2847 927 2882 divini
965 2849 984 2882 a
1014 2848 1203 2885 Sororibus
1231 2872 1243 2892 ‚
1269 2849 1423 2895 inceptus
1450 2851 1495 2886 ab
1521 2851 1564 2887 iis
1590 2851 1624 2887 8(
1655 2865 1765 2890 annus
1793 2850 2022 2901 probationis
2042 2876 2052 2886 .
2082 2851 2172 2885 Non
2194 2846 2421 2884 adolescentis

358 2890 503 2933 virtutis
522 2890 634 2929 schola
654 2918 666 2937 ‚
694 2895 751 2929 sed
790 2896 1026 2932 consummatae
1052 2897 1203 2934 asceseos
1234 2899 1380 2944 palaestra
1409 2898 1479 2934 visa
1501 2900 1570 2936 haec
1592 2900 1656 2936 fuit
1674 2923 1686 2942 ,
1710 2914 1787 2939 cum
1813 2899 2014 2948 perfeetiore
2035 2899 2107 2947 jam
2136 2897 2209 2935 nisu
2234 2907 2358 2933 omnes
2376 2896 2419 2933 ad

361 2942 457 2980 aliud
481 2953 550 2977 non
588 2943 760 2979 tenderent
786 2969 797 2985 ,
831 2947 933 2991 quam
961 2955 998 2979 ut
1026 2946 1061 2980 in
1098 2945 1138 2981 iis
1172 2947 1298 2981 mundo
1324 2948 1468 2984 mortuis
1491 2971 1503 2991 ,
1531 2948 1668 2985 viveret
1693 2950 1784 2988 solus
1809 2950 1905 2999 jesus
1925 2973 1937 2993 ,
1967 2948 2002 2984 &
2030 2948 2083 2983 hic
2105 2945 2290 2984 crucifixus
2312 2968 2325 2980 .
2350 2946 2418 2981 sn..-

360 2994 466 3039 pleno
493 3001 605 3026 tamen
630 2991 824 3028 dulcedinis
852 2993 979 3038 gustu,
1007 2993 1094 3029 fasta
1127 2993 1175 3029 est
1209 2995 1406 3031 amaritudo
1434 3019 1446 3039 ,
1470 2997 1504 3033 &
1535 2998 1683 3035 tentatio
1705 3011 1847 3036 externa
1879 2997 1971 3034 varie
2001 2996 2075 3033 illas
2099 2995 2224 3034 torsit;
2252 2994 2416 3039 RIgorem

362 3051 438 3075 tum
465 3038 632 3083 vestium,
658 3050 731 3075 tum
763 3042 840 3077 vitae
866 3040 947 3078 dum
977 3041 1038 3078 alii
1066 3042 1228 3078 videbant
1244 3067 1256 3085 ‚
1291 3055 1356 3079 ceu
1386 3044 1600 3082 indiscretum
1621 3073 1632 3088 ‚
1658 3048 1834 3085 exoticum
1857 3072 1871 3091 ,
1895 3047 1930 3082 8(
1953 3046 2048 3082 sexus
2072 3043 2261 3080 conditioni
2289 3044 2417 3090 impro-

363 3088 479 3135 prium
506 3090 714 3132 carpebant:
742 3090 800 3126 alii
824 3090 860 3126 in
890 3091 1016 3127 virtute
1044 3089 1163 3126 vitium
1184 3115 1195 3130 ,
1224 3091 1258 3127 8(
1286 3091 1477 3137 hvpocrism
1502 3096 1610 3132 latete
1636 3096 1865 3142 spargebant3
1889 3094 1949 3131 alii
1969 3095 2052 3130 alias
2073 3092 2227 3128 meditati
2251 3091 2286 3127 8(
2312 3090 2417 3127 locuti

364 3137 442 3172 funt
469 3135 577 3170 inania
594 3159 604 3169 .
633 3138 718 3173 Non
742 3140 906 3183 aperuere
936 3149 975 3175 os
999 3141 1094 3175 suum
1112 3138 1253 3185 Sponsa:
1264 3139 1390 3176 Christi
1404 3164 1417 3184 ‚
1442 3152 1504 3177 nec
1537 3143 1686 3180 defecere
1715 3145 1748 3180 in
1775 3142 2063 3190 increpationibus
2084 3141 2259 3176 hominnm
2275 3161 2289 3182 ‚
2307 3139 2416 3174 scien-

367 3197 420 3222 tes
448 3207 462 3227 ,
488 3182 658 3229 sperantes
684 3185 717 3220 in
749 3189 939 3224 Dominum
963 3213 973 3228 ,
996 3185 1056 3234 qui
1081 3188 1176 3223 sexui
1199 3186 1312 3232 fragili
1337 3189 1468 3224 virilem
1492 3192 1641 3227 animum
1668 3193 1799 3239 pluries
1823 3190 1958 3229 confert
1981 3215 1995 3234 ,
2019 3187 2182 3226 confundi
2205 3199 2275 3222 non
2298 3185 2413 3232 P⁰ffe·

360 3232 542 3271 Ace-ibitis
568 3231 644 3268 illas
671 3236 822 3277 percuffit
849 3249 966 3274 manus
991 3236 1130 3273 Domini
1155 3259 1169 3280 ‚
1202 3237 1283 3272 dum
1307 3237 1513 3274 infirmitate
1538 3240 1704 3287 corripuit
1725 3264 1738 3283 ‚
1763 3241 1798 3277 8(
1828 3240 1924 3276 vario
1954 3249 2074 3275 omnes
2105 3235 2331 3272 circumdedit
2353 3237 2414 3271 do—

362 3286 438 3319 loro
458 3305 468 3315 .
496 3281 586 3327 Qu
615 3291 725 3317 autem
748 3284 783 3318 in
813 3286 1052 3323 communione
1082 3284 1254 3333 celestium
1277 3285 1447 3321 donorum
1471 3288 1609 3322 suerunt
1637 3289 1766 3334 semper
1784 3288 1934 3323 humiles
1967 3309 1980 3329 ‚
2009 3284 2201 3321 manserunt
2225 3283 2259 3319 8(
2283 3283 2317 3319 in
2343 3294 2416 3319 ten-

364 3331 493 3368 tatione
524 3329 667 3384 sidele82
695 3331 729 3367 &
756 3343 801 3368 ex
828 3334 903 3380 ipso
922 3333 1142 3382 temperandi
1165 3333 1287 3379 rigoris
1310 3333 1452 3371 consilio
1468 3360 1479 3376 ‚
1504 3335 1652 3372 fecerunt
1680 3337 1776 3372 illius
1803 3333 2002 3381 duplicandi
2034 3332 2246 3380 propositum
2269 3357 2280 3368 .
2313 3333 2412 3369 Fran-

366 3381 453 3417 cisca
483 3389 577 3413 emm
592 3402 606 3421 ⁵
632 3387 669 3413 ut
696 3381 807 3426 preffis
829 3385 848 3419 ὲ
872 3386 936 3422 88.
965 3386 1068 3420 Clara
1085 3409 1096 3425 ‚
1122 3383 1156 3419 &
1180 3383 1316 3420 Coletta
1339 3383 1491 3427 vestigiis
1513 3383 1715 3428 inhaereret,
1740 3383 1970 3420 abstinentiam
1997 3383 2016 3417 a
2040 3392 2139 3418 carne
2163 3381 2199 3415 in
2224 3381 2281 3417 sua
2309 3382 2408 3418 Con-

364 3427 571 3475 gregatione
600 3427 715 3464 induci
740 3432 875 3468 voluit.
902 3432 1077 3470 Consenfit
1104 3431 1241 3478 quidem
1266 3433 1309 3468 ad
1332 3442 1466 3478 tempus
1489 3431 1678 3478 Episcopus
1704 3456 1715 3475 ,
1742 3443 1819 3468 cum
1845 3441 1961 3467 autem
1990 3441 2037 3467 ex
2070 3430 2197 3466 morbis
2215 3453 2227 3474 ‚
2252 3429 2314 3476 qui
2339 3429 2407 3476 ser-v

363 3491 426 3515 vas
466 3477 531 3511 Dei
558 3476 697 3521 longius
720 3479 892 3523 agitaruut
908 3508 919 3525 ‚
946 3485 1032 3518 hanc
1058 3479 1192 3516 virtutis
1223 3479 1353 3517 fervori
1378 3480 1510 3516 obstare
1538 3481 1788 3525 cognosceret,
1813 3481 1922 3517 datam
1953 3479 2134 3516 revocavit
2158 3479 2331 3515 licentiam
2348 3503 2359 3514 .

466 3526 640 3572 Vergente
671 3528 802 3564 tandem
828 3533 869 3566 ad
896 3532 995 3568 finem
1023 3529 1231 3577 probationis
1258 3541 1370 3572 anno,
1397 3529 1569 3566 Francisea
1586 3541 1663 3565 curn
1688 3528 1840 3573 virginea
1866 3529 1925 3564 sua
1951 3525 2134 3571 societate,
2151 3528 2193 3563 ad
2206 3529 2320 3564 actum
2334 3538 2414 3574 pro.-

369 3575 537 3617 senionis,
555 3574 732 3612 intensiore
758 3578 887 3615 virtute
916 3581 948 3616 se
970 3579 1133 3627 disposuit
1148 3577 1206 3622 ,&
1231 3576 1346 3616 divisa
1367 3578 1410 3614 ad
1435 3579 1545 3615 sacros
1573 3578 1650 3614 usus
1674 3576 1879 3625 poffeffionis
1903 3576 2084 3614 substantia
2110 3600 2121 3616 ,
2147 3577 2233 3612 inter
2251 3575 2412 3623 amplisii·

370 3636 468 3660 mum
490 3623 613 3671 populi
637 3625 838 3662 confluxum
853 3653 863 3668 ‚
894 3641 983 3664 voto
1010 3628 1096 3665 inter
1120 3638 1240 3664 manus
1268 3626 1479 3673 Episcopalis
1504 3625 1729 3663 Commiflarii
1754 3625 1895 3669 emisso,
1920 3625 1951 3661 se
1971 3627 2051 3662 Deo
2067 3625 2302 3662 consecravit.
2319 3626 2408 3662 San·

370 3672 523 3707 &itatem
546 3673 651 3720 hujus
673 3676 882 3712 coeremoniae
908 3677 1020 3714 secuta
1046 3678 1091 3714 est
1118 3676 1252 3722 postero
1278 3676 1331 3711 die
1355 3675 1550 3711 consolatio
1568 3699 1580 3720 ,
1601 3676 1674 3722 qua·
1694 3674 1812 3711 Filiam
1839 3685 1977 3722 quoque
2001 3686 2086 3710 natu
2109 3673 2303 3718 minorem,
2327 3685 2404 3710 cum

371 3719 438 3754 2¹5⁸
463 3722 603 3764 puella,
629 3723 721 3759 sacro
746 3725 894 3760 donavit
922 3727 1077 3763 Habitu.
1106 3727 1140 3763 &
1168 3725 1331 3770 lgnatiam
1357 3726 1376 3758 ὲ
1402 3725 1587 3769 Burburgo
1609 3722 1803 3759 nominavit
1822 3747 1834 3756 .
1859 3722 2047 3772 Qntitm
2073 3733 2226 3759 murmur
2251 3722 2404 3767 invidio,

369 3768 427 3804 vel
450 3768 585 3804 malittae
612 3773 822 3813 venerabilis
850 3774 954 3823 hujus
977 3775 1130 3813 instituti
1150 3773 1324 3812 interitum
1352 3773 1505 3822 quaefivit
1530 3797 1541 3817 ,
1568 3772 1701 3810 tantum
1730 3774 1828 3810 Deus
1853 3798 1865 3815 ,
1891 3772 2030 3810 accenso
2055 3774 2089 3811 in
2117 3781 2172 3809 tot
2200 3770 2346 3855 Filialbus
2374 3774 2406 3809 se

2322 3831 2365 3856 eo
