2592 4094
389 224 555 337 196
1062 208 1624 309 Provincia

318 367 417 432 Qi
441 368 592 436 plures
623 362 834 434 augustos
862 357 1187 429 Lotharingicae
1213 355 1392 411 Dormis
1422 354 1694 414 mane32vel
1723 354 1946 422 capucini
1974 357 2151 409 Habitu
2183 372 2343 411 conte·

319 439 416 490 e'tos
435 473 451 495 ,
475 438 548 491 vel
575 438 620 485 in
648 433 880 500 Capucina
899 424 1098 478 Ecclesia
1126 427 1336 481 humatos
1363 425 1475 480 scire
1499 428 1660 495 cupit,
1685 425 1969 498 regrediatur
1985 425 2042 474 ad
2071 428 2198 488 hujus
2224 431 2346 479 tomi

319 505 482 561 folium
500 524 582 572 43.
608 504 656 559 ὅ(
672 500 924 571 sequentia,
961 514 1013 551 ac
1029 497 1077 551 in
1102 498 1156 550 iis
1186 496 1461 572 propensum
1492 513 1600 567 erga
1618 497 1908 570 Capucinum
1934 511 2100 551 nomen
2128 495 2341 557 affestum

319 581 510 633 miretur
529 610 541 624 .
1596 601 1599 606 ν

457 639 598 710 Qafi
628 655 746 692 terra
777 634 1071 693 Seren·iffimae
1100 637 1205 693 huic
1236 641 1410 692 Domui
1437 657 1527 690 non
1570 636 1798 690 sufficeret
1827 672 1843 695 ,
1875 637 2077 686 elevavit
2107 632 2151 685 se
2178 634 2352 705 usqua·

322 718 380 769 ad
413 712 539 764 caelos
562 747 578 770 ,
615 707 663 763 ἃ
688 745 705 768 ,
739 722 790 758 ut
823 709 876 759 in
907 709 1039 762 terris
1060 742 1078 772 2
1110 710 1358 782 Capucinis
1386 713 1473 761 Dei
1502 711 1655 766 Servis
1693 706 1882 762 caelestes
1911 707 2106 765 honores
2138 705 2351 768 decernet²

320 800 477 840 rentur
506 818 521 841 ,
553 778 674 833 varie
709 777 1006 833 allaboravit.
1135 832 1139 836 .

457 853 635 907 Primus
666 849 891 917 Capucini
921 848 1114 918 Ordinis
1138 848 1361 909 SanRuS,
1393 850 1522 902 Felix
1548 850 1571 899 a
1608 849 1867 900 Cantalicio
1887 885 1902 909 ,
1941 849 1993 902 Ei
2030 846 2164 898 debet
2192 846 2350 897 beatos

319 926 509 976 honores
541 918 849 989 potiffirmim:
887 917 1022 973 debet
1047 937 1123 973 eos
1146 922 1354 978 Carolo,
1386 919 1435 972 ὅ(
1479 918 1718 972 Francisco
1745 920 1951 974 Ducibus
1971 955 1987 977 ,
2024 935 2107 969 nec
2141 935 2233 969 non
2261 920 2350 968 Ca-

320 994 530 1050 tharinae,
558 990 748 1045 Duciffae
767 986 1010 1048 Altefatae-,
1044 1006 1153 1043 cum
1180 1007 1271 1052 non
1285 988 1435 1044 solum
1461 988 1671 1059 expensas
1701 987 1809 1042 sacri
1832 989 2035 1046 honoris,
2053 991 2228 1056 pluries
2249 992 2350 1046 Ro-

319 1082 439 1115 mam
468 1059 596 1116 miffo
624 1063 782 1130 amplo
810 1078 923 1114 arcae
951 1058 1038 1114 suae
1064 1057 1260 1113 subfidio
1289 1059 1592 1121 sublevarint,
1622 1059 1695 1110 sed
1723 1061 1860 1111 etiam
1889 1075 2021 1130 prece
2050 1056 2158 1117 sua'l,
2186 1056 2346 1108 instan-

318 1135 391 1184 tiis
411 1135 610 1186 Bavariae
640 1129 793 1193 unita,
810 1144 920 1183 vota
941 1130 1191 1198 Religionis
1209 1136 1340 1193 juxta
1359 1129 1506 1200 ipsum
1535 1130 1910 1200 Apostolicarum
1937 1132 2194 1187 litterarum
2221 1142 2348 1180 teno-

320 1222 415 1257 rem
431 1239 446 1264 ,
477 1218 592 1256 tom.
614 1223 655 1256 1.
671 1200 750 1256 fol.
768 1219 850 1266 75.
870 1200 1143 1271 legendum,
1176 1199 1366 1256 feliciter
1394 1204 1757 1269 compleverint.

458 1271 791 1340 Correspondit
823 1285 918 1324 tam
946 1269 1176 1341 propensa:
1210 1273 1472 1340 Principum
1498 1273 1657 1343 pietati
1696 1285 1826 1340 grata
1868 1275 2085 1325 Fratrum
2112 1267 2317 1337 operatio
2333 1279 2356 1326 ,'

319 1343 368 1394 δι
385 1377 400 1399 ,
427 1341 534 1396 dum
564 1343 620 1394 ad
647 1341 792 1396 sacros
825 1339 1000 1394 labores
1019 1377 1035 1400 ,
1066 1360 1118 1393 ac
1138 1343 1392 1395 Dominicae
1414 1345 1571 1395 Vineae
1603 1345 1783 1392 cultum
1810 1340 1854 1392 se
1886 1340 1928 1393 se
1954 1354 2172 1397 vocatos,
2203 1336 2252 1389 ὃ(
2287 1337 2352 1386 se-

320 1413 462 1466 lectos
491 1411 718 1472 noscunt,
750 1409 958 1466 indefesso
995 1413 1097 1461 zelo
1142 1413 1168 1462 a
1195 1415 1353 1480 primis
1387 1414 1634 1467 Provinciae
1667 1412 1951 1465 incunabulis
1987 1407 2123 1479 usque
2159 1407 2217 1461 ad
2245 1425 2354 1476 prae-

320 1481 415 1534 sens
445 1498 622 1551 tempus
650 1485 906 1536 animarum
934 1479 1066 1536 saluti
1094 1480 1136 1532 se
1153 1481 1196 1537 se
1221 1483 1568 1551 impenderunt3
1592 1482 1799 1535 Verbum
1821 1485 1935 1542 Dei,
1971 1483 2014 1530 in
2035 1480 2191 1548 primis
2211 1480 2350 1528 etiam

320 1554 572 1608 Provinciae
605 1552 1211 1621 Cathedris‚praedicando,
1249 1552 1562 1610 Confeffiones
1602 1555 1900 1607 Saecularium
1941 1548 2191 1603 indistineie
2229 1549 2347 1598 exci-

317 1624 512 1690 piendo,
549 1625 730 1694 aegrotis
749 1622 797 1678 <Sc
822 1622 1103 1676 moribundis
1130 1622 1365 1677 affistendo
1383 1660 1399 1683 ,
1429 1624 1562 1676 rudes
1584 1621 1852 1676 Christianis
1883 1622 2116 1693 praeceptis
2143 1618 2350 1670 imbuen-

318 1692 380 1744 do
397 1726 414 1751 ‚
431 1691 741 1743 Missionarios
767 1693 826 1743 ad
852 1710 964 1757 opus
991 1696 1227 1762 Evangelii
1253 1695 1479 1747 mittendo
1497 1694 1597 1751 διε.
1616 1698 1684 1747 Ex
1705 1711 1871 1760 magno
1896 1696 2060 1745 horum
2079 1707 2244 1742 acervo
2274 1705 2352 1768 op-

316 1764 510 1827 portune
540 1763 649 1811 mihi
679 1761 751 1814 hic
778 1766 854 1810 Fr.
875 1761 1140 1814 Gabrielem
1169 1763 1194 1809 a
1226 1763 1477 1813 Neocastro
1504 1765 1669 1829 ingerit
1687 1764 1795 1812 viva
1818 1763 1964 1817 adh-uc
1999 1759 2119 1809 fama
2150 1760 2206 1810 de
2235 1776 2354 1810 mira

318 1830 440 1880 illius
465 1830 662 1883 virtute,
697 1845 784 1892 qua
824 1828 963 1879 corda
993 1828 1278 1877 Auditorum
1305 1829 1364 1878 ad
1395 1830 1550 1876 uberes
1579 1829 1859 1891 poenitentiae
1891 1829 2152 1892 lachrymas
2188 1826 2358 1884 solvit,

319 1896 368 1952 ὅ(
402 1915 540 1966 quam
572 1893 907 1949 Illustrissimus
935 1893 984 1947 <Sc
1010 1892 1434 1948 Reverendissimus
1462 1897 1526 1942 N.
1542 1893 1598 1941 de
1628 1894 1837 1949 Camilli,
1854 1892 1911 1940 de
1933 1891 2129 1940 Ecclesia
2143 1891 2351 1942 Tullenli

319 1967 376 2017 ad
398 1964 850 2034 Archiepiscopatum
866 1961 1182 2015 Turonensem
1209 1966 1483 2027 translatus,
1517 1963 1716 2018 ocularis
1737 1962 1851 2012 olim
1878 1959 2000 2012 testis
2021 1960 2138 2027 justa
2161 1961 2350 2014 aestima-

321 2040 442 2095 tione
474 2034 742 2104 perpendit,
769 2033 818 2090 ὅτ.
845 2030 984 2101 usque
1015 2035 1073 2087 ad
1101 2049 1302 2087 mortem
1330 2035 1556 2088 laudavit.

461 2110 564 2158 Nec
580 2119 749 2160 tamen,
768 2104 882 2154 dum
913 2106 979 2151 ita
998 2103 1245 2170 colligunt,
1262 2105 1479 2170 regularis
1511 2104 1617 2153 vitae
1646 2101 1824 2153 cultum
1841 2099 2106 2173 dispergunt
2119 2136 2136 2160 ,
2165 2102 2227 2159 ita
2246 2104 2354 2154 vitae

319 2175 478 2230 afflvae
505 2172 687 2227 sudores
716 2191 822 2227 cum
848 2170 1110 2226 Monasticae
1128 2169 1426 2226 observantiae
1446 2175 1600 2240 quiete
1633 2173 1914 2224 concordant
1934 2208 1951 2232 ,
1993 2187 2044 2223 ut
2080 2190 2170 2224 non
2203 2171 2355 2225 solum

322 2246 543 2299 inclinum
582 2260 691 2312 erga
723 2261 816 2292 cos.
837 2244 995 2313 populi
1020 2279 1036 2301 ,
1075 2245 1408 2312 Procerumque
1446 2241 1659 2295 affectum
1689 2241 1988 2302 conservent,
2016 2242 2092 2295 sed
2119 2241 2166 2294 ὅ(
2196 2246 2353 2313 primae

323 2317 578 2367 nobilitatis
597 2316 737 2366 Filios
762 2315 808 2363 in
831 2314 1022 2367 odorem
1054 2310 1138 2363 suae
1167 2312 1215 2363 ὅ(
1239 2317 1482 2381 Capucinae
1505 2314 1734 2366 suavitatis
1764 2313 1936 2386 semper
1951 2318 2172 2365 traxerint
2190 2349 2203 2364 .
2243 2318 2357 2367 Prae·

326 2388 513 2438 nomino
546 2387 664 2433 inter
687 2385 769 2432 hos
793 2386 870 2435 Fr.
887 2385 1145 2436 Antonium
1173 2400 1230 2432 ex
1258 2387 1446 2439 Familia
1475 2385 1532 2439 de
1552 2389 1842 2439 Lenoncourt
1858 2421 1873 2444 ,
1904 2383 2105 2453 purpurii
2132 2383 2354 2444 Ecclefiae‚

333 2454 382 2510 <St
400 2454 710 2505 Marchallatu
729 2454 943 2511 Franciae,
963 2454 1285 2505 Marchionatu
1303 2455 1357 2509 de
1369 2459 1633 2524 Coupvray
1650 2455 1742 2511 ἃς.
1762 2455 1943 2528 infigni:
1962 2460 2038 2509 Fr.
2061 2455 2354 2526 Agathange-

333 2527 430 2575 lum
451 2543 504 2573 ex
520 2521 745 2576 notiffima
763 2525 978 2594 progenie
995 2525 1303 2575 Dominorum
1321 2525 1378 2576 de
1390 2526 1648 2585 Stainville,
1667 2526 1715 2580 ὅ(
1736 2531 1985 2580 Comitum
2015 2525 2071 2576 de
2085 2525 2355 2594 Cupedonia

328 2594 421 2650 ἃς.
441 2600 646 2647 Fratrem
666 2596 858 2651 Antonii
875 2596 1094 2652 Comitis,
1108 2593 1156 2646 <Sc
1178 2598 1305 2648 Barri
1327 2596 1658 2650 Gubernatoris
1673 2597 1763 2651 ἃς.
1783 2594 2224 2658 secundtimcarnem
2242 2598 2358 2646 Ger·

329 2683 517 2719 manum
537 2685 549 2719 z
568 2662 904 2734 Fr.Josephum
924 2664 981 2716 de
1010 2662 1161 2732 Busey
1180 2703 1196 2724 ,
1216 2669 1318 2737 jugi
1334 2685 1441 2734 erga
1458 2667 1819 2722 Eucharisticum
1840 2667 2189 2721 Sacramentum
2218 2661 2357 2727 devo-

327 2739 452 2787 tione
487 2736 742 2790 celebrem:
779 2739 830 2789 F.
846 2738 1106 2789 Antonium
1133 2736 1188 2789 de
1210 2737 1453 2800 Beaufort3
1490 2741 1791 2792 Colonellum
1819 2740 1866 2789 in
1895 2737 2079 2799 castris,
2112 2752 2354 2804 antequam

331 2803 437 2856 essct
470 2807 737 2874 Capucinus
769 2807 812 2858 in
837 2805 1038 2859 claustris
1060 2842 1071 2855 .
1105 2810 1326 2860 Praetereo
1352 2812 1463 2861 alios
1482 2829 1535 2862 ex
1554 2810 1908 2868 Marchionum,
1936 2805 2353 2866 Comitum,&Ba·

335 2895 500 2934 mnum
519 2883 772 2930 stemmate
790 2892 917 2932 natos
935 2913 950 2938 ,
967 2891 1047 2927 aut
1071 2878 1177 2927 alias
1193 2877 1417 2945 Equestris
1444 2879 1490 2932 ὅ(
1521 2895 1689 2951 togatae
1705 2881 1973 2932 Nobilitatis
1993 2881 2131 2938 Filios
2149 2877 2239 2930 διε.
2259 2876 2348 2929 ὅτε.

473 2948 716 3003 Provincia
747 2961 873 2998 tanto
891 2954 1074 3002 Ducum
1091 2983 1106 3009 ‚
1131 2952 1465 3015 Procerumque
1484 2969 1638 3004 amore
1664 2949 1757 3006 fota
1778 2987 1794 3012 ,
1823 2965 1892 3004 tot
1909 2955 2239 3005 Conventuum
2275 2965 2357 2997 nu-

334 3036 462 3066 mero
491 3019 650 3078 aneia,
681 3017 730 3070 ὅ(
753 3020 968 3087 operariis
998 3017 1239 3084 conspicua
1269 3018 1391 3069 varie
1425 3020 1511 3073 fuit
1532 3023 1732 3085 jactata:
1774 3023 1829 3071 A*
1853 3019 2158 3072 Parifienfibus
2182 3019 2352 3076 *Fratri-

334 3087 417 3136 bus
454 3085 669 3146 fundata,
704 3087 992 3160 Lugdunenfi
1023 3089 1276 3143 Provinciae
1305 3086 1393 3138 fuit
1419 3093 1573 3149 unita,
1591 3093 1648 3142 ab
1673 3092 1756 3140 hac
1776 3091 1891 3143 festa
1910 3088 2074 3139 manfit
2109 3089 2239 3138 unius
2256 3104 2354 3138 mo·

335 3160 395 3205 ris
426 3155 474 3208 &
503 3158 711 3225 guber-nii
734 3179 839 3210 cum
876 3161 1153 3226 Campania;
1191 3155 1280 3213 fuit
1315 3159 1498 3215 tandem
1528 3161 1577 3214 δε
1603 3163 1660 3212 ab
1688 3154 1770 3210 hac
1798 3159 1931 3230 plene
1967 3157 2198 3227 scgregata
2229 3172 2346 3206 anno

338 3235 437 3283 166
441 3244 489 3276 2.
516 3227 822 3284 Instrumento
851 3228 1088 3300 sequenti,

864 3398 935 3467 In
972 3401 1250 3471 Nomine
1289 3397 1546 3469 Domini
1585 3399 1826 3463 Arnen.

474 3583 575 3634 Cum
601 3586 646 3632 in
665 3582 857 3650 Capitulo
876 3586 1074 3641 Generali
1102 3589 1146 3637 in
1175 3586 1284 3635 alma
1320 3584 1439 3637 Urbe
1466 3582 1663 3636 celebrato
1695 3585 1771 3632 hoc
1798 3600 1901 3632 anno
1941 3589 2038 3632 166
2041 3581 2216 3633 2.·RR.
2234 3580 2353 3633 ῬῬ.

334 3652 638 3708 ‘Provittcialis
658 3660 711 3704 «ΕΒ
731 3656 912 3723 Custodes
932 3658 1188 3708 ‘Provinciae
1221 3657 1528 3725 Lotbaringiae,
1557 3661 1609 3704 69²
1635 3654 1862 3720 Campaniae
1896 3652 2036 3705 Nobis
2068 3653 2355 3720 exposuerint,

328 3723 436 3786 quod
458 3730 556 3787 jam
588 3724 615 3774 ἃ
641 3726 830 3791 pluribus
865 3733 980 3777 annis
1009 3729 1122 3779 difla
1151 3727 1380 3779 Provincia
1405 3732 1450 3779 in
1477 3730 1576 3778 duas
1590 3725 1731 3792 suem
1760 3725 1958 3775 diflinc‘la
1984 3722 2191 3792 custodias
2208 3758 2225 3782 ,
2254 3740 2351 3790 qua-

326 3808 418 3840 ram
447 3812 526 3842 una
560 3795 877 3867 Loebaringiae,
901 3799 1033 3851 altera
1051 3800 1281 3867 Campaniae
1313 3813 1561 3866 nuncupatur
1580 3831 1596 3856 ,
1619 3816 1703 3866 quae
1717 3797 1815 3864 fisos
1838 3796 1987 3846 habent
2012 3796 2275 3864 Dffnitores
2298 3798 2351 3842 &5

2155 3864 2287 3915 Guar-
