2592 4094
967 248 1320 365 Insula
1348 252 1585 369 nsts.

274 387 635 442 Constitutiones
685 392 963 443 Monialium
1015 396 1250 462 praedista-

344 478 465 526 rum,
483 462 510 509 ὲ
526 466 626 512 Sac.
644 465 1014 543 Congregatione
1033 462 1181 530 Episc.
1199 464 1248 517 δε

340 532 510 600 Regni.
531 544 782 602 recognitas
806 547 896 583 ete.
911 531 1174 603 confirmat,

266 667 686 726 URBANUS
765 675 981 725 PAPA
1053 675 1240 724 VIII.

418 798 487 843 Ad
499 807 732 856 perpetuam
760 802 824 845 rei
843 799 1066 844 memoriam
1078 828 1093 842 .

365 914 555 957 Astoralis
568 915 701 958 Officii
712 929 810 959 cura
826 916 955 960 Nobis
972 930 1023 958 ex
1035 917 1124 960 alto
1135 930 1244 959 com·

379 970 487 1015 miffa
502 971 701 1026 postulat,
727 982 774 1014 ut
800 974 850 1016 ad
875 986 946 1025 ea,
978 969 1050 1028 per
1069 989 1152 1030 quae
1169 977 1242 1030 piae

260 1028 475 1077 mulieres,
491 1041 576 1084 quae
601 1028 752 1072 relictis
775 1031 916 1075 mundi
947 1032 1151 1076 illecebris
1167 1033 1241 1075 Di-

260 1085 343 1128 vini
361 1086 554 1130 Numinis
576 1087 774 1145 obsequiis
798 1088 837 1133 se
866 1089 906 1133 se
929 1089 1209 1147 manciparunt
1225 1117 1241 1140 ,

257 1141 434 1188 feliciter
458 1147 576 1201 regi,
591 1148 859 1203 &gubernari
889 1148 1077 1198 valeant,
1101 1147 1240 1193 sedulo

254 1201 506 1247 intendamus
518 1231 533 1255 ,
555 1214 676 1262 atque
690 1206 747 1249 his
763 1235 778 1258 ‚
791 1219 876 1263 quae
905 1218 1118 1263 propterea
1143 1208 1208 1263 pie
1221 1234 1236 1256 ‚

253 1258 466 1318 {anaeque
482 1259 581 1305 fieta
605 1263 714 1307 fuiffe
726 1267 1022 1322 comperimus,
1053 1276 1098 1308 ut
1123 1265 1235 1308 firma

254 1319 456 1376 perpetuo
468 1317 669 1365 subfistant
679 1351 694 1374 ,
719 1323 994 1381 inviolateque
1009 1324 1233 1368 observen-

253 1387 351 1426 tur,
375 1377 613 1433 Apostolicae
633 1379 951 1426 confirmationis
976 1383 1102 1426 robur
1127 1381 1237 1436 adji-

251 1435 404 1478 ciamus
418 1463 434 1487 ,
450 1447 569 1491 prout
590 1440 854 1495 conspicimus
873 1442 915 1483 in
929 1444 1110 1485 Domino
1123 1441 1230 1487 salu-

250 1492 380 1535 briter
397 1495 608 1550 expedire.

362 1553 522 1608 Exponi
536 1553 727 1609 siquidem
743 1555 873 1600 Nobis
889 1571 1016 1612 nuper
1031 1557 1130 1601 feeit
1146 1558 1229 1600 Ve-

252 1608 442 1653 nerabilis
458 1612 623 1664 Frater,
646 1613 792 1654 Paulus
806 1642 820 1665 ,
848 1614 1065 1672 Episcopus
1086 1619 1227 1659 Attre-

254 1667 426 1710 bateniis
451 1696 467 1718 ‚
491 1670 601 1725 quod
638 1684 714 1726 pro
736 1669 848 1716 felici
885 1673 1126 1719 dilectarum
1152 1674 1226 1718 iu..-

246 1725 409 1769 Christo
437 1726 644 1781 Filiarum,
656 1730 848 1774 Sororum
872 1732 926 1775 de
952 1733 1227 1787 poenitentia..

246 1783 545 1838 Capucinarum
563 1796 896 1841 nuncupatamm,
911 1789 1046 1832 Tertii
1059 1789 1227 1832 Ordinis

247 1840 378 1884 saneti
403 1842 600 1884 Francisci
620 1841 946 1887 Reformatarum
978 1857 1228 1901 nuncupata·

244 1911 333 1940 rum
361 1897 399 1940 in
426 1897 570 1955 Belgio
594 1901 844 1945 existentium
871 1904 1069 1958 gubernio
1085 1933 1100 1956 ,
1131 1916 1226 1959 pro-

243 1956 440 2013 speraque
454 1958 677 2002 directione
689 1961 891 2003 nonnullae
906 1963 1224 2005 Constitutiones

243 2013 364 2058 edita!
382 2013 544 2057 fuerunt
560 2041 574 2064 ,
587 2017 740 2057 tenoris
755 2017 1032 2071 subsequentis
1046 2046 1060 2069 ,
1079 2019 1223 2059 videli-

242 2074 387 2114 centn
404 2070 581 2114 Nomine
607 2072 771 2112 Domini
788 2074 924 2114 Nostri
937 2075 1028 2127 Jei‘u
1042 2074 1221 2116 Christi.

240 2128 448 2184 Incipiunt
479 2126 799 2171 Constitutiones
835 2130 1061 2184 Regulares
1090 2132 1219 2172 Soro-

237 2198 327 2228 tum
346 2185 400 2229 de
415 2185 658 2242 poenitentia
677 2187 806 2230 Tertii
821 2187 985 2229 Ordinis
1001 2186 1218 2231 Reforma-

238 2244 271 2287 ti
286 2243 446 2299 gloriofi
463 2243 591 2286 Patris
620 2246 823 2300 seraphici
852 2245 983 2288 Sancti
998 2244 1219 2295 francisci,

240 2314 324 2358 quae
341 2303 467 2360 vulgo
489 2301 702 2358 Capucinae
722 2304 982 2345 nominantur
1000 2331 1014 2344 .

473 2419 984 2461 PROLOGUS.

371 2532 580 2592 Qouiam
602 2531 790 2590 iiipremo
813 2534 923 2576 Patri
948 2531 1104 2575 coelesti
1135 2530 1224 2587 pia-

246 2591 331 2634 cuit
351 2589 504 2634 Divind
524 2588 591 2634 sui
611 2591 743 2648 gratia
769 2590 893 2635 corda
921 2589 1055 2634 nostra
1079 2588 1226 2632 illumi-

240 2661 340 2692 nare
358 2677 373 2701 ,
392 2649 533 2693 &Nos
558 2650 606 2692 ad
632 2649 910 2706 profeffionem
938 2647 1107 2702 Regulae
1132 2645 1223 2690 de..-

240 2707 487 2762 poenitentia
500 2735 516 2759 ,
542 2707 678 2750 Tertii
692 2707 884 2759 Ordinis,
899 2706 1063 2762 gloriosi
1094 2705 1223 2748 Patris

239 2765 447 2818 Seraphici
481 2766 610 2807 Sancti
634 2766 834 2808 francisci
858 2778 1033 2807 evocare
1057 2790 1072 2813 ,
1098 2775 1217 2817 quam

238 2824 382 2864 Sancta
408 2822 532 2865 Sedes
556 2824 790 2877 Apostolica
815 2836 886 2876 per
899 2822 1116 2864 Nicolaum
1142 2821 1216 2863 IV.

237 2881 278 2921 δι
295 2882 474 2922 Leonem
490 2882 542 2922 X.
559 2883 773 2935 Supremos
790 2879 1003 2923 Pontifices
1017 2880 1213 2933 approba-

239 2938 297 2980 vit
313 2939 339 2989 ,ἶ
353 2938 394 2979 δι
411 2936 666 2981 confirmavit
684 2965 699 2989 ‚
714 2945 760 2982 ut
785 2939 928 2982 eadem
958 2936 1117 2993 Regula
1144 2950 1214 2993 per

238 2999 325 3040 Nos
339 2995 381 3038 in
405 3008 533 3052 pura,
558 2997 600 3038 δι
623 2997 814 3040 stabiliori
839 2995 1212 3041 sualobservantiaa

238 3050 500 3097 conservetur
513 3084 528 3108 ‚
563 3050 688 3098 visum
714 3053 768 3098 est
789 3056 976 3099 omnibus
993 3054 1211 3099 Sororibus

237 3113 280 3157 in
309 3109 508 3168 principio
542 3112 659 3167 hujus
685 3114 825 3156 nostras
864 3112 1211 3160 Remi-metionis,

232 3179 351 3214 certa
372 3170 559 3222 Statura,
580 3172 620 3214 δι
634 3173 955 3216 Constitutiones
986 3170 1212 3228 Regulares

235 3228 394 3272 stabiles
407 3255 423 3278 ,
442 3227 533 3271 &in
550 3241 786 3286 perpetuum
810 3231 1021 3273 duraturas
1046 3230 1211 3272 ordina-

238 3300 310 3337 re,
332 3287 548 3331 secundum
576 3302 671 3345 quas
693 3289 828 3332 nostrae
842 3286 1068 3344 Religio&
1089 3290 1211 3331 vitam

239 3343 346 3386 snam
366 3343 570 3389 instituere
586 3351 834 3392 tenebuntur
848 3375 861 3399 ,
878 3348 971 3389 &in
984 3345 1111 3389 saneta
1126 3359 1212 3388 mo-

241 3415 331 3445 rum
356 3428 372 3451 ,
392 3404 433 3444 &
456 3401 612 3457 spiritiis
635 3405 916 3450 uniformitate
954 3405 1212 3461 dirigentur,

241 3474 326 3518 quae
351 3460 670 3508 constitutiones
691 3465 779 3508 sunt
799 3466 872 3516 hae,
884 3478 970 3523 quae
984 3460 1213 3523 sequuntur.

1419 398 1880 487 constitutiones
1936 401 2272 490 Regulares

1306 494 1598 560 Sororum
1631 495 1699 560 de
1712 496 2105 570 Paenitentia,
2133 493 2275 562 Ter-

1302 587 1385 653 tii
1407 587 1671 653 Ordinis
1687 587 2272 675 Refieratiglorio-

1279 676 1353 760 st
1388 680 1606 746 Patris
1639 680 1957 768 Seraphicts
1991 680 2053 746 S.
2073 677 2137 743 F
2127 701 2274 744 ran-

1305 771 1459 855 cffci,
1478 791 1610 859 qua·
1633 772 1808 855 υιιζςὺ
1837 769 2154 858 Capacinae
2170 794 2271 840 no-

1301 875 1629 926 mznantur
1643 907 1658 923 .

1561 1010 1847 1059 CAP.
1952 1013 1995 1060 Ι.

1299 1134 1563 1180 summarium
1578 1142 1661 1177 tam
1678 1136 1837 1191 Regula·
1849 1164 1862 1187 ,
1879 1135 2000 1191 quim
2014 1137 2268 1195 Constitutiod

1351 1208 1444 1237 num
1455 1220 1470 1242 ,
1486 1192 1614 1248 qualis
1638 1206 1773 1234 earum
1792 1194 1996 1249 obligatio,
2011 1195 2059 1243 (9⁶
2072 1197 2117 1237 de
2129 1195 2212 1238 obc-

1465 1248 1614 1294 aientia
1638 1251 1662 1292 d
1678 1252 1886 1293 Sororibus
1910 1253 2098 1309 Epifiopt's

1538 1309 1773 1366 Diaecffanis
1787 1310 2002 1352 exbibenda
2017 1338 2031 1352 .

1410 1441 1468 1482 Ut
1499 1434 1711 1480 summarie
1736 1436 1971 1482 declaretur
1998 1434 2116 1477 status
2150 1433 2268 1492 hujus

1290 1498 1383 1541 vitae
1396 1495 1532 1538 nostrae
1558 1497 1766 1551 pauperis,
1795 1498 1835 1538 δι
1853 1494 2093 1551 poenitentis
2106 1521 2121 1544 ,
2138 1494 2178 1535 δι
2193 1496 2270 1538 hu-

1292 1555 1396 1598 milis
1413 1555 1635 1597 vocationis
1650 1553 1840 1610 religiosae
1855 1582 1872 1604 ,
1898 1553 1949 1596 ad
1967 1566 2087 1608 quem
2103 1565 2175 1595 nos
2193 1554 2270 1595 Di-

1291 1613 1383 1656 vina
1399 1614 1555 1656 bonitas
1571 1627 1744 1656 evocare
1758 1612 1924 1668 dignata
1946 1613 2028 1663 est,
2043 1613 2191 1653 fineen-a
2216 1611 2271 1653 11·-

1288 1672 1451 1715 bertate
1483 1672 1665 1715 omnibus
1692 1670 1944 1714 declaramus
1969 1697 1984 1720 ,
2006 1668 2267 1724 supremum..

1289 1729 1540 1786 professionis
1565 1730 1702 1776 nostrae
1715 1730 1860 1772 statum
1874 1726 1950 1771 effe
1961 1756 1977 1778 ‚
2003 1729 2042 1768 δι
2055 1725 2265 1771 confistere

1287 1789 1328 1830 in
1345 1786 1511 1842 poffibili
1537 1785 1789 1830 observantia
1811 1785 2051 1840 Evangelii,
2073 1785 2113 1826 δι
2137 1785 2267 1828 sacro-

1284 1859 1373 1887 rum
1394 1843 1652 1887 confiliorum
1681 1843 1841 1885 Domini
1865 1842 2002 1885 Nostri
2028 1843 2125 1897 Jesu
2142 1842 2268 1884 Chri-

1285 1902 1359 1950 sti,
1384 1909 1431 1944 ut
1457 1901 1636 1944 vivamus
1663 1901 1699 1942 in
1713 1899 1842 1942 saneta
1857 1900 2008 1943 unione
2024 1900 2159 1955 pacis,
2191 1900 2263 1942 iub

1284 1960 1531 2007 obedientia,
1542 1959 1582 2001 in
1596 1969 1787 2014 perpetua
1803 1959 1981 2001 castitate
1993 1987 2007 2011 ,
2025 1960 2066 2000 δε
2093 1970 2268 2014 pauper·

1283 2027 1369 2059 tate
1384 2018 1460 2059 fine
1473 2018 1639 2072 proprio
1651 2018 1733 2066 ,ita
1752 2026 1796 2059 ut
1816 2017 1920 2060 nulli
1949 2018 1988 2058 in
2009 2016 2263 2072 particulari,

1281 2085 1534 2127 quacumque
1569 2075 1723 2113 ratione
1738 2101 1752 2124 ‚
1780 2074 1901 2116 liceat
1932 2073 2131 2128 quidquid
2166 2088 2262 2128 pro·

1279 2129 1408 2184 prium
1423 2128 1461 2168 in
1479 2130 1556 2169 hoc
1580 2128 1732 2169 mundo
1757 2128 1956 2181 poffidere
1973 2157 1987 2179 ,
2010 2131 2051 2170 δι
2073 2130 2262 2172 observe-

1280 2199 1369 2227 mus
1390 2195 1625 2242 perpetuam
1642 2185 1858 2228 clausuram
1879 2196 2050 2242 propter
2077 2200 2258 2230 amorem

1283 2245 1447 2286 Domini
1473 2242 1707 2300 NostriJesu
1722 2244 1868 2287 Christi
1882 2273 1896 2295 ,
1924 2245 1963 2287 in
1975 2244 2119 2301 quibus
2133 2246 2262 2288 tribus

1280 2302 1403 2344 Votis
1417 2329 1432 2351 ‚
1446 2302 1488 2342 δι
1513 2300 1700 2358 adjuncto
1721 2301 1774 2344 de
1786 2302 1966 2346 clausura
1979 2302 2263 2359 intelligimus,

1280 2360 1321 2400 &
1335 2359 1519 2400 volumus
1537 2372 1608 2400 nos
1620 2372 1786 2407 omnes,
1812 2362 1853 2401 ὅτ.
1875 2359 2044 2413 fingulas
2070 2358 2175 2405 form
2184 2361 2263 2405 ali-

1279 2428 1360 2465 ter,
1371 2417 1409 2457 &
1422 2411 1602 2470 expresse
1613 2414 1813 2470 obligare,
1828 2416 1939 2471 juxta
1952 2416 2134 2464 sormam,
2143 2421 2184 2459 δι
2197 2427 2262 2460 te-

1281 2486 1419 2516 norem
1433 2470 1678 2528 profeffionis
1691 2473 1826 2514 nostrat
1840 2501 1854 2523 ,
1876 2485 1966 2514 cum
1989 2473 2059 2515 illa
2072 2474 2259 2517 {anstisti-

1281 2545 1345 2573 ma
1360 2532 1468 2573 Vota
1487 2528 1558 2572 fint
1574 2530 1664 2572 vitae
1678 2530 1817 2572 nostrae
1839 2528 2056 2583 Regularis
2074 2559 2089 2584 ,
2104 2533 2144 2574 δε
2167 2535 2259 2575 Mo·

1281 2588 1437 2632 nasticae
1453 2588 1583 2636 bases,
1603 2589 1640 2629 &
1656 2585 1914 2630 fundamenta
1928 2615 1941 2628 .

1396 2645 1477 2690 Sed
1509 2646 1547 2688 in
1571 2645 1756 2688 omnibus
1781 2644 1868 2687 aliis
1888 2645 2093 2687 contentis
2119 2644 2160 2689 in
2174 2647 2259 2690 Re-

1281 2704 1400 2760 gula,
1424 2703 1677 2759 praesentibus
1707 2702 2073 2747 Constitutionibus
2097 2702 2147 2745 ad
2173 2717 2257 2746 ma·

1281 2763 1409 2821 jorem
1426 2776 1562 2813 pacem
1576 2789 1591 2814 ,
1601 2764 1639 2804 &
1655 2762 1911 2804 securitatem
1925 2760 2255 2804 conscientiarum

1275 2825 1569 2872 Sororum,non
1585 2819 1849 2875 intelligimus
1875 2833 1945 2863 nos
1960 2818 2038 2860 a'lio
2047 2819 2170 2861 modo
2180 2818 2255 2860 ob-

1276 2879 1444 2933 ligatas,
1477 2877 1598 2933 quim
1622 2877 1690 2919 sub
1717 2878 1847 2933 poenis
1870 2906 1886 2928 ,
1924 2878 1965 2919 &
1993 2876 2247 2932 poenitentiis

1272 2936 1548 2990 corporalibus
1564 2965 1580 2986 ,
1603 2935 1949 2992 &temporalibus
1964 2962 1979 2983 ,
2004 2934 2128 2990 iisque
2157 2947 2248 2988 gra·

1273 2995 1435 3038 viffimis
1462 3023 1476 3046 ,
1498 2994 1591 3048 quin
1621 2995 1742 3037 etiam
1777 2995 1844 3035 sub
1870 3005 1988 3046 poena
2012 2992 2248 3047 privationis

1271 3066 1445 3103 vocum,
1475 3051 1726 3101 officiorum,
1746 3052 1784 3092 &
1810 3048 2104 3104 superioritatis
2131 3048 2250 3091 Reli-

1273 3113 1411 3167 giosae‚
1429 3110 1644 3154 secundum
1659 3108 1898 3164 qualitatem
1911 3106 2048 3150 delicti
2062 3136 2076 3160 ,
2106 3108 2147 3149 δι
2175 3120 2246 3149 ex-

1270 3168 1397 3213 cesst'is
1412 3169 1556 3211 contri
1572 3165 1761 3209 commiffi
1777 3194 1790 3216 ,
1818 3165 2044 3208 dummodo
2072 3165 2150 3208 illae
2163 3164 2248 3207 fue-

1271 3229 1354 3271 rint
1385 3227 1407 3268 ΐι
1430 3224 1712 3280 Superioribus
1739 3222 1913 3278 injunctae
1936 3251 1952 3275 ,
1986 3223 2057 3266 oili
2082 3223 2244 3265 aliunde

1270 3287 1426 3330 oriatur
1446 3283 1644 3339 obligatio
1659 3282 1727 3324 sub
1741 3295 1859 3337 poena
1874 3283 2029 3337 peccati
2045 3281 2243 3329 mortalis,

1272 3354 1339 3387 aut
1358 3342 1530 3388 venialis
1546 3344 1639 3398 Jure
1656 3340 1806 3382 Divino
1816 3369 1831 3390 ,
1842 3350 1909 3382 aut
1924 3341 2099 3384 humano
2111 3369 2128 3391 ,
2141 3349 2188 3383 ut
2205 3340 2243 3381 in

1271 3402 1352 3460 ipsa
1375 3401 1533 3456 Regula
1552 3400 1723 3441 habetur
1741 3427 1753 3439 .
1786 3401 1933 3454 Cap-X.

1386 3457 1551 3516 Insuper
1570 3457 1838 3512 promittimus
1858 3456 2241 3509 obedientiamssper-

1274 3528 1436 3576 petuam
1464 3515 1707 3561 Sanaiffimo
1733 3515 1909 3558 Domino
1933 3515 2080 3558 Nostro
2098 3515 2240 3566 Papae,

1272 3580 1315 3620 &
1329 3577 1449 3619 Matri
1467 3575 1617 3619 Nostrae
1645 3576 1790 3618 Sanftae
1806 3573 1988 3617 Eccleiiae
2000 3570 2239 3622 Catholicae,

1273 3634 1525 3691 Apostolicae‚
1539 3634 1580 3674 δι
1600 3634 1814 3684 Romanae,
1835 3635 1873 3674 &
1887 3630 2152 3674 submittimus
2166 3642 2239 3671 nos

1272 3706 1412 3735 omnes
1435 3693 1604 3733 Sorores
1629 3691 1860 3747 praesentes,
1879 3691 1916 3731 δι
1937 3687 2092 3733 futuras
2107 3698 2240 3743 prote-

1271 3752 1408 3799 ctioni,
1433 3749 1699 3801 correffloni,
1718 3751 1758 3791 δι
1790 3748 2000 3791 directioni
2016 3745 2238 3804 Episcopo-

1271 3823 1361 3852 rum
1377 3807 1704 3859 Dioecesanorum
1716 3820 1854 3850 eorum
1878 3806 2061 3860 locorum
2073 3835 2088 3859 ,
2100 3805 2239 3861 inqui-

2109 3865 2184 3907 bus
