2612 4100
420 203 591 288 104
1108 167 1722 265 Provinc'ssid'g

341 325 589 382 blimavit3
621 319 904 387 recensetque
931 313 1078 368 adhue
1107 311 1477 383 Ulyffiponenfis
1495 316 1676 366 Civitas
1696 313 1932 384 magnalia
1946 319 2038 377 ejus
2059 321 2076 377 '‚
2107 318 2156 372 ἃ
2181 317 2357 371 fidem„
2376 356 2395 381 ,

343 394 437 465 quai
463 393 667 445 furorem
704 393 853 462 ignis,
889 387 967 453 qui
999 381 1332 438 Monasterium
1375 386 1657 438 Monialium
1704 386 2047 454 Capucinarum
2073 422 2090 444 ,
2123 380 2397 461 consumpio,

338 474 436 534 jam
455 466 607 517 vicino
633 468 741 513 RR.
763 461 850 509 PP.
870 453 1272 507 Benedifflnorum
1293 455 1532 511 Coenobio
1554 491 1570 515 ‚
1596 455 1718 524 paris
1754 455 1919 504 excidii
1945 457 2081 505 minis
2110 465 2393 521 conterruit,

346 541 395 589 in
413 535 656 589 ostenfione
674 523 967 582 Eucharistici
984 527 1105 588 Dei,
1139 521 1189 579 δι
1219 527 1267 578 in
1295 526 1443 578 verbis
1459 561 1479 588 ,
1515 526 1719 580 Creatura
1735 525 1968 595 obtempera
1987 524 2210 590 Creatori,
2237 545 2404 599 poten·-

346 623 417 659 ter
436 605 676 659 suffocavit
696 638 709 652 .
1139 602 1141 605 ’
2401 637 2404 640 ,

489 681 545 728 In
558 672 779 727 memoria
803 683 969 722 aeterna
992 670 1080 722 erit
1099 669 1245 736 justus
1281 677 1358 724 Fr.
1375 670 1568 723 Gabriel
1586 708 1604 732 ‚
1638 671 1807 741 pariter
1824 670 1851 721 ὲ
1876 672 2092 723 Dinanno
2110 707 2126 731 ,
2151 671 2396 725 lucidum‘..

346 750 571 825 praesentis
604 743 752 795 saeculi
770 741 957 812 Sydus.
982 744 1102 794 Fixit
1130 744 1246 794 illud
1279 743 1449 795 Divina
1477 742 1770 813 providentia
1798 743 1846 792 in
1864 744 2158 793 Aremoricae
2180 743 2395 796 Zodiaco

347 841 426 892 per
441 834 595 870 ortum
609 813 743 866 suum
762 830 881 865 anno
903 821 1069 877 1652„
1084 816 1322 882 crevitque
1343 816 1390 864 in
1407 815 1484 864 via
1509 814 1694 865 virtutis
1724 810 1863 882 usque
1889 812 1945 863 ad
1972 813 2098 865 diem
2124 811 2396 882 perfestum.

346 894 519 943 Mirata
534 886 595 938 est
616 886 858 938 Provincia
872 885 1104 934 mirabiles
1123 889 1219 949 ejus
1233 883 1506 935 ascenfiones
1522 917 1551 944 ,·
1567 883 1615 936 ἃ
1634 887 1788 935 Deum
1822 884 2010 934 divitias
2038 887 2199 954 gratiae
2224 883 2272 936 δι
2300 886 2402 954 glo-'

340 965 422 1013 ‘riae
439 997 455 1021 ,
484 959 525 1010 ei
546 958 749 1010 ubertim
766 952 998 1006 ostendisse
1010 953 1231 1006 conclufit
1255 991 1272 1015 ,
1303 955 1417 1006 dum
1436 954 1648 1026 prodigia
1673 953 1799 1023 quafi
1829 973 1937 1006 eum
1961 959 2169 1017 ‘novitate
2194 956 2302 1006 vita.»
2339 957 2407 1009 in·'.

346 1033 534 1083 choavit
564 1066 578 1080 .
617 1023 906 1097 Religiosum
936 1039 1162 1076 errantem
1189 1028 1406 1076 oratione
1440 1025 1623 1076 reduxit
1637 1026 1694 1076 ad
1730 1026 2049 1095 poenitentiam
2077 1045 2094 1086 3
2136 1027 2282 1075 aliurn
2310 1024 2406 1077 de.»

347 1103 563 1174 AEgypto
589 1098 847 1150 rediturum
873 1095 932 1147 ad
958 1098 1174 1147 Mentem
1197 1098 1309 1148 Sion
1330 1097 1566 1165 praedixit:
1604 1109 1761 1164 raptus
1786 1099 1832 1146 in
1859 1095 2032 1148 extases
2057 1131 2075 1155 ,
2102 1096 2402 1158 mirabilia-‚3

347 1193 446 1242 quae
470 1174 611 1223 homo
628 1169 754 1236 loqui
771 1185 860 1217 non
875 1165 1054 1236 potest,
1085 1167 1234 1218 vidit:
1269 1172 1323 1217 ln
1340 1169 1519 1236 pulpito
1536 1163 1766 1236 confregit
1776 1168 1936 1218 cedros
1950 1201 1967 1226 ‚
1996 1169 2059 1216 ita
2074 1200 2090 1223 ,
2128 1180 2182 1215 ut
2202 1170 2407 1218 Deum...-

345 1262 425 1314 per
443 1261 492 1293 os
518 1241 749 1294 Gabrielis
772 1239 929 1306 loqui,
960 1236 1210 1307 Episcopus
1240 1237 1575 1290 Sanbriocensis
1607 1254 1697 1287 non
1717 1236 1855 1288 semel
1885 1237 2078 1296 dixerit3
2109 1235 2156 1285 in
2182 1234 2406 1286 tribunali¹

345 1313 397 1366 ὅ(
436 1315 549 1363 cella
579 1311 857 1380 poenitentias
892 1309 1006 1359 dum
1052 1309 1236 1358 Nobilis
1270 1308 1327 1359 de
1352 1309 1564 1374 inJunstae
1607 1309 1888 1376 poenitentiae
1927 1309 2079 1376 rigore
2125 1305 2398 1374 conquestus¹

348 1384 411 1435 est
431 1421 447 1443 ,
480 1383 679 1434 armavit
696 1382 771 1430 ille
788 1381 831 1429 in
851 1380 981 1444 hujus
997 1376 1242 1447 conspeetu
1258 1398 1447 1431 manum
1463 1378 1591 1430 suam
1624 1381 1669 1428 in
1695 1379 1826 1429 alieni
1859 1377 2037 1428 sceleris
2055 1377 2278 1426 ultionem
2296 1411 2313 1436 ,
2346 1374 2401 1430 ὅτ

347 1456 462 1506 dum
475 1453 665 1504 aculeati
687 1450 858 1521 flagelli
878 1450 1065 1501 verbere
1093 1452 1307 1502 innocens
1337 1469 1506 1520 corpus
1539 1448 1675 1501 suum
1699 1447 1944 1518 percuffit‚
1962 1447 2229 1497 induratum
2245 1446 2403 1497 Nobi-

345 1528 403 1576 lis
421 1527 626 1575 animum
641 1521 696 1573 ad
714 1522 990 1591 poenitentiae
1006 1539 1144 1588 aquas
1160 1523 1424 1572 emollivit:
1454 1519 1631 1588 scriptis
1662 1519 1712 1570 ἃ
1736 1518 1885 1571 verbis
1913 1515 2296 1586 novamJansenii
2322 1516 2403 1568 do-

346 1597 541 1647 &tinam
557 1593 878 1663 impugnavit,
905 1591 956 1643 ὅ(
973 1592 1265 1643 ὃεὲὶειῑοτιιω
1298 1594 1481 1661 plures,
1511 1591 1568 1641 ad
1590 1591 1872 1659 agnitionem
1905 1590 2109 1640 veritatis
2138 1587 2402 1638 convertit:

348 1667 473 1716 cibos
491 1669 639 1715 cinere
655 1666 823 1714 mixtos
839 1661 1117 1712 manducans
1133 1698 1149 1720 ,
1172 1663 1372 1715 vicinam
1403 1662 1469 1713 sui
1494 1661 1774 1711 tabernaculi
1797 1658 2127 1728 depositionem
2158 1657 2369 1726 praedixit
2384 1693 2403 1716 ,

348 1753 469 1784 anno
491 1754 582 1794 172
593 1754 639 1795 3.
653 1736 699 1782 in
717 1733 936 1784 Parochia
948 1732 1005 1782 de
1024 1735 1067 1782 la
1087 1736 1258 1790 Motte,
1275 1733 1353 1783 ubi
1367 1731 1574 1782 Miffioni
1605 1729 1914 1784 incumbebat,
1929 1726 2217 1780 subsecutam
2241 1764 2252 1777 .
2280 1729 2406 1780 The-

348 1802 484 1853 sauro
497 1801 732 1851 cadaveris
750 1817 805 1848 ne
828 1801 990 1848 incolae
1008 1802 1317 1864 privarentur,
1331 1801 1468 1850 AEdes
1488 1801 1792 1854 Paroehiales,
1813 1800 1858 1844 in
1880 1797 2407 1861 quibusjacebatssustof

349 1874 426 1925 dia
447 1873 780 1928 muniverunt,
809 1866 890 1927 ἃ.
926 1883 982 1916 ne
1007 1867 1129 1917 ullus
1158 1867 1394 1918 Fratribus
1425 1903 1441 1926 ‚
1477 1867 1555 1933 qui
1583 1865 1641 1915 ad
1668 1865 1784 1915 illud
1811 1864 2071 1915 tollendum
2095 1865 2407 1924 advenerant,

348 1962 526 2013 equum
545 1957 625 1993 aut
641 1957 831 1991 currum
847 1936 1026 1988 submin
1039 1935 1242 1996 istrata,
1253 1940 1370 1987 inter
1387 1936 1430 1986 se
1445 1934 1745 1986 sanciverunt.
1762 1933 2011 1986 Pretiosam
2027 1939 2120 1998 ejus
2136 1950 2336 1987 mortem
2354 1936 2407 1996 ile

349 2013 444 2065 1305
462 2012 672 2079 Prodigia
687 2008 736 2057 ὅ(
753 2008 913 2074 gratiae
932 2003 1276 2061 monstrdrunt3
1301 2021 1444 2052 caecus
1456 2005 1578 2050 enim
1588 2004 1784 2051 admoto
1796 2006 1945 2054 oculis
1962 2005 2143 2055 Habitu
2147 2007 2338 2068 jacentis
2356 2007 2405 2056 in

349 2079 554 2135 Ecclefia
570 2077 822 2131 Cadaveris
838 2109 855 2133 ,
888 2070 1038 2123 visum
1056 2070 1297 2139 acquisivit
1309 2107 1326 2130 ,
1355 2070 1546 2137 &plura
1563 2072 1651 2120 alia
1669 2071 1718 2120 in
1736 2071 1940 2138 publicas
1957 2073 2138 2122 tabulas
2158 2079 2255 2137 jam
2271 2076 2401 2126 reda-

349 2154 423 2204 fia
451 2150 646 2202 referent
669 2146 848 2200 annales
875 2143 1066 2197 Ordinis
1093 2177 1110 2203 ,
1155 2141 1318 2212 quibus
1345 2139 1427 2194 suo
1459 2155 1667 2212 tempore
1693 2142 2016 2215 thaumaturga
2046 2143 2279 2196 Gabrielis
2307 2149 2403 2198 vit-

354 2240 429 2276 tus
444 2221 598 2291 ample⁴
611 2219 835 2271 inseretur
846 2254 861 2268 .
2387 2240 2389 2242 ·

492 2292 671 2345 Laudat
698 2289 748 2342 δι
781 2288 966 2357 Religio
991 2286 1142 2336 nostra
1163 2287 1288 2336 viros
1315 2284 1561 2355 gloriosos,
1584 2283 1877 2353 hominesque
1906 2301 2128 2354 magnos,
2151 2289 2324 2338 virtute
2354 2285 2407 2339 ὅ(

353 2365 596 2437 prudentia
627 2360 868 2431 praeditos,
898 2357 1116 2407 videlieet
1132 2392 1147 2415 ‚
1164 2362 1238 2406 Fr.
1263 2353 1554 2406 Franciscum
1581 2357 1609 2404 a
1633 2356 1875 2408 Maclovio
1891 2357 2192 2427 ,praedisturn
2226 2363 2304 2410 Fr.
2323 2360 2408 2409 Ti-

351 2439 591 2491 motheum
625 2434 650 2482 a
688 2433 839 2481 Flexia
866 2465 882 2489 ,
915 2432 990 2478 Fr.
1010 2424 1564 2495 Franciscumjosephum
1591 2427 1648 2477 de
1679 2429 1961 2496 Matignon,
2003 2426 2053 2480 ὅ(
2082 2433 2159 2479 Fr.
2186 2427 2407 2500 Augustiz

355 2526 470 2559 num
497 2508 523 2555 a
591 2498 1013 2572 uimperellio,dum
1044 2496 1309 2549 Definitorii
1329 2499 1567 2548 Generalis
1579 2498 1774 2548 Curiam
1800 2497 2046 2549 succeffiva'i
2063 2497 2204 2566 quafi,
2220 2497 2406 2568 magnal-

352 2597 443 2647 que
466 2579 640 2627 virtute
658 2571 934 2626 accesserunt
954 2605 971 2629 ,
1008 2567 1056 2620 ἃ
1094 2571 1189 2636 pari
1219 2569 1265 2618 in
1293 2586 1344 2617 ea
1364 2567 1496 2618 laude
1515 2568 1708 2622 Ordinis
1724 2567 1880 2619 decori
1896 2568 2210 2639 invigilarunt.
2227 2570 2410 2620 Laudat

352 2657 377 2711 (
409 2665 571 2721 graeter
599 2645 894 2697 enuntiatum
930 2645 1007 2691 Fr.
1046 2637 1337 2688 Franciscum
1362 2637 1615 2708 josephum
1640 2646 1660 2702 )
1702 2643 1779 2690 Fr.
1812 2638 2126 2710 Augustinum
2155 2641 2183 2689 ὲ
2207 2643 2406 2690 Monte.»

354 2722 514 2771 relaxo
538 2753 556 2777 ,
583 2716 634 2767 δι
663 2720 738 2765 Fr.
769 2720 996 2765 Amatum
1024 2708 1082 2760 de
1107 2710 1344 2761 Lamballe
1365 2710 1458 2762 &a
1472 2709 1586 2761 dum
1600 2709 1928 2763 commistionis
1955 2712 2176 2781 generalis
2203 2709 2404 2781 spartam

359 2793 408 2841 in
426 2791 591 2842 exteris
611 2786 867 2838 Provinciis
884 2779 1009 2834 felici
1032 2780 1272 2851 prudentia
1298 2782 1594 2848 expleverunt
1610 2779 1704 2832 &c-

530 2857 710 2910 Laudat
734 2861 888 2926 plures
916 2854 1065 2904 limati
1095 2853 1262 2923 ingenii
1292 2848 1341 2902 δι
1366 2851 1531 2914 judicii
1557 2848 1836 2922 Muffege-tes
1858 2886 1877 2911 ,
1926 2851 2007 2919 qui
2047 2851 2175 2919 libris
2213 2851 2409 2921 publicae

360 2932 455 2981 luci
486 2930 603 2981 datis
632 2926 764 2978 suum
786 2923 909 2994 aeque
934 2942 987 2974 ac
1016 2925 1265 2974 Provincia:
1289 2938 1458 2971 nomen
1486 2924 1870 2974 commendarunt
1898 2957 1914 2981 ,
1951 2920 2002 2974 δε
2042 2922 2207 2990 quibus
2247 2923 2296 2985 in
2331 2924 2409 2976 Bi-

362 3000 589 3050 bliotheca
617 2997 892 3067 scriptorum
927 2993 1122 3047 Ordinis
1154 2992 1338 3050 notatis,
1357 2996 1432 3043 Fr.
1448 2992 1752 3045 Valentinum
1784 2990 2144 3053 Nannetensem‚
2166 2991 2242 3046 sex
2259 2994 2405 3047 Volu-

362 3070 544 3122 minum
576 3072 869 3120 Concionum
903 3066 1165 3116 Authorem
1196 3063 1423 3133 adjunge.
1485 3071 1488 3074 ’

505 3141 691 3189 Diutius
724 3141 817 3189 haec
848 3135 1126 3207 gubernium
1155 3151 1266 3184 eum
1289 3131 1516 3184 Parifienfi
1545 3132 1728 3194 divifit,
1758 3134 1808 3187 ὅ(
1826 3133 1884 3185 ab
1912 3133 1989 3182 illa
2013 3150 2120 3183 cum
2135 3131 2398 3195 Turonenfi

353 3207 550 3265 >dissecta
566 3244 585 3270 ,
612 3210 727 3261 hanc
750 3226 929 3281 quoque
944 3224 1062 3262 anno
1085 3215 1147 3261 16
1151 3223 1177 3256 2
1182 3224 1234 3271 9.
1257 3203 1428 3256 dimifit
1441 3238 1459 3264 ,
1473 3206 1635 3275 vigore
1654 3203 1945 3258 instrumenti
1962 3200 2177 3255 subnexi.

2160 3896 2163 3899 ¹
2214 3847 2263 3887 ln
2277 3855 2341 3885 na·
