2612 4100
930 189 1577 309 Paristenfis.
1799 274 1802 276 ,
2010 211 2186 315 ·'53
2267 328 2274 341 Ι

310 341 391 378 ‘l'am
416 341 545 378 excelsa
567 341 671 383 faeta,
696 341 818 391 quibus
842 343 996 387 Iosephus
1020 347 1056 382 &
1078 345 1250 382 Ecclesiam
1277 347 1312 381 &
1340 346 1451 381 statum
1477 345 1635 383 exaltavit
1648 370 1659 387 ,
1685 345 1752 381 sine
1778 344 1907 392 premio
1932 346 2055 383 diutius
2081 362 2249 388 manere)

209 389 404 427 Cardinalis
428 392 535 426 minus
561 402 682 437 equum
706 391 847 426 credidit
871 416 881 431 ,
919 395 1064 435 purpura
1089 394 1145 429 illa
1169 393 1332 429 sublimari
1361 395 1448 440 Regi
1474 397 1568 431 suafit
1586 420 1596 436 ,
1628 394 1686 442 qui
1713 397 1748 431 δε
1770 395 1862 432 illum
1888 395 1926 429 ad
1952 397 2030 429 hanc
2055 399 2093 431 ad
2119 400 2251 435 finem-2

210 439 286 475 anni
316 443 420 483 1635.
446 441 631 477 nominavit
656 464 667 480 ‚
692 447 761 474 tota
790 439 873 473 Aula
897 438 930 472 in
952 440 1069 474 officio
1093 440 1328 484 gratulationis
1353 441 1398 476 illi
1422 443 1638 488 applaudente
1658 467 1669 478 .
1698 444 1734 478 lu
1762 443 1869 479 verbo
1882 442 1954 477 solo
1967 444 2065 479 animi
2081 445 2126 479 sui
2142 445 2249 479 inten-

210 486 341 523 tionem
366 488 537 534 quiescere
563 488 641 524 Rex
666 486 775 523 noluit
786 511 797 527 ‚
826 499 898 522 eam
923 488 1118 523 executioni
1143 489 1214 524 dari
1239 490 1258 523 a
1281 489 1369 534 Papa
1397 490 1531 527 Urbano
1556 492 1643 528 vm.
1670 491 1858 529 sollicitavit
1879 514 1890 531 ‚
1920 490 2036 526 litteris
2061 491 2099 526 ad
2125 491 2247 526 suum-2

210 534 393 572 Oratorem
417 537 587 574 Comitem
613 535 795 572 Noailliurn
822 535 864 571 ita
889 536 998 570 datis·
1014 539 1166 582 Tempore
1191 561 1201 576 ,
1225 547 1290 584 quo
1338 537 1411 572 lura
1438 541 1655 576 cardinalium
1680 543 1750 578 loca
1771 547 1891 577 vacant
1916 563 1927 579 ‚
1963 550 2082 575 novam
2108 538 2247 573 talium-2

204 586 443 631 promotionem
469 584 489 620 d
516 591 646 621 summo
655 582 816 625 'Pontisice
837 583 990 631 proxime
1016 582 1242 624 instituendam
1268 546 1334 630 ests
1352 587 1513 630 censemus
1527 612 1537 622 .
1565 596 1615 625 Ex
1640 600 1703 636 quo
1728 589 1822 626 vehis
1841 587 2048 632 scribendum
2075 586 2248 626 duximus,

210 635 256 669 Θ
269 633 493 670 inculcandum
505 659 516 676 ,
541 641 580 668 ut
591 640 733 679 tempore
747 641 927 679 opportuno
944 633 1122 667 Sanffiitati
1132 637 1203 668 Suae
1218 635 1304 668 omni
1320 636 1436 679 vigore
1447 659 1456 674 ,
1485 639 1529 672 Θ
1543 637 1714 682 neceffaria
1735 636 1906 678 constantia
1924 645 1985 684 pro
2001 639 2044 669 P.
2058 634 2201 681 “josepho
2215 635 2249 669 in

211 680 413 716 cardinalem
427 683 572 730 eligendo
582 681 776 728 supplicetis
793 704 804 719 ,
829 683 873 717 Θ
887 682 995 715 omnia
1009 679 1171 721 obstacula
1185 706 1195 721 ,
1221 691 1292 728 quae
1305 681 1335 716 in
1351 684 1408 717 hoc
1420 683 1541 726 panno
1553 683 1647 718 vobis
1661 685 1760 721 obiici
1775 683 1895 733 possent
1905 708 1915 724 ,
1926 683 2044 720 tollere
2068 684 2226 729 qua-ratis
2236 709 2250 716 -

212 729 250 764 Si
266 730 429 764 Sanctitas
439 736 505 766 Sua
521 741 562 766 ex
573 741 609 765 eo
621 751 634 769 ,
658 730 744 775 quod
757 729 938 776 Religiofits
959 727 1003 771 sit
1021 730 1038 770 ζ
1052 737 1153 776 prout
1159 728 1234 775 jam
1244 729 1372 773 fabium
1385 729 1443 776 effe
1454 732 1604 765 novimus
1620 735 1851 775 >contradicat
1863 758 1872 774 ‚
1886 734 1988 769 eidem
2002 735 2045 769 Θ
2059 730 2249 778 Episcopum

214 778 342 813 Viennae
355 778 374 821 (
387 781 570 814 Emeritam
583 780 603 822 )
617 774 660 812 ab
673 781 718 813 Im
742 786 871 819 eratore
894 778 936 811 ad
950 778 1080 812 eandem
1096 778 1291 824 dignitatem
1305 780 1562 814 commendatum
1573 801 1584 817 ,
1607 782 1708 816 talem
1718 780 1775 826 esse
1785 806 1795 821 ‚
1820 793 1876 816 nec
1887 779 1944 826 effi:
1959 781 2118 815 rationem
2142 781 2247 824 magis

210 825 288 861 huic
303 826 447 873 respeiiu
462 825 671 874 Imperatoris
683 825 710 860 il
725 837 778 862 am
791 822 1236 907 concedendi,Ziidtnfy‘oftpho
1246 827 1278 860 in
1285 828 1435 873 gratiam
1447 824 1929 876 nostram5respondebiti.Siqne
1942 840 2002 863 non
2013 825 2153 867 obstante
2164 826 2250 862 omni

209 886 247 909 eo
265 898 275 915 ,
301 876 387 920 quod
400 873 455 910 illi
468 875 634 922 exponetis
649 898 661 914 ‚
684 874 846 909 Sanctitas
859 877 925 908 Sua
946 885 984 908 no
1011 874 1039 907 is
1052 873 1244 920 gratificari
1267 874 1370 909 nollet
1385 899 1394 915 ‚
1421 875 1527 909 eidem
1539 873 1753 911 declarabitis
1766 900 1775 915 ‚
1799 879 1882 921 quod
1898 875 2074 911 Cardinalis
2086 873 2250 921 dLugdu-

210 933 251 969 ,²¹⁰
271 947 282 963 ,
302 922 524 959 Marechallus
534 924 567 957 d'
577 920 689 958 Etrees
702 946 713 960 ,
738 924 782 958 Θ
797 933 857 956 vos
868 926 968 967 Roma
979 922 1144 965 discedere
1157 921 1303 958 debeatis
1316 946 1326 957 .
1349 924 1446 976 Qod
1456 923 1498 956 ad
1510 921 1591 957 hanc
1609 923 1835 967 resolutionem
1854 926 2023 970 procedam
2040 947 2050 963 ,
2079 928 2150 959 Suae
2172 927 2252 956 San·

211 970 325 1005 nitati·
337 968 370 1004 εὸ
383 971 489 1004 minus
506 971 650 1006 alienum
663 970 775 1005 videri
788 967 885 1005 debet
899 994 909 1010 ‚
935 981 1008 1005 cum
1027 971 1112 1006 mihi
1134 972 1349 1018 denegaretur
1363 971 1480 1018 gratia
1495 994 1507 1010 ‚
1531 969 1573 1005 ab
1589 983 1627 1007 ea
1648 969 1669 1005 d
1697 982 1747 1006 me
1772 981 1831 1017 pro
1851 971 1984 1014 subdito
2009 971 2106 1017 hujus
2120 971 2251 1006 honoris

210 1026 281 1053 tam
293 1018 388 1064 digno
404 1040 415 1057 ‚
441 1017 548 1065 petita
563 1042 573 1052 .
604 1017 778 1063 Reminisci
802 1016 899 1053 debet
913 1018 1076 1054 sanctitas
1089 1024 1155 1054 Sua
1167 1044 1177 1059 ‚
1203 1021 1289 1066 quod
1302 1024 1422 1054 Orator
1436 1018 1598 1066 Hispaniae
1625 1020 1710 1054 idem
1729 1017 1750 1053 d
1758 1020 1796 1062 fi»
1810 1020 1966 1066 agendum
1989 1017 2046 1063 effe
2060 1020 2162 1054 eidem
2174 1017 2250 1063 jam

209 1065 520 1109 declaraverit,casu
534 1077 597 1113 quo
610 1063 782 1102 Abbatem
798 1070 976 1102 ‘Perettum
1002 1079 1063 1103 non
1084 1070 1288 1103 renuntiaret
1307 1068 1508 1104 Cardinalem
1522 1091 1532 1107 ,
1557 1069 1772 1114 quantumvis
1785 1072 1944 1102 Perettus
1955 1066 1998 1110 sit
2007 1066 2160 1109 subditus
2178 1070 2251 1100 Pa-

205 1121 256 1161 pae
276 1137 287 1154 ,
311 1116 356 1150 Θ
371 1118 442 1159 Rex
452 1114 613 1163 Hispaniis
628 1115 790 1150 motivum
812 1127 872 1150 non
893 1113 1014 1151 habeat
1025 1117 1158 1164 petendi
1178 1125 1240 1164 pro
1266 1128 1302 1152 eo
1328 1117 1361 1151 id
1376 1140 1386 1155 ‚
1410 1117 1497 1163 quod
1520 1113 1542 1149 d
1569 1126 1619 1151 me
1635 1117 1766 1162 petitur
1782 1124 1841 1162 pro
1854 1115 1997 1163 ⁶josepho
2021 1139 2031 1148 .
2058 1115 2154 1166 ,Quod
2183 1114 2245 1148 hac

209 1160 367 1205 occasione
379 1162 464 1198 nihil
477 1174 590 1199 eorum
594 1161 668 1206 sitis
678 1161 823 1209 omiffitri
835 1188 846 1204 ‚
871 1174 942 1211 quae
955 1161 977 1198 a=
987 1163 1084 1200 vobis
1099 1166 1276 1211 dependent
1286 1189 1296 1205 ,
1323 1168 1366 1201 Θ
1381 1175 1452 1211 quae
1467 1169 1519 1198 Pa
1542 1175 1594 1200 am
1606 1165 1648 1199 ad
1662 1175 1749 1200 meas
1761 1162 1924 1205 instantias
1949 1164 2124 1210 explendas
2154 1162 2249 1196 indu-

209 1220 281 1244 cere
290 1208 416 1256 poffunt
429 1235 440 1251 ,
462 1211 607 1258 persuasi
609 1211 725 1255 siamus
739 1235 749 1246 .
775 1218 866 1247 Hanc
878 1210 1042 1259 epistolam
1059 1213 1238 1260 longiorem
1251 1225 1310 1249 non
1319 1212 1409 1257 facio
1419 1237 1430 1255 ,
1456 1172 1556 1261 quapm
1567 1219 1673 1249 Deum
1686 1214 1849 1249 exorando
1864 1237 1875 1254 ,
1896 1220 1933 1247 ut
1949 1223 2007 1249 vos
2024 1214 2056 1246 in
2063 1212 2125 1256 sua
2133 1209 2251 1253 sa'ffl‘

207 1259 376 1302 conservet
387 1257 524 1300 custodia
533 1284 543 1294 .
567 1267 689 1295 Datum
703 1265 812 1296 Fontis
824 1261 995 1308 Bellaquei
1011 1263 1043 1295 6.
1059 1263 1159 1306 Junii
1176 1274 1188 1298 1
1197 1266 1236 1307 63
1245 1264 1278 1297 6.

304 1305 385 1354 Qo
397 1305 618 1355 scrupulosius
632 1309 740 1346 Roma
755 1310 920 1346 hincinde
934 1309 1078 1355 quesivit
1092 1311 1205 1347 obices
1216 1312 1254 1346 ad
1267 1312 1373 1358 Regis
1388 1311 1649 1349 nominationem
1663 1310 1864 1347 eludendam
1877 1334 1887 1350 ,
1897 1310 1940 1345 eo
1959 1306 2130 1355 potentius
2150 1316 2253 1341 econ-

211 1362 260 1390 tra
273 1366 344 1391 eam
358 1357 473 1400 preffis
488 1357 565 1392 Rex
585 1357 888 1400 Christianissimus,
902 1366 939 1394 ut
953 1369 997 1394 ex
1012 1359 1135 1397 iteratis
1148 1360 1186 1395 ad
1203 1361 1247 1395 D.
1266 1360 1504 1397 Marechallum
1522 1358 1697 1400 d’Etrees',
1724 1370 1803 1395 tunc
1817 1358 1923 1403 Regis
1937 1360 1975 1394 ad
1991 1357 2112 1401 Papam
2124 1355 2256 1389 Orato-

209 1414 280 1438 rem
293 1411 382 1447 patet
401 1403 506 1440 literis
521 1430 531 1446 ‚
560 1404 687 1441 tenoris
699 1406 864 1454 sequentis
878 1427 892 1434 -
909 1412 1126 1455 supponentes
1151 1406 1173 1443 d
1198 1413 1330 1445 Summo
1343 1409 1505 1452 Pontifice
1530 1419 1591 1459 pro
1612 1408 1693 1454 festo
1708 1408 1879 1453 'l'asc'mtl‘s
1901 1406 2087 1450 faciendam
2103 1401 2160 1448 effe
2177 1407 2254 1437 σαν·

207 1451 367 1487 dinalium
376 1455 612 1499 promotionem
635 1479 646 1495 ‚
672 1458 716 1493 Θ
726 1458 943 1504 percipientes
951 1457 1081 1504 semper
1093 1458 1199 1494 adhuc
1212 1456 1336 1499 obstare
1349 1460 1563 1494 nominationi
1575 1456 1597 1493 d
1608 1458 1701 1495 nobis
1715 1469 1748 1493 ιιι
1760 1456 1904 1500 'Persona
1917 1459 1960 1490 'P-
1972 1453 2109 1500 ‘’Josephi
2121 1451 2256 1499 Capucid

207 1500 244 1534 ni
249 1499 348 1543 fabiae
358 1524 369 1541 ‚
397 1509 435 1536 ut
448 1501 508 1537 hac
521 1504 682 1550 dignitate
695 1502 888 1552 insigniatur
904 1530 914 1546 ‚
941 1507 984 1542 Θ
997 1506 1128 1552 quidem
1142 1504 1266 1547 obstare
1280 1517 1323 1542 ex
1336 1508 1461 1543 motivo
1470 1508 1527 1551 siai
1542 1508 1673 1543 Ordinis
1688 1531 1700 1548 ‚
1723 1504 1819 1542 vobis
1825 1513 1887 1552 per
1900 1503 1993 1547 hasce
2005 1499 2249 1548 significandum

209 1547 362 1582 duximus
377 1574 387 1590 ‚
412 1551 499 1597 quod
510 1552 548 1586 de
552 1552 707 1594 servitiis
721 1577 730 1593 ,
778 1565 824 1588 uae
840 1558 881 1587 Ῥ.
898 1553 1061 1602 ‘Josephus
1075 1555 1159 1591 mihi
1168 1553 1321 1602 praestitit
1334 1579 1346 1596 ‚
1373 1559 1416 1593 Θ
1431 1566 1502 1603 quae
1514 1557 1663 1604 quotidie
1684 1557 1717 1591 in
1734 1555 1874 1601 negotiis
1883 1549 2084 1600 graviffimis
2099 1546 2252 1596 praeftare

209 1605 268 1630 non
281 1594 400 1651 ceffal'q
425 1609 495 1633 eam
508 1598 645 1636 habeam
657 1563 917 1644 satissszbiionem
936 1626 946 1642 ‚
973 1613 1110 1651 eumque
1125 1604 1311 1641 virtute&
1326 1606 1443 1640 merito
1460 1606 1510 1641 ita
1526 1604 1678 1652 insignem
1704 1601 1948 1651 recognoverim
1962 1625 1972 1641 2
2002 1606 2038 1633 ut
2054 1601 2086 1633 in
2101 1608 2170 1632 mea
2191 1607 2255 1631 ΨΟ·

209 1643 337 1700 luntate
349 1669 361 1686 ,
380 1657 454 1692 jam
476 1649 596 1683 dudum
611 1647 685 1690 fixa
713 1662 785 1685 eum
800 1649 1002 1687 cardinalem
1027 1652 1213 1688 nominandi
1223 1651 1406 1698 persistam.
1437 1655 1534 1705 Qod
1548 1663 1619 1690 tum
1636 1659 1707 1690 Suae
1720 1652 1899 1688 sanctitati
1912 1675 1922 1691 ‚
1949 1647 2022 1693 casu
2046 1657 2109 1694 quo
2123 1654 2254 1699 promo-

208 1698 328 1728 tionem
336 1694 451 1736 facere
464 1695 569 1732 vellet
579 1722 589 1737 ‚
622 1705 692 1733 tum
707 1699 929 1736 cardinalibus
943 1699 1122 1737 Barberino
1135 1704 1179 1739 Θ
1193 1703 1342 1737 Antonio
1356 1703 1389 1736 in
1402 1704 1553 1738 terminis
1572 1702 1711 1750 praecisis
1738 1712 1779 1736 ex
1803 1698 1905 1735 onetis
1915 1724 1926 1740 ,
1951 1708 2004 1733 eas
2019 1696 2254 1739 rationes‚qu1-

207 1738 268 1775 bus
283 1742 403 1779 dictum
417 1747 555 1781 Patrem
571 1747 771 1784 cardinalem
792 1748 869 1793 volo
885 1773 896 1789 ,
921 1749 1124 1796 allegantes.
1152 1754 1194 1785 Et
1215 1750 1290 1793 casia
1314 1760 1378 1798 quo
1395 1751 1560 1786 Sauc'iitas
1581 1757 1646 1787 Sua
1662 1750 1765 1795 difficu
1783 1756 1869 1784 tates
1888 1774 1898 1789 ‚
1921 1746 1993 1794 jam
2016 1740 2100 1780 alitis
2116 1742 2226 1785 fatias
2239 1763 2250 1778 2

212 1797 344 1824 movere
355 1799 474 1836 pergat
486 1816 498 1832 ,
522 1792 543 1827 d
557 1804 607 1829 me
620 1793 768 1838 absblute
781 1797 815 1830 in
826 1807 898 1831 mea
913 1797 1107 1838 resolutione
1116 1797 1203 1832 nihil
1215 1798 1455 1832 immutandum
1469 1798 1585 1843 essm&-
1600 1800 1820 1841 Personarum
1833 1795 2083 1831 nominationem
2094 1791 2134 1823 acl
2147 1790 2257 1825 mh&

210 1843 270 1870 non
289 1838 330 1870 ad
343 1840 469 1884 Papam
494 1840 626 1884 pellare
639 1843 801 1886 reponetis
812 1862 824 1879 ‚
848 1853 921 1875 cum
938 1842 996 1876 ille
1008 1853 1080 1876 eam
1093 1850 1264 1886 acceptare
1286 1842 1403 1876 debeat
1414 1865 1425 1881 ‚
1454 1843 1520 1888 post
1546 1856 1623 1878 uam
1650 1845 1786 1877 illarum
1802 1852 1906 1876 mores
1919 1840 1940 1874 d
1954 1846 2022 1872 toto
2035 1837 2155 1872 Mundo
2175 1834 2256 1876 funt

213 1884 448 1923 commendati,
473 1890 516 1921 Θ
529 1885 603 1920 zelo
617 1908 628 1924 ,
653 1889 697 1922 Θ
703 1886 800 1930 sensu
813 1909 822 1925 ,
847 1897 944 1931 quem
965 1895 1025 1932 pro
1043 1889 1209 1933 Religione
1224 1887 1386 1922 Catholica
1399 1911 1410 1927 ,
1437 1894 1513 1935 Apo
1541 1889 1625 1924 olica
1639 1912 1652 1929 ,
1675 1892 1718 1926 Θ
1733 1893 1875 1933 Romana
1892 1887 2011 1930 fovere
2033 1881 2148 1918 debent
2160 1905 2170 1920 2
2199 1893 2257 1923 ον’,

209 1937 293 1963 natae
307 1931 537 1976 dignoscuntur
555 1954 564 1966 ι
591 1937 626 1967 In
653 1933 743 1968 nullo
761 1934 876 1968 horum
896 1934 1119 1981 ‘12:⁶Josephus
1142 1936 1182 1969 de
1208 1934 1333 1977 defebiu
1353 1933 1455 1980 potest
1478 1937 1603 1981 argui,
1629 1940 1673 1974 Θ
1691 1934 1883 1979 τοηῘεὸΞανίὸ
1903 1933 2025 1979 absque
2042 1929 2174 1976 justitia
2197 1930 2250 1968 id·

205 1978 296 2054 guod
303 1979 480 2020 pet0‚mihi
493 1980 712 2022 denegaretur
727 2001 736 2011 .
763 1982 800 2012 si
817 1980 876 2012 hoc
890 1981 933 2012 ad
944 1982 1073 2012 ruinam
1087 1983 1218 2012 Ordinis
1232 1983 1381 2023 capucini
1392 1993 1554 2023 vergere,
1581 1987 1625 2018 eb*
1639 1982 1768 2026 legibus
1783 2006 1793 2020 ‚
1818 1982 1936 2027 quibus
1956 1981 2032 2023 suos
2044 1977 2066 2013 d
2079 1978 2253 2024 dignitati-

229 2032 263 2054 os
275 2021 414 2063 Ecclesiae
425 2024 574 2058 excludit
586 2046 597 2062 ,
622 2024 823 2062 contrariari
837 2024 994 2068 replicet,
1022 2022 1081 2056 hoc
1097 2033 1157 2055 non
1165 2023 1266 2067 sequi
1287 2033 1360 2056 cum
1388 2024 1535 2067 respebiu
1558 2026 1793 2071 respondebitis
1805 2050 1815 2064 ,
1843 2028 2015 2068 cumsuum
2028 2031 2176 2058 Fratrem
2194 2027 2253 2056 Can

199 2068 356 2115 pucinum
372 2092 382 2107 ‚
407 2070 575 2104 creaverit
589 2070 789 2105 cardinalem
805 2091 815 2101 .
841 2071 918 2104 Tam
932 2077 1053 2116 parum
1069 2076 1180 2104 autem
1196 2068 1255 2103 hoc
1268 2068 1310 2103 ad
1325 2070 1455 2104 Ordinis
1465 2070 1697 2117 praejudicium
1705 2071 1834 2114 fabium
1848 2071 1889 2113 est
1905 2097 1914 2111 ‚
1945 2069 2007 2117 quo
2033 2071 2156 2105 certius
2182 2069 2222 2109 esi
2240 2093 2250 2109 ,

205 2115 291 2162 quod
302 2114 398 2151 illum
414 2116 474 2152 hac
481 2117 545 2160 sua
558 2117 762 2153 authoritate
771 2115 892 2160 fhveat
905 2141 916 2157 ‚
944 2120 986 2154 Θ
998 2116 1133 2160 fbturus
1141 2115 1186 2160 sit
1197 2140 1210 2157 ,
1233 2116 1321 2152 haud
1336 2116 1437 2153 aliter
1449 2142 1459 2158 ‚
1486 2131 1524 2153 ac
1545 2123 1587 2153 Ἰ).
1602 2120 1728 2168 &osopio
1745 2122 1829 2155 idem
1844 2123 1876 2155 in
1894 2121 1952 2156 hoc
1965 2124 2071 2166 Regno
2095 2118 2249 2162 foeturas

200 2161 243 2205 esi
255 2186 264 2197 .
292 2164 328 2198 Si
340 2172 451 2199 autem
465 2162 507 2199 ab
520 2166 670 2213 Hispanis
680 2164 852 2201 abbatem
872 2170 1049 2201 ‘Perettum
1065 2167 1281 2204 nominatum,
1293 2177 1353 2200 non
1371 2174 1481 2203 tamen
1495 2165 1516 2203 a¹
1523 2168 1561 2212 se
1576 2178 1781 2216 acceptatum
1800 2174 1895 2215 ‘Papa
1906 2168 2029 2214 alleget
2044 2190 2055 2206 ,
2080 2169 2110 2201 ei
2123 2166 2251 2213 respon.

199 2211 338 2246 dendum
351 2213 428 2252 erit,
438 2212 546 2260 primo
561 2239 571 2255 ‚
586 2216 672 2262 quod
682 2218 841 2250 ‘Perettus
846 2213 891 2259 sit
902 2214 995 2249 illius
999 2212 1155 2258 subditus
1169 2240 1179 2255 ‚
1205 2214 1331 2252 &ideo
1347 2226 1420 2251 cum
1445 2229 1480 2251 eo
1486 2215 1591 2261 juxta
1602 2217 1765 2264 placitum
1791 2219 1957 2264 disponere
1975 2215 2069 2263 poffit
2093 2240 2102 2249 .
2130 2216 2163 2249 Si
2192 2215 2253 2249 hoc

199 2269 328 2307 quoque
338 2272 399 2296 non
408 2261 502 2304 foret
515 2286 526 2302 ‚
550 2263 698 2311 allegata
715 2264 802 2299 ratio
815 2265 856 2299 ad
869 2274 919 2299 me
933 2264 1111 2301 laxandum
1127 2263 1255 2305 infirma
1268 2259 1310 2302 esi
1321 2286 1332 2303 ‚
1358 2275 1430 2299 cum
1441 2265 1577 2312 Hispani
1590 2265 1629 2301 ob
1642 2269 1769 2302 motiva
1780 2266 2003 2314 particularia
2023 2289 2032 2302 ‚
2059 2262 2178 2310 quibus
2193 2273 2252 2308 ego

198 2319 260 2343 non
270 2309 388 2350 ducor,
414 2311 449 2345 id
453 2309 601 2354 faciant,
631 2315 674 2349 Θ
689 2323 763 2347 cum
781 2312 864 2348 mihi
877 2319 1039 2359 competat
1054 2313 1170 2348 titulus
1187 2311 1260 2347 Filii
1274 2311 1489 2357 primogeniti
1504 2313 1644 2360 Ecclesie
1659 2339 1669 2355 ,
1694 2317 1860 2361 praetendo
1872 2338 1883 2354 ‚
1898 2315 1985 2360 quod
1997 2318 2065 2358 Rex
2082 2312 2258 2358 Hispani-v

198 2356 283 2392 mihi
294 2380 305 2396 2
330 2359 374 2394 Θ
387 2370 447 2394 non
464 2371 522 2406 ego
538 2360 592 2396 illi
612 2372 660 2397 me
675 2359 878 2404 conformare
890 2361 1024 2396 debeam
1043 2385 1052 2395 .
1080 2362 1133 2396 A*
1147 2366 1241 2407 ‘Papa
1262 2358 1331 2405 posi
1356 2368 1406 2395 tot
1421 2359 1613 2406 reflexiones
1623 2387 1634 2403 ,
1662 2361 1826 2402 instantias
1854 2373 1941 2397 meas
1965 2359 2023 2405 esse
2050 2361 2244 2396 reiiciendas

200 2406 331 2440 credere
342 2407 456 2453 nolo‚si
466 2416 574 2444 tamen
580 2408 700 2451 firmus
715 2409 746 2444 in
756 2409 818 2453 fito
824 2410 933 2457 primo
948 2408 1072 2452 consilio
1082 2408 1449 2457 persisteret‚locumque
1462 2411 1494 2444 in
1504 2412 1707 2456 promotione
1722 2410 1910 2456 relinquere
1925 2409 2032 2444 vellet
2054 2417 2114 2455 pro
2133 2406 2248 2441 Gallia

197 2458 440 2494 vacuum‚omni
453 2456 524 2500 nisu
538 2457 726 2504 hujusmodi
730 2459 931 2506 promotioni
944 2456 1090 2500 resistetis
1101 2482 1110 2492 .
1127 2459 1161 2492 Si
1179 2459 1221 2494 Θ
1237 2463 1349 2490 contra
1359 2457 1426 2492 haec
1436 2459 1543 2493 omnia
1555 2457 1695 2493 ulterius
1703 2459 1861 2505 progredi
1875 2456 1994 2495 vellet,
2009 2457 2165 2495 ordinem,
2181 2464 2245 2500 quo

197 2502 299 2548 Romii
314 2501 407 2539 abire
417 2503 553 2546 debetis,
566 2508 599 2541 in
613 2508 828 2543 extremitate
847 2505 1048 2548 monslabitis
1062 2531 1072 2541 .
1101 2512 1192 2540 Hunc
1207 2508 1251 2542 Θ
1272 2506 1458 2540 executioni
1472 2504 1594 2541 dabitis
1600 2506 1775 2548 secedendo
1790 2510 1833 2540 ad
1845 2506 2006 2551 quandam
2026 2504 2202 2539 Civitatem
2215 2503 2250 2535 in

195 2550 313 2585 Status
324 2551 530 2597 Ecclefiasiici
544 2555 708 2591 limitibus
713 2554 873 2600 situatam
885 2579 894 2588 .
908 2558 947 2590 Si
960 2566 1032 2603 quae
1046 2566 1131 2591 nova
1144 2555 1181 2588 de
1195 2554 1253 2588 hoc
1267 2554 1399 2598 negotia
1417 2554 1737 2599 emergaat‚celerem
1753 2553 1834 2588 mihi
1850 2551 1973 2586 dabitis
1987 2552 2199 2589 notitiam&
2207 2547 2248 2590 fi,

194 2598 288 2643 quid,
298 2601 384 2646 quod
393 2610 761 2652 premat,occurrat‚pro
777 2615 862 2640 nova
877 2602 1083 2645 instructione
1097 2601 1259 2644 cursorem
1273 2598 1452 2648 expressum
1465 2603 1648 2649 expedietis
1661 2625 1671 2635 .
1691 2605 1759 2636 ‘Pro
1768 2599 1833 2642 fine
1848 2599 2037 2635 litterarum
2053 2599 2145 2636 addo,
2159 2596 2246 2643 quod

200 2650 294 2693 Papa
304 2648 430 2691 fi’rtids
445 2661 496 2686 me
503 2650 568 2696 fibi
584 2652 732 2701 obligare
742 2663 802 2688 non
812 2652 906 2701 poffit
917 2676 927 2692 ,
943 2650 1042 2700 qudm
1055 2653 1089 2686 id
1101 2675 1110 2690 ,
1123 2650 1207 2696 quod
1219 2646 1240 2682 d
1250 2660 1299 2684 me
1309 2658 1371 2695 pro
1388 2654 1429 2683 Ῥ.
1443 2651 1584 2697 Josepho
1597 2651 1737 2698 petitur,
1754 2649 1946 2684 concedendo
1959 2670 1970 2681 .
1998 2649 2076 2693 Nec
2088 2657 2147 2681 vos
2161 2643 2244 2678 mihi·

195 2695 302 2740 majus
311 2697 472 2744 placitum
484 2699 636 2747 praesiare
645 2702 802 2749 poteritis
813 2725 824 2741 ,
847 2698 948 2748 qudm
961 2713 998 2735 ea
1009 2725 1018 2740 ‚
1028 2711 1098 2748 quae
1114 2697 1135 2733 d
1146 2695 1239 2734 vobis
1254 2698 1443 2742 dependent,
1457 2701 1498 2733 ad
1512 2699 1595 2734 hunc
1600 2697 1699 2740 finem
1713 2698 1931 2743 impendendo:
1945 2704 2005 2742 pro
2022 2694 2081 2729 hoc
2095 2702 2242 2729 omnem

196 2753 302 2779 meam
314 2747 554 2784 authoritatem
568 2749 769 2784 adhibebitis
785 2752 829 2786 Θ
843 2758 881 2784 ut
896 2749 1080 2784 Cardinales
1095 2745 1305 2784 Barberinus,
1316 2747 1359 2781 Θ
1377 2748 1543 2781 Antonius
1560 2748 1602 2781 ad
1615 2747 1697 2781 hanc
1709 2746 1866 2780 actionem
1881 2756 1929 2783 eo,
1942 2746 2001 2791 qui
2013 2753 2063 2777 me
2076 2738 2244 2793 pellibus-

187 2790 283 2832 seila
298 2796 678 2836 concurrant,curabitis.
693 2802 757 2831 Hos
764 2805 826 2842 pro
836 2804 934 2842 parte
944 2806 1015 2831 mea
1025 2792 1298 2842 conjurabttis‚&
1307 2791 1406 2841 qudm
1413 2802 1517 2842 grata
1530 2795 1611 2840 mihi
1615 2793 1680 2838 sint
1682 2794 1803 2839 futura
1816 2791 1951 2830 illorum
1961 2785 2241 2836 officia,nuntiab19

192 2838 249 2880 tis3
265 2841 308 2874 ad
320 2851 391 2886 quae
404 2847 510 2878 Deum
519 2852 636 2890 precor
645 2847 718 2882 Θε.
735 2843 895 2890 Danguet
911 2854 924 2879 1
934 2855 964 2878 2.
978 2849 1083 2880 Mart.
1097 2846 1158 2889 163
1166 2855 1200 2890 7.
2116 2883 2123 2890 Ι

290 2887 345 2923 De
360 2889 452 2933 pileo
464 2892 572 2927 rubeo
587 2892 731 2936 Iosepho
746 2891 954 2938 imponendo
969 2916 978 2931 ,
994 2892 1075 2930 dum
1090 2901 1155 2929 tam
1171 2892 1312 2929 solerter
1324 2890 1408 2929 ultra
1422 2893 1506 2928 duos
1521 2894 1586 2932 iam
1599 2903 1704 2928 annos
1717 2899 1803 2926 terra
1815 2889 1887 2936 egit
1899 2913 1909 2929 ‚
1930 2886 2061 2923 Coelum
2078 2883 2239 2920 Diadema

192 2935 229 2971 ὃ(
240 2947 401 2972 eoronam
416 2938 534 2984 gloriae
545 2952 608 2986 pro
620 2939 691 2985 ipso
699 2945 916 2987 praeparavit.
944 2941 1135 2986 Apoplexia
1158 2942 1245 2977 enim
1260 2966 1270 2982 ‚
1292 2939 1431 2988 paralysi
1444 2941 1581 2975 formata
1596 2962 1608 2979 ,
1633 2942 1698 2985 qua
1708 2939 1871 2982 Josephus
1888 2935 1994 2970 taetus
2008 2934 2113 2969 fuerat
2127 2956 2137 2971 ‚
2150 2944 2239 2986 uon·

191 2985 251 3020 nisi
266 2997 392 3030 paucos
408 2989 482 3024 vitae
493 2989 561 3024 dies
573 2990 603 3026 ei
615 2989 782 3034 superesse
795 2989 973 3037 presagiim
996 2989 1073 3027 hinc
1088 2992 1122 3027 &
1138 2991 1216 3026 Rex
1229 3014 1240 3031 ,
1267 3000 1308 3025 ne
1325 2988 1559 3025 nominationis
1583 2988 1636 3032 sue
1658 2987 1768 3022 locum
1785 2984 1842 3020 vel
1862 2983 2017 3029 perderet
2032 3006 2043 3023 ,
2063 2979 2125 3036 ⁸vel
2150 2978 2235 3014 illius

191 3033 320 3071 decore
334 3043 398 3071 tam
411 3037 561 3083 cito-non
580 3039 770 3084 privaretur
784 3062 794 3079 ‚
808 3051 879 3074 eam
895 3051 958 3085 per
969 3036 1112 3074 celerem
1128 3038 1302 3075 cursorem
1319 3038 1473 3075 formiter
1486 3035 1634 3071 revocari
1645 3036 1781 3074 dolente
1794 3032 1905 3067 animo
1919 3031 2108 3066 mandavit.
2137 3027 2237 3083 Reas-

190 3081 319 3127 sumpsit
329 3081 490 3131 Josephus
505 3087 642 3133 quidem
656 3087 816 3123 nonnulla
834 3087 919 3135 Aule
933 3112 943 3128 ,
967 3086 1108 3134 Ecclesie
1119 3088 1154 3123 δι
1168 3087 1306 3123 Ordinis
1321 3086 1367 3120 sui
1382 3085 1528 3122 Calvarii
1544 3097 1577 3118 n<
1586 3083 1678 3130 gotia
1694 3106 1704 3123 2
1729 3092 1804 3134 cum
1827 3085 1934 3115 amem
1958 3086 2088 3122 tempus
2103 3076 2159 3123 su?
2172 3087 2234 3131 '¹¹¹7

192 3132 386 3168 mutationis
402 3133 547 3171 vicinum
564 3148 607 3172 ex
626 3134 700 3182 ipfis
713 3160 722 3176 ‚
744 3147 810 3183 que
827 3137 858 3172 in
872 3137 943 3172 dies
960 3135 1188 3176 declinabant,
1204 3135 1360 3181 senioque
1373 3134 1519 3170 fatiscere
1531 3131 1727 3175 incipiebant
1738 3130 1886 3168 ,viribus
1901 3128 1995 3162 nosce
2003 3134 2072 3166 ret,
2083 3174 2089 3182 ·
2101 3125 2231 3160 Domui

191 3178 246 3225 sue
258 3190 326 3224 pro
339 3180 427 3219 felici
440 3185 616 3229 eternitate
632 3183 847 3230 dispositurus
859 3210 870 3226 ,
895 3186 934 3221 ad
952 3186 1169 3221 Conventum
1186 3184 1310 3220 secessit
1327 3204 1337 3214 -
1365 3185 1509 3218 Vocatus
1536 3179 1631 3216 semel
1657 3179 1701 3213 ob
1723 3177 1846 3232 summe
1872 3176 2111 3230 con-segnem&
2125 3184 2228 3228 ΝΞΟ·

192 3227 272 3263 tium
287 3229 446 3266 Ruelium
466 3257 477 3273 ,
503 3233 558 3269 ubi
572 3232 781 3276 cardinales,
795 3233 947 3271 Minister
962 3235 998 3270 &
1014 3233 1147 3269 Bichius
1162 3244 1240 3268 eum
1255 3231 1492 3276 expectabant,
1516 3229 1696 3272 habitoque
1711 3238 1787 3261 cum
1804 3227 1841 3262 ¹1⁸
1855 3224 2014 3268 longfflre
2030 3223 2229 3275 <0¹¹0q¹³¹03

191 3287 286 3312 novo
301 3279 479 3327 apoplexie
505 3283 591 3317 taeiu
603 3307 615 3324 ,
642 3291 768 3318 motum
795 3284 895 3319 medii
920 3282 1074 3328 corporis
1096 3293 1172 3318 cum
1204 3281 1355 3316 sensuum
1379 3278 1434 3313 usu
1458 3276 1624 3323 perdidit.
1653 3275 1767 3315 Nihil,
1794 3275 1885 3320 quod
1901 3284 2025 3314 aegrum
2039 3271 2092 3326 'vel
2112 3270 2226 3324 solari,

190 3323 245 3359 vel
260 3327 378 3367 iuvare
393 3338 528 3374 poterat
543 3355 554 3372 ‚
580 3331 640 3367 fuit
652 3331 805 3369 omissum
816 3347 825 3365 =
852 3332 1097 3368 Sacramentum
1118 3329 1282 3366 unfflonis
1295 3329 1324 3363 ei
1339 3328 1441 3362 subito
1456 3324 1595 3365 allatum,
1609 3325 1647 3359 ab
1662 3333 1835 3359 accurente
1849 3320 2059 3375 P-Genssralh
2075 3331 2133 3373 qu}
2147 3326 2225 3371 tunc

193 3370 322 3410 Parisiis
335 3377 548 3415 cundabatur
559 3405 569 3420 ,
595 3381 690 3427 signo
708 3381 922 3417 contritionis
939 3391 1000 3424 per
1016 3380 1150 3415 iteratas
1171 3377 1318 3423 pectoris
1333 3375 1498 3411 tunsiones
1512 3373 1711 3419 precedente
1722 3371 1796 3406 data
1813 3395 1823 3411 ,
1847 3371 1882 3406 &
1896 3379 2004 3424 oratio
2018 3367 2224 3422 999⁰l¹l¹¹¹²c

194 3418 268 3456 inde
283 3421 314 3459 in
334 3425 484 3462 Ecclefiis
500 3427 618 3465 indicia
631 3453 641 3463 .
667 3428 750 3464 Eum
765 3441 839 3465 cum
856 3427 1009 3475 lacrymis
1024 3429 1150 3463 accessit
1165 3423 1347 3463 Cardinalis
1361 3422 1465 3470 sepius
1479 3447 1490 3462 ‚
1516 3421 1638 3457 Medici
1654 3420 1822 3456 astiterunt
1837 3418 2001 3454 continuo
2016 3441 2028 3469 q,
2054 3419 2160 3449 invisit
2174 3414 2219 3466 ¹&

195 3466 371 3517 ipsumipse
383 3475 489 3520 Regis
503 3476 618 3512 Frater
636 3503 646 3518 ‚
668 3479 748 3513 Dux
763 3476 1033 3513 Aurelianensis:
1059 3478 1093 3512 &
1114 3476 1266 3523 quamvis
1280 3499 1290 3515 ‚
1316 3473 1370 3519 qui
1394 3483 1454 3516 per
1468 3469 1596 3505 virtutis
1625 3468 1751 3503 semitas
1777 3469 1909 3521 semper.
1924 3466 2097 3501 incesserat
2112 3486 2122 3500 ,
2148 3471 2220 3494 vias

192 3518 311 3552 mortis
324 3521 440 3558 timere
454 3536 521 3559 non
536 3525 702 3562 debuisset
715 3551 724 3566 ,
752 3527 836 3562 haud
852 3537 969 3571 parum
982 3533 1087 3560 tamen
1102 3534 1178 3559 eum
1192 3525 1299 3568 dande
1315 3521 1446 3557 rationis
1461 3518 1649 3555 recordatio
1676 3529 1750 3552 cum
1761 3516 1794 3551 S.
1805 3515 1978 3550 Hilarione
1992 3512 2118 3564 Abbate
2134 3519 2218 3543 con.

191 3565 339 3607 turbavit
351 3593 362 3609 2
387 3571 462 3608 hinc
473 3574 508 3610 ἃ
522 3575 691 3610 crebriore
706 3575 848 3618 suspirio
862 3577 940 3611 dare
952 3575 1095 3611 raionem
1110 3572 1323 3618 ingeminavit
1340 3570 1440 3615 usque
1457 3568 1495 3601 ad
1514 3568 1566 3602 18.
1576 3564 1772 3602 Decembris
1788 3565 1890 3607 1638.
1901 3572 1968 3613 quo
1979 3558 2084 3593 oculis
2100 3569 2128 3590 in
2143 3555 2218 3610 pla·-

191 3613 301 3651 :idum
313 3616 460 3654 somnum
473 3624 663 3667 compositis
676 3648 686 3664 ‚
711 3624 921 3661 obdormivit
935 3623 965 3659 in
976 3621 1128 3659 Domino
1140 3644 1149 3654 .
1177 3620 1334 3655 Cadaver
1351 3616 1469 3662 Ruelio
1481 3614 1522 3649 ad
1535 3615 1750 3650 Conventum
1763 3614 1796 3648 S.
1806 3611 1989 3664 Honorati,
2016 3615 2085 3640 tota
2094 3605 2214 3659 Cardi-

191 3661 272 3699 nafis
283 3664 420 3702 Ministri
433 3666 520 3702 Aula
532 3672 710 3708 eomitante
725 3673 947 3709 transvettum
960 3696 971 3713 ‚
998 3669 1131 3716 postero
1149 3669 1204 3703 die
1218 3668 1248 3703 in
1262 3666 1398 3702 Ecclesia
1412 3663 1585 3699 confluenti
1600 3664 1707 3698 omnis
1719 3660 1920 3714 conditionis
1933 3653 2064 3707 populo
2077 3652 2138 3687 fuit
2149 3663 2212 3687 ex·

192 3712 336 3755 pofitum
352 3738 364 3755 2
390 3728 427 3752 ac
442 3718 480 3752 ad
498 3715 579 3752 latus
593 3720 647 3755 Fr.
658 3719 782 3766 Angeli
797 3723 815 3756 a
829 3721 941 3764 Jojosa
957 3732 990 3766 p.
1005 3731 1047 3754 m.
1070 3718 1240 3754 reservato
1265 3716 1356 3760 prius
1376 3725 1439 3758 pro
1454 3711 1655 3746 Monialibus
1668 3710 1812 3745 Calvarii
1834 3707 1936 3740 corde
1951 3727 1962 3742 ‚
1987 3703 2189 3738 inhumatum
2200 3724 2210 3733 ·

189 3758 352 3810 Exequias
373 3764 558 3804 cardinalis
579 3766 730 3805 Minister
746 3794 757 3811 ,
782 3770 925 3818 publicas
945 3771 980 3808 δι
1001 3778 1078 3814 sas,
1102 3778 1166 3817 que
1186 3765 1264 3802 alias
1276 3765 1309 3800 S·
1322 3762 1408 3812 Refi·
1419 3759 1655 3831 C²rd122¹ssbus
1676 3756 1827 3803 ¹P²⁶i²¹e⁵
1853 3752 1924 3788 ¹³¹⁰*
1938 3776 1951 3796 ²
1975 3763 1996 3798 ¹³
2000 3753 2092 3835 ἷξε
2095 3749 2187 3831 gift
2189 3759 2210 3781 ⁰
