2592 4094
957 233 1541 350 :.Tolosana.
2016 279 2187 363 203:

215 371 471 442 ‚disciplinae
490 373 636 426 studio
651 377 799 426 alleffl
815 411 841 434 ,.
856 375 1132 428 nostratibus
1158 379 1200 427 se
1216 386 1498 442 junxerunt,
1524 383 1586 432 ita
1602 416 1629 440 ,›
1652 379 1901 433 utillorum
1925 387 2182 451 Superiores
2199 390 2243 438 se

229 442 285 493 ab
299 445 510 494 omnibus
526 482 541 504 ,
577 446 699 514 quali
717 446 858 496 deseri
877 448 1076 496 videntes
1095 484 1110 504 ,
1128 450 1184 496 de
1202 455 1396 499 Decreto
1414 455 1680 502 Parlamenti
1696 490 1711 511 ,
1746 471 1834 520 quo
1861 452 1948 503 suis
1977 455 2032 502 ad
2049 459 2242 522 Capuci-

223 531 308 566 nos
339 514 546 565 tranfitus
570 517 911 566 interdiceretur
925 551 941 573 ,
970 515 1056 565 ‘fibi
1075 521 1301 583 provideri
1321 520 1530 571 instarent
1547 558 1559 571 .
1595 524 1740 573 Αυὲὶᾶ
1756 524 1858 572 inde
1878 525 2126 594 Religionis
2147 541 2242 590 pro-

223 584 267 633 le
285 619 302 642 ,
329 583 378 635 <St
392 584 622 635 domicilia
643 588 798 656 augeri
817 583 1041 635 neceffum
1061 603 1186 646 erat;
1219 589 1408 658 benigne
1428 610 1607 659 quoquc
1630 597 1860 645 Henricus
1886 597 2249 645 Montmorancii

223 657 336 703 Dux
352 689 368 712 ,
393 653 442 705 δε
458 658 705 706 Occitaniae
725 660 840 707 Pro·
855 661 956 706 Rex
983 655 1167 706 confilio
1183 659 1360 709 accefl'it
1374 696 1389 717 ,
1415 661 1526 710 dum
1542 666 1587 710 in
1604 665 1882 713 Civitatibus
1897 663 2143 714 Beterrenfi
2157 697 2173 720 ,
2194 662 2245 726 ὃς

220 726 273 773 S.
291 726 485 794 Agathae
502 731 675 777 Domos
695 726 888 777 construi
903 726 1118 776 conceffit
1131 763 1146 785 ,
1176 745 1227 776 ac
1245 728 1474 794 utriusque
1490 729 1704 781 fabricam
1721 734 1893 784 liberali
1908 734 2125 802 stipendio
2143 750 2244 781 coa-

220 794 371 855 djuvit
388 831 400 844 .
433 794 660 863 Subsequa
685 799 868 847 tandem
886 796 1108 846 Albienfis
1123 796 1396 848 Conventus
1410 797 1636 858 fundati0,
1654 806 1703 851 P.
1718 803 2085 855 Commiffarium
2112 803 2244 854 indu·

220 865 291 912 xit
305 899 321 922 ,
353 878 404 914 ut
426 867 627 933 primum
642 870 910 934 Capitulum
932 902 949 924 ,
978 869 1023 915 in
1037 884 1126 932 quo
1148 868 1340 916 Vocales
1356 869 1413 917 ad
1433 871 1700 935 Capitulum
1717 875 1938 922 Generale
1961 878 2064 924 anni
2093 894 2111 924 r
2128 876 2244 938 587.

220 936 522 1003 eligerentur,
553 947 850 985 convocaret.
868 937 1052 1003 AEgriiis
1069 937 1249 1003 quidem
1263 938 1423 987 Praeses
1458 942 1691 990 Durantus
1717 940 1971 1010 negleRum
1994 950 2243 994 Decretum

218 1000 351 1070 supra
368 1001 507 1052 fatum
529 1038 544 1060 ,
568 1004 624 1055 ὅ(
640 1005 697 1052 ad
718 1010 775 1053 R.
795 1009 846 1054 P.
865 1003 1225 1056 Observantium
1241 1005 1444 1056 favorem
1475 1026 1730 1059 emanatum
1752 1013 1858 1060 tulit
1875 1048 1891 1069 ,
1907 1017 2166 1063 conciliavit
2179 1028 2246 1062 ta-

216 1089 322 1120 men
342 1070 475 1139 ipfius
493 1074 695 1122 animum
717 1075 908 1124 charitas
923 1076 949 1123 ὲ
965 1077 1198 1127 Fratribus
1216 1078 1410 1126 exhibita
1425 1114 1439 1136 ,
1469 1078 1579 1127 dum
1598 1079 1757 1130 saevior
1772 1081 1898 1149 pestis
1914 1084 2131 1132 Tolosam
2145 1085 2244 1150 agi·-

210 1141 405 1200 tavit,&
425 1143 637 1209 ii,quibus
650 1145 903 1212 opitulandi
916 1163 1021 1194 cura
1036 1146 1083 1197 ὃ(
1097 1146 1303 1195 debitum
1321 1147 1803 1206 inhaeserat,turmatim
1820 1155 1978 1202 mortis
1992 1155 2244 1219 periculum

213 1212 448 1261 vitdrunt:
490 1218 668 1264 Fratres
681 1217 800 1264 enim
815 1214 950 1264 nostri
968 1216 1026 1266 ad
1042 1214 1238 1268 solamen
1259 1216 1484 1285 spirituale
1500 1217 1647 1268 felesti
1663 1255 1676 1278 ,
1714 1221 1759 1271 8(
1780 1222 1997 1271 charitate
2015 1258 2030 1280 ,
2066 1241 2162 1289 quae
2181 1220 2246 1269 fo-

217 1282 288 1331 ras
302 1283 448 1332 mittit
465 1285 677 1334 timorem
693 1321 708 1343 ,
747 1288 962 1345 animati,
998 1304 1075 1354 per
1093 1289 1216 1336 vicos
1230 1286 1277 1339 ὃ(
1294 1290 1461 1354 plateas
1479 1287 1794 1347 discurrentes,
1812 1290 1853 1338 se
1870 1292 2077 1340 omnibus
2092 1293 2245 1340 omnia

212 1350 452 1411 fecerunt,
487 1356 549 1403 ita
573 1370 625 1404 ut
641 1355 858 1407 Tolosani
895 1374 971 1406 eos
997 1357 1053 1406 ad
1084 1362 1379 1409 Conventum
1401 1359 1584 1409 reduces
1600 1396 1613 1418 ,
1650 1378 1732 1409 ceu
1759 1362 1986 1408 charitatis
2011 1362 2245 1426 triumpho

211 1422 410 1472 celebres
425 1458 441 1481 ,
479 1426 524 1473 in
545 1424 680 1476 effusa
695 1428 945 1495 gratiarum
972 1429 1146 1477 afflone
1167 1432 1446 1496 receperint,
1483 1430 1529 1481 ὅ(
1549 1429 1693 1498 sparsa
1719 1429 1837 1479 fama
1859 1429 1906 1480 ἃ
1924 1431 2020 1478 aliis
2035 1431 2249 1484 Civitati7

207 1490 296 1540 bus
315 1491 551 1543 confilium
565 1494 782 1546 fundandi
800 1501 1068 1548 Conventus
1085 1499 1326 1548 <lustraverit
1341 1535 1354 1547 .
1392 1500 1580 1562 objecit
1598 1501 1783 1567 quidem
1816 1499 1857 1548 se
1876 1497 2124 1568 progressui
2144 1501 2249 1550 Cal-

205 1562 478 1612 -vinistarum
497 1567 642 1624 livor,
677 1567 739 1615 ita
761 1568 946 1633 quidem
966 1603 982 1626 ,
1014 1584 1064 1618 ut
1086 1587 1175 1618 non
1204 1568 1352 1619 solum
1386 1572 1429 1618 in
1445 1574 1642 1622 Civitate
1657 1572 1835 1621 Montis
1857 1569 2072 1620 Peffulani
2100 1568 2245 1638 vulgo

209 1630 510 1699 Montpellier
526 1671 542 1693 ,
573 1639 781 1704 plantatae
799 1639 965 1688 Crucis
997 1644 1310 1689 caeremoniam
1331 1676 1346 1698 ,
1360 1655 1697 1695 tormentorum
1727 1640 1982 1708 explofione
2002 1640 2215 1691 turbares
2228 1674 2245 1697 ‚

207 1705 505 1770 Crucemque
535 1707 732 1756 erestam
761 1709 899 1758 noftu
928 1707 1149 1759 abducere
1174 1709 1507 1776 praesumpserit
1533 1748 1549 1769 ,
1585 1711 1634 1761 ὅ(
1665 1710 1937 1760 constantem
1961 1711 2082 1760 Petri
2105 1713 2245 1757 Feno,

209 1773 344 1821 ¹villet
363 1773 573 1839 Episcopi
587 1779 790 1823 animum
806 1777 831 1824 ὃ,
844 1776 1114 1825 fundationis
1132 1778 1613 1843 propofito,blanditiis
1627 1779 1749 1844 aeque
1768 1799 1820 1828 ac
1841 1781 1975 1827 minis
1993 1777 2246 1831 abducere-2

207 1848 237 1902 ·(
250 1839 410 1889 frustra
424 1841 563 1902 licet)
580 1842 806 1911 sategerit,
817 1845 978 1893 verum
995 1848 1129 1893 etiam
1147 1846 1325 1894 easdem
1349 1850 1485 1895 vexas
1506 1850 1549 1894 in
1570 1862 1698 1913 cepta
1712 1849 1938 1904 Milliarii,
1956 1845 2004 1897 ὅ(
2020 1846 2245 1895 Miffionis

213 1907 430 1961 Lunensis
447 1909 536 1961 διο.
569 1909 736 1961 fabrica
753 1915 1007 1971 renovdrit,
1046 1914 1093 1965 8(
1111 1914 1165 1963 de
1195 1913 1459 1974 insultibus,
1495 1918 1540 1965 in
1567 1914 1831 1966 fundatione
1851 1915 2119 1966 Granatenfi
2146 1934 2246 1982 pro·

213 1978 387 2029 cesserit
417 1980 473 2029 ad
502 1979 619 2030 fasta
649 1984 874 2032 violentiae
889 2018 904 2040 ,
943 1983 1031 2048 quai
1062 1989 1242 2034 Fratres
1272 1984 1484 2053 sacrilega
1511 2005 1645 2034 manu
1672 1987 1727 2034 de
1758 1991 2007 2036 Conventu
2038 1987 2244 2043 eductos,

211 2050 382 2098 diutius
396 2052 564 2096 carceri
584 2052 858 2113 mancipavit
875 2083 889 2104 ‚
928 2049 974 2097 ἅ
989 2052 1168 2097 tandem
1195 2069 1250 2097 ex
1279 2054 1406 2102 Urbe
1423 2058 1597 2118 expulit
1613 2088 1629 2108 ,
1665 2057 2074 2119 Qemadmodum
2092 2071 2246 2104 tamen

210 2114 447 2167 confilium
464 2132 553 2165 non
568 2116 629 2164 est
645 2130 804 2164 contra
818 2118 1069 2165 Dominum
1084 2152 1099 2174 ,
1136 2117 1184 2167 <St
1208 2134 1323 2165 vana
1347 2116 1449 2167 sunt
1473 2121 1660 2168 humani
1682 2120 1844 2171 furoris
1865 2124 2099 2170 molimina
2115 2157 2131 2180 ,
2168 2124 2246 2175 ubi

174 2193 176 2195 ’
196 2189 408 2256 >potentia
420 2187 630 2244 Domini,
643 2185 870 2254 proposita
899 2189 1077 2254 pietatis
1102 2185 1301 2236 suffulcit
1318 2223 1334 2245 ,
1369 2190 1430 2237 ita
1444 2187 1566 2239 stetit
1580 2192 1625 2240 in
1645 2193 1796 2239 virore
1815 2194 2037 2259 Capucini
2054 2194 2248 2242 nominis

197 2258 294 2308 *flos
315 2294 330 2316 ,
369 2256 416 2307 ὅ(
432 2259 631 2305 excrevit
663 2259 706 2304 in
724 2259 1009 2306 Provinciam
1041 2256 1359 2324 conspicuam,
1398 2276 1451 2307 ex
1474 2264 1724 2325 Aquitaniae
1742 2261 1789 2311 <Sc
1805 2260 1984 2311 Tolosae
2001 2265 2247 2321 conventi:

200 2329 313 2385 bus,
332 2329 393 2376 ita
408 2324 557 2392 ample
576 2325 870 2392 compofitam
885 2362 901 2384 ,
918 2342 969 2376 ut
996 2344 1112 2375 anno
1142 2337 1289 2388 1640.
1316 2346 1388 2376 eas
1418 2330 1462 2377 in
1494 2330 1721 2379 distinffiias
1737 2332 1994 2380 Provincias
2009 2334 2123 2400 erigi
2138 2344 2245 2383 coni

197 2396 387 2446 clusum
402 2392 538 2444 fuerit
553 2430 567 2451 ,
605 2396 752 2462 primai
771 2411 969 2462 etymon
992 2398 1248 2462 Aquitaniae
1264 2394 1507 2447 affumente
1525 2433 1541 2456 ,
1578 2397 1626 2448 ὃς
1650 2398 1790 2448 altera
1804 2399 2060 2457 Tolosan'ae,
2071 2418 2125 2450 ex
2152 2405 2242 2467 pri·

198 2469 277 2517 mi
293 2463 564 2518 Conventus
578 2464 837 2515 fundatione
859 2502 873 2525 ,
894 2469 1109 2516 retinente
1126 2503 1140 2516 .

347 2537 703 2599 Gloriam-hujus
735 2554 822 2586 non
839 2555 1000 2603 parum
1018 2536 1179 2603 probat
1204 2533 1372 2584 altefati
1392 2533 1664 2586 sereniffimi
1678 2537 1867 2588 Henrici
1883 2539 2245 2589 Montmorancii

209 2606 354 2654 Ducis
373 2641 388 2664 ,
426 2606 563 2672 primi
582 2609 792 2664 Baronis,
827 2610 948 2656 Paris
967 2644 980 2665 ‚
1019 2607 1284 2655 Marechalli
1304 2639 1318 2661 ,
1355 2603 1403 2654 δε
1420 2608 1617 2654 Comitis
1636 2606 1816 2655 Stabilis
1835 2608 2031 2655 Franciae
2049 2642 2064 2664 ,
2103 2609 2243 2658 Ordi-

207 2677 273 2722 nis
290 2680 336 2726 S.
356 2673 547 2743 Spiriti'is
569 2678 768 2742 Equitis,
808 2678 1060 2726 Occitaniae
1077 2675 1408 2724 Gubernatoris
1424 2709 1439 2732 ,
1478 2678 1676 2725 Comitis
1695 2678 2001 2725 Dammartini
2026 2676 2117 2726 ἃς.
2142 2680 2241 2742 pius

196 2745 262 2792 'ad
283 2749 462 2794 Fratres
482 2745 654 2800 nostros
678 2746 864 2796 recessus
884 2782 898 2803 ,
933 2744 1199 2811 consumpta
1218 2743 1295 2792 sub
1315 2762 1473 2795 eorum
1489 2746 1738 2795 direffionc
1759 2748 1880 2803 vita,
1917 2745 1965 2796 ὃ(
1984 2744 2142 2795 selesta
2157 2748 2242 2799 in...

191 2814 466 2862 -concredita
485 2817 538 2873 iis
553 2814 752 2864 Ecclefia
773 2816 1002 2864 cadaveris
1022 2813 1084 2863 sui
1102 2813 1451 2881 sepultura:cum
1471 2817 1588 2863 enim
1602 2818 1674 2863 hic
1691 2818 1896 2865 aeviterni
1913 2818 2105 2864 nominis
2120 2818 2244 2865 Prin·

206 2900 309 2949 ceps
328 2884 422 2932 dies
450 2885 656 2950 antiquos
674 2920 688 2941 ‚
716 2886 760 2931 in
778 2885 936 2951 quibus
951 2883 1212 2934 Christiana:
1231 2886 1405 2951 pietatis
1425 2887 1658 2952 principia,
1683 2885 1900 2935 liberioris
1927 2888 2031 2934 vitae
2049 2888 2240 2943 ratione,

206 2954 321 3001 inter
342 2954 494 3022 Regiae
515 2955 646 3003 Aulae
661 2951 890 3021 obsequia,
916 2956 1180 3021 variumque
1193 2951 1384 3004 fortunae
1400 2953 1550 3002 lusum
1580 2973 1666 3003 non
1682 2973 1840 3021 parum
1862 2957 2105 3012 laxaverat,
2126 2953 2239 3006 serio

205 3025 359 3072 animo
376 3022 686 3090 recogitasset,
719 3022 766 3073 ὅ(
784 3031 925 3074 annos
953 3041 1139 3074 aeternos
1168 3027 1211 3073 in
1239 3043 1357 3073 canae
1382 3027 1523 3074 aetatis
1550 3039 1698 3072 mente
1718 3022 1962 3080 habuisset,
1994 3026 2235 3074 authorita-

207 3107 298 3142 tem
319 3098 530 3161 potentiae
562 3095 742 3160 privato
772 3097 852 3143 lari
885 3095 1146 3162 postponere
1163 3131 1178 3152 ,
1209 3096 1457 3145 tumultum
1478 3097 1608 3143 Aulae
1634 3091 1851 3160 generoso
1866 3092 2039 3143 fastidio
2058 3096 2204 3142 vitare
2219 3130 2235 3152 ‚

206 3180 258 3212 ac
275 3165 320 3211 in
346 3168 502 3213 Domo
517 3198 531 3220 ,
566 3159 823 3231 intrasepta
843 3162 1110 3216 Conventi'is
1130 3170 1175 3214 S.
1193 3167 1384 3233 Agathae
1410 3163 1687 3220 construRa,
1716 3162 1762 3213 (St
1778 3165 1954 3215 Sacello
1986 3167 2039 3212 B.
2055 3168 2116 3213 V.
2133 3168 2234 3213 Ma-

203 3233 281 3282 tiae
299 3233 359 3283 de
373 3233 535 3283 Gradu
555 3236 722 3296 vicina,
733 3237 855 3283 diem
873 3236 1031 3284 mortis
1045 3237 1209 3303 operiri
1227 3236 1380 3284 statuit
1401 3270 1412 3282 .
1429 3238 1579 3299 Capto
1607 3234 1650 3281 in
1682 3233 1767 3282 hoc
1785 3235 2002 3291 incolatu,
2018 3248 2227 3302 peccata„

206 3299 283 3350 sua
298 3301 599 3369 eleemosynis
616 3339 631 3361 ,
661 3306 930 3371 pauperibus
950 3308 1131 3374 largiter
1150 3324 1226 3373 per
1243 3305 1502 3355 codicillum
1528 3302 1773 3372 affignatis,
1790 3303 2007 3353 redimere
2023 3339 2039 3361 ,
2068 3303 2233 3353 damna

206 3370 413 3420 Ecclefii's
427 3376 568 3429 illata,
583 3391 666 3422 aere
686 3391 764 3441 per
781 3380 1025 3425 Summum
1045 3374 1306 3427 Pontificem
1322 3373 1520 3422 taxando
1539 3373 1828 3439 compensare
1845 3409 1862 3432 ,
1890 3372 1938 3424 ὅ(
1964 3371 2233 3422 confeffione

207 3442 404 3506 generali
420 3441 742 3492 conscientiam
758 3480 774 3502 ,
802 3463 884 3512 pro
900 3451 1024 3507 cujus
1042 3448 1243 3494 examine
1255 3445 1409 3494 dietim
1424 3443 1533 3492 duas
1551 3443 1834 3509 impendebat
1850 3445 1980 3492 horas
1996 3478 2011 3499 ,
2038 3448 2230 3508 purgare

188 3511 367 3576 -coepit,
382 3513 728 3580 P.'Archangelo
746 3518 1027 3565 Provinciale
1043 3518 1086 3563 in
1106 3513 1467 3570 Direelorem,&
1489 3530 1638 3561 rerum
1655 3512 1873 3563 arbitrum
1895 3511 2163 3566 constituto,
2180 3510 2228 3561 ἆ

207 3595 340 3629 more
369 3577 540 3629 sacram
571 3579 777 3648 synaxim
807 3585 961 3635 diebus
987 3585 1224 3635 dominicis
1254 3584 1456 3634 sumendi
1487 3600 1575 3630 non
1613 3585 1804 3649 amplius
1831 3586 2085 3646 interrupto
2117 3614 2132 3636 ,
2160 3577 2228 3629 us·

208 3649 411 3716 quedum
431 3651 617 3700 ultimus
636 3654 738 3701 vitae
755 3653 847 3703 dies
863 3691 878 3712 ,
910 3673 999 3721 quo
1019 3658 1131 3703 inter
1151 3658 1199 3703 P.
1214 3654 1487 3720 Archangeli
1503 3669 1660 3701 manus
1672 3654 1869 3702 animam
1886 3649 2138 3706 exhalavit,
2172 3651 2224 3698 il-

204 3721 385 3770 luxerat
400 3755 413 3770 .
442 3724 676 3769 Amorem
694 3757 709 3779 ‚
735 3740 824 3787 quo
839 3727 971 3775 vivus
985 3729 1162 3774 Fratres
1177 3723 1239 3772 est
1255 3721 1513 3790 prosecutus
1529 3756 1544 3778 ,
1573 3738 1783 3771 mortuus
1803 3719 1950 3770 secum
1970 3721 2223 3787 portavitin

204 3804 375 3840 terram
403 3807 512 3840 cum
541 3808 699 3847 eorum
728 3793 934 3852 Habitu,
969 3813 1058 3862 quo
1092 3797 1135 3842 in
1171 3793 1381 3863 praedif'ro
1407 3797 1466 3841 B.
1497 3792 1697 3859 Virginis
1721 3792 1896 3862 Sacello
1918 3824 1935 3847 ,
1973 3807 2087 3839 curae
2114 3793 2225 3843 Fran.

2035 3875 2156 3908 “um
