<?xml version="1.0" encoding="UTF-8"?>
<!DOCTYPE html PUBLIC "-//W3C//DTD XHTML 1.0 Transitional//EN"
    "http://www.w3.org/TR/xhtml1/DTD/xhtml1-transitional.dtd">
<html xmlns="http://www.w3.org/1999/xhtml" xml:lang="en" lang="en">
 <head>
  <title>
</title>
<meta http-equiv="Content-Type" content="text/html;charset=utf-8" />
  <meta name='ocr-system' content='tesseract 3.04.00' />
  <meta name='ocr-capabilities' content='ocr_page ocr_carea ocr_par ocr_line ocrx_word'/>
</head>
<body>
  <div class='ocr_page' id='page_1' title='image "./bullariumordinis05cath_0220.png"; bbox 0 0 2592 4094; ppageno 0'>
   <div class='ocr_carea' id='block_1_1' title="bbox 386 250 548 335">
    <p class='ocr_par' dir='ltr' id='par_1_1' title="bbox 386 250 548 335">
     <span class='ocr_line' id='line_1_1' title="bbox 386 250 548 335; baseline -0.019 -25"><span class='ocrx_word' id='word_1_1' title='bbox 386 250 548 335; x_wconf 89' lang='lat'>190</span> 
     </span>
    </p>
   </div>
   <div class='ocr_carea' id='block_1_2' title="bbox 557 421 1046 485">
    <p class='ocr_par' dir='ltr' id='par_1_2' title="bbox 557 421 1046 485">
     <span class='ocr_line' id='line_1_2' title="bbox 557 421 1046 485; baseline -0.018 -11"><span class='ocrx_word' id='word_1_2' title='bbox 557 430 753 485; x_wconf 57' lang='lat' dir='ltr'>Reliquia</span> <span class='ocrx_word' id='word_1_3' title='bbox 778 421 1018 466; x_wconf 68' lang='lat' dir='ltr'>sentiarum</span> <span class='ocrx_word' id='word_1_4' title='bbox 1032 453 1046 465; x_wconf 86' lang='lat'>.</span> 
     </span>
    </p>
   </div>
   <div class='ocr_carea' id='block_1_3' title="bbox 303 528 1222 2151">
    <p class='ocr_par' dir='ltr' id='par_1_3' title="bbox 317 528 1141 655">
     <span class='ocr_line' id='line_1_3' title="bbox 323 528 1141 587; baseline -0.004 -9"><span class='ocrx_word' id='word_1_5' title='bbox 323 543 364 584; x_wconf 88' lang='lat' dir='ltr'>S.</span> <span class='ocrx_word' id='word_1_6' title='bbox 379 541 503 582; x_wconf 86' lang='lat' dir='ltr'>Annae</span> <span class='ocrx_word' id='word_1_7' title='bbox 524 535 662 579; x_wconf 82' lang='lat' dir='ltr'>Matris</span> <span class='ocrx_word' id='word_1_8' title='bbox 680 528 1141 587; x_wconf 81' lang='lat' dir='ltr'>Beatiffimae·Virginis.</span> 
     </span>
     <span class='ocr_line' id='line_1_4' title="bbox 317 592 870 655; baseline -0.018 -16"><span class='ocrx_word' id='word_1_9' title='bbox 317 598 545 655; x_wconf 79' lang='lat' dir='ltr'>-Agathae</span> <span class='ocrx_word' id='word_1_10' title='bbox 562 593 676 645; x_wconf 78' lang='lat' dir='ltr'>Virg.</span> <span class='ocrx_word' id='word_1_11' title='bbox 691 592 731 631; x_wconf 75' lang='grc' dir='ltr'>δι</span> <span class='ocrx_word' id='word_1_12' title='bbox 746 592 870 631; x_wconf 85' lang='lat' dir='ltr'>Mart.</span> 
     </span>
    </p>

    <p class='ocr_par' dir='ltr' id='par_1_4' title="bbox 319 649 888 712">
     <span class='ocr_line' id='line_1_5' title="bbox 319 649 888 712; baseline -0.019 -13"><span class='ocrx_word' id='word_1_13' title='bbox 319 654 551 712; x_wconf 72' lang='lat' dir='ltr'>—Agnetis</span> <span class='ocrx_word' id='word_1_14' title='bbox 567 650 683 702; x_wconf 85' lang='lat' dir='ltr'>Virg.</span> <span class='ocrx_word' id='word_1_15' title='bbox 699 649 738 688; x_wconf 90' lang='lat'>&amp;</span> <span class='ocrx_word' id='word_1_16' title='bbox 762 649 888 689; x_wconf 82' lang='lat' dir='ltr'>Mart.</span> 
     </span>
    </p>

    <p class='ocr_par' dir='ltr' id='par_1_5' title="bbox 314 705 1128 820">
     <span class='ocr_line' id='line_1_6' title="bbox 316 705 1128 770; baseline 0.001 -19"><span class='ocrx_word' id='word_1_17' title='bbox 316 712 546 769; x_wconf 74' lang='lat' dir='ltr'>-Agnetis</span> <span class='ocrx_word' id='word_1_18' title='bbox 573 708 626 750; x_wconf 73' lang='lat' dir='ltr'>de</span> <span class='ocrx_word' id='word_1_19' title='bbox 645 705 994 762; x_wconf 82' lang='lat' dir='ltr'>Montepolitiano</span> <span class='ocrx_word' id='word_1_20' title='bbox 1009 709 1128 770; x_wconf 84' lang='lat' dir='ltr'>Virg.</span> 
     </span>
     <span class='ocr_line' id='line_1_7' title="bbox 314 765 909 820; baseline -0.005 -12"><span class='ocrx_word' id='word_1_21' title='bbox 314 767 577 815; x_wconf 84' lang='lat' dir='ltr'>...Anastafiae</span> <span class='ocrx_word' id='word_1_22' title='bbox 595 765 711 820; x_wconf 81' lang='lat' dir='ltr'>Virg.</span> <span class='ocrx_word' id='word_1_23' title='bbox 729 766 765 806; x_wconf 74' lang='lat' dir='ltr'>Sc</span> <span class='ocrx_word' id='word_1_24' title='bbox 782 767 909 806; x_wconf 85' lang='lat' dir='ltr'>Mart.</span> 
     </span>
    </p>

    <p class='ocr_par' dir='ltr' id='par_1_6' title="bbox 312 823 941 998">
     <span class='ocr_line' id='line_1_8' title="bbox 315 823 941 882; baseline 0.002 -17"><span class='ocrx_word' id='word_1_25' title='bbox 315 832 408 869; x_wconf 87' lang='lat' dir='ltr'>.-.A</span> <span class='ocrx_word' id='word_1_26' title='bbox 417 826 605 882; x_wconf 83' lang='lat' dir='ltr'>polloniae</span> <span class='ocrx_word' id='word_1_27' title='bbox 624 825 746 879; x_wconf 85' lang='lat' dir='ltr'>Virg.</span> <span class='ocrx_word' id='word_1_28' title='bbox 761 824 799 864; x_wconf 87' lang='lat'>&amp;</span> <span class='ocrx_word' id='word_1_29' title='bbox 812 823 941 866; x_wconf 79' lang='lat' dir='ltr'>Mart.</span> 
     </span>
     <span class='ocr_line' id='line_1_9' title="bbox 314 883 883 937; baseline 0 -14"><span class='ocrx_word' id='word_1_30' title='bbox 314 886 552 927; x_wconf 81' lang='lat' dir='ltr'>...Balbinae</span> <span class='ocrx_word' id='word_1_31' title='bbox 569 883 683 937; x_wconf 87' lang='lat' dir='ltr'>Virg.</span> <span class='ocrx_word' id='word_1_32' title='bbox 699 883 739 923; x_wconf 76' lang='grc' dir='ltr'>δι</span> <span class='ocrx_word' id='word_1_33' title='bbox 760 885 883 924; x_wconf 77' lang='lat' dir='ltr'>Mart.</span> 
     </span>
     <span class='ocr_line' id='line_1_10' title="bbox 312 941 891 998; baseline -0.007 -11"><span class='ocrx_word' id='word_1_34' title='bbox 312 945 552 987; x_wconf 82' lang='lat' dir='ltr'>-Barbarae</span> <span class='ocrx_word' id='word_1_35' title='bbox 573 941 695 998; x_wconf 86' lang='lat' dir='ltr'>Virg.</span> <span class='ocrx_word' id='word_1_36' title='bbox 709 942 748 982; x_wconf 89' lang='lat'>&amp;</span> <span class='ocrx_word' id='word_1_37' title='bbox 766 943 891 984; x_wconf 81' lang='lat' dir='ltr'>Mars.</span> 
     </span>
    </p>

    <p class='ocr_par' dir='ltr' id='par_1_7' title="bbox 313 1006 634 1045">
     <span class='ocr_line' id='line_1_11' title="bbox 313 1006 634 1045; baseline -0.009 -1"><span class='ocrx_word' id='word_1_38' title='bbox 313 1006 490 1045; x_wconf 76' lang='lat' dir='ltr'>—Bonae</span> <span class='ocrx_word' id='word_1_39' title='bbox 507 1006 634 1045; x_wconf 84' lang='lat' dir='ltr'>Mart.</span> 
     </span>
    </p>

    <p class='ocr_par' dir='ltr' id='par_1_8' title="bbox 312 1059 732 1116">
     <span class='ocr_line' id='line_1_12' title="bbox 312 1059 732 1116; baseline -0.017 -11"><span class='ocrx_word' id='word_1_40' title='bbox 312 1062 550 1116; x_wconf 80' lang='lat' dir='ltr'>-Birgittae</span> <span class='ocrx_word' id='word_1_41' title='bbox 566 1059 706 1102; x_wconf 86' lang='lat' dir='ltr'>Viduae</span> <span class='ocrx_word' id='word_1_42' title='bbox 721 1087 732 1098; x_wconf 88' lang='lat'><strong>.</strong></span> 
     </span>
    </p>

    <p class='ocr_par' dir='ltr' id='par_1_9' title="bbox 311 1117 930 1231">
     <span class='ocr_line' id='line_1_13' title="bbox 311 1117 845 1174; baseline -0.013 -10"><span class='ocrx_word' id='word_1_43' title='bbox 311 1119 568 1163; x_wconf 84' lang='lat' dir='ltr'>-Candidae</span> <span class='ocrx_word' id='word_1_44' title='bbox 581 1117 818 1174; x_wconf 82' lang='lat' dir='ltr'>poenitentis</span> <span class='ocrx_word' id='word_1_45' title='bbox 831 1143 845 1157; x_wconf 86' lang='lat'><strong>.</strong></span> 
     </span>
     <span class='ocr_line' id='line_1_14' title="bbox 314 1175 930 1231; baseline -0.011 -8"><span class='ocrx_word' id='word_1_46' title='bbox 314 1179 608 1222; x_wconf 73' lang='lat' dir='ltr'>-Catharinae</span> <span class='ocrx_word' id='word_1_47' title='bbox 623 1179 739 1231; x_wconf 85' lang='lat' dir='ltr'>Virg.</span> <span class='ocrx_word' id='word_1_48' title='bbox 752 1178 792 1219; x_wconf 75' lang='grc' dir='ltr'>δι</span> <span class='ocrx_word' id='word_1_49' title='bbox 805 1175 930 1218; x_wconf 75' lang='lat' dir='ltr'>Mart.</span> 
     </span>
    </p>

    <p class='ocr_par' dir='ltr' id='par_1_10' title="bbox 313 1235 1071 1284">
     <span class='ocr_line' id='line_1_15' title="bbox 313 1235 1071 1284; baseline -0.007 -1"><span class='ocrx_word' id='word_1_50' title='bbox 313 1243 378 1284; x_wconf 87' lang='lat' dir='ltr'>Ex</span> <span class='ocrx_word' id='word_1_51' title='bbox 397 1236 486 1280; x_wconf 85' lang='lat' dir='ltr'>velo</span> <span class='ocrx_word' id='word_1_52' title='bbox 500 1240 538 1280; x_wconf 91' lang='lat' dir='ltr'>S.</span> <span class='ocrx_word' id='word_1_53' title='bbox 552 1235 781 1280; x_wconf 78' lang='lat' dir='ltr'>Catharinae</span> <span class='ocrx_word' id='word_1_54' title='bbox 795 1235 847 1279; x_wconf 91' lang='lat' dir='ltr'>de</span> <span class='ocrx_word' id='word_1_55' title='bbox 863 1236 1042 1278; x_wconf 70' lang='lat' dir='ltr'>Bononia</span> <span class='ocrx_word' id='word_1_56' title='bbox 1058 1263 1071 1277; x_wconf 88' lang='grc'><strong>.</strong></span> 
     </span>
    </p>

    <p class='ocr_par' dir='ltr' id='par_1_11' title="bbox 310 1295 1008 1584">
     <span class='ocr_line' id='line_1_16' title="bbox 315 1295 856 1341; baseline -0.013 0"><span class='ocrx_word' id='word_1_57' title='bbox 315 1302 354 1341; x_wconf 85' lang='grc'>5.</span> <span class='ocrx_word' id='word_1_58' title='bbox 378 1295 608 1339; x_wconf 85' lang='lat' dir='ltr'>Catharinae</span> <span class='ocrx_word' id='word_1_59' title='bbox 620 1296 671 1338; x_wconf 90' lang='lat' dir='ltr'>de</span> <span class='ocrx_word' id='word_1_60' title='bbox 685 1297 828 1337; x_wconf 82' lang='lat' dir='ltr'>Genua</span> <span class='ocrx_word' id='word_1_61' title='bbox 844 1323 856 1335; x_wconf 87' lang='lat'><strong>.</strong></span> 
     </span>
     <span class='ocr_line' id='line_1_17' title="bbox 311 1352 933 1410; baseline 0.005 -18"><span class='ocrx_word' id='word_1_62' title='bbox 311 1355 605 1397; x_wconf 75' lang='lat' dir='ltr'>—Catharinae</span> <span class='ocrx_word' id='word_1_63' title='bbox 617 1354 669 1396; x_wconf 87' lang='lat' dir='ltr'>de</span> <span class='ocrx_word' id='word_1_64' title='bbox 683 1352 800 1396; x_wconf 83' lang='lat' dir='ltr'>Ricci</span> <span class='ocrx_word' id='word_1_65' title='bbox 816 1353 933 1410; x_wconf 85' lang='lat' dir='ltr'>Virg.</span> 
     </span>
     <span class='ocr_line' id='line_1_18' title="bbox 311 1413 933 1467; baseline 0 -15"><span class='ocrx_word' id='word_1_66' title='bbox 311 1413 603 1456; x_wconf 50' lang='lat' dir='ltr'>„Catharinae</span> <span class='ocrx_word' id='word_1_67' title='bbox 616 1413 798 1455; x_wconf 84' lang='lat' dir='ltr'>Senenfis</span> <span class='ocrx_word' id='word_1_68' title='bbox 818 1413 933 1467; x_wconf 78' lang='lat' dir='ltr'>Virg-</span> 
     </span>
     <span class='ocr_line' id='line_1_19' title="bbox 310 1471 1008 1514; baseline 0.001 -4"><span class='ocrx_word' id='word_1_69' title='bbox 310 1472 600 1514; x_wconf 62' lang='lat' dir='ltr'>-Catharinae</span> <span class='ocrx_word' id='word_1_70' title='bbox 613 1471 666 1513; x_wconf 87' lang='lat' dir='ltr'>de</span> <span class='ocrx_word' id='word_1_71' title='bbox 679 1472 821 1513; x_wconf 80' lang='lat' dir='ltr'>Svecia</span> <span class='ocrx_word' id='word_1_72' title='bbox 838 1471 980 1513; x_wconf 82' lang='lat' dir='ltr'>Viduae</span> <span class='ocrx_word' id='word_1_73' title='bbox 996 1498 1008 1511; x_wconf 89' lang='lat'><em>.</em></span> 
     </span>
     <span class='ocr_line' id='line_1_20' title="bbox 310 1530 874 1584; baseline -0.002 -13"><span class='ocrx_word' id='word_1_74' title='bbox 310 1530 542 1573; x_wconf 75' lang='lat' dir='ltr'>...Caeciliae</span> <span class='ocrx_word' id='word_1_75' title='bbox 560 1530 681 1584; x_wconf 81' lang='lat' dir='ltr'>Virg.</span> <span class='ocrx_word' id='word_1_76' title='bbox 698 1531 734 1570; x_wconf 72' lang='grc' dir='ltr'>δι</span> <span class='ocrx_word' id='word_1_77' title='bbox 752 1531 874 1571; x_wconf 87' lang='lat' dir='ltr'>Mart.</span> 
     </span>
    </p>

    <p class='ocr_par' dir='ltr' id='par_1_12' title="bbox 309 1588 834 1644">
     <span class='ocr_line' id='line_1_21' title="bbox 309 1588 834 1644; baseline 0.002 -16"><span class='ocrx_word' id='word_1_78' title='bbox 309 1589 502 1631; x_wconf 79' lang='lat' dir='ltr'>—Clarae</span> <span class='ocrx_word' id='word_1_79' title='bbox 515 1589 703 1630; x_wconf 78' lang='lat' dir='ltr'>Affifiatis</span> <span class='ocrx_word' id='word_1_80' title='bbox 718 1588 834 1644; x_wconf 75' lang='lat' dir='ltr'>Virg-</span> 
     </span>
    </p>

    <p class='ocr_par' dir='ltr' id='par_1_13' title="bbox 304 1645 1222 1749">
     <span class='ocr_line' id='line_1_22' title="bbox 305 1645 1222 1701; baseline -0.002 -13"><span class='ocrx_word' id='word_1_81' title='bbox 305 1653 371 1693; x_wconf 78' lang='lat' dir='ltr'>Ex</span> <span class='ocrx_word' id='word_1_82' title='bbox 391 1646 497 1689; x_wconf 87' lang='lat' dir='ltr'>Velo</span> <span class='ocrx_word' id='word_1_83' title='bbox 514 1650 554 1688; x_wconf 84' lang='lat' dir='ltr'>S.</span> <span class='ocrx_word' id='word_1_84' title='bbox 570 1646 703 1690; x_wconf 70' lang='lat' dir='ltr'>Clarae</span> <span class='ocrx_word' id='word_1_85' title='bbox 729 1646 782 1687; x_wconf 89' lang='lat' dir='ltr'>de</span> <span class='ocrx_word' id='word_1_86' title='bbox 797 1650 947 1690; x_wconf 87' lang='lat' dir='ltr'>Monte</span> <span class='ocrx_word' id='word_1_87' title='bbox 963 1645 1089 1690; x_wconf 82' lang='lat' dir='ltr'>Falco</span> <span class='ocrx_word' id='word_1_88' title='bbox 1103 1646 1222 1701; x_wconf 84' lang='lat' dir='ltr'>Vis-g.</span> 
     </span>
     <span class='ocr_line' id='line_1_23' title="bbox 304 1705 607 1749; baseline -0.007 0"><span class='ocrx_word' id='word_1_89' title='bbox 304 1710 347 1749; x_wconf 79' lang='lat' dir='ltr'>S·</span> <span class='ocrx_word' id='word_1_90' title='bbox 373 1705 607 1748; x_wconf 68' lang='lat' dir='ltr'>Columbae.</span> 
     </span>
    </p>

    <p class='ocr_par' dir='ltr' id='par_1_14' title="bbox 303 1762 1201 2093">
     <span class='ocr_line' id='line_1_24' title="bbox 305 1762 908 1816; baseline -0.005 -10"><span class='ocrx_word' id='word_1_91' title='bbox 305 1762 584 1806; x_wconf 73' lang='lat' dir='ltr'>—Christinae</span> <span class='ocrx_word' id='word_1_92' title='bbox 600 1764 717 1816; x_wconf 87' lang='lat' dir='ltr'>Virg.</span> <span class='ocrx_word' id='word_1_93' title='bbox 731 1763 770 1801; x_wconf 91' lang='lat'>&amp;</span> <span class='ocrx_word' id='word_1_94' title='bbox 785 1765 908 1804; x_wconf 82' lang='lat' dir='ltr'>Mart.</span> 
     </span>
     <span class='ocr_line' id='line_1_25' title="bbox 306 1819 926 1873; baseline -0.013 -11"><span class='ocrx_word' id='word_1_95' title='bbox 306 1819 592 1862; x_wconf 82' lang='lat' dir='ltr'>-Dorotheae</span> <span class='ocrx_word' id='word_1_96' title='bbox 605 1819 722 1873; x_wconf 81' lang='lat' dir='ltr'>Vis-g.</span> <span class='ocrx_word' id='word_1_97' title='bbox 741 1819 780 1858; x_wconf 77' lang='grc' dir='ltr'>δι</span> <span class='ocrx_word' id='word_1_98' title='bbox 802 1821 926 1859; x_wconf 84' lang='lat' dir='ltr'>Mart.</span> 
     </span>
     <span class='ocr_line' id='line_1_26' title="bbox 306 1874 1201 1931; baseline 0.003 -15"><span class='ocrx_word' id='word_1_99' title='bbox 306 1876 578 1919; x_wconf 61' lang='lat' dir='ltr'>-Elisabeth</span> <span class='ocrx_word' id='word_1_100' title='bbox 602 1876 748 1918; x_wconf 78' lang='lat' dir='ltr'>Matris</span> <span class='ocrx_word' id='word_1_101' title='bbox 762 1874 982 1931; x_wconf 81' lang='lat' dir='ltr'>S.Joannis</span> <span class='ocrx_word' id='word_1_102' title='bbox 996 1874 1172 1931; x_wconf 80' lang='lat' dir='ltr'>Baptistae</span> <span class='ocrx_word' id='word_1_103' title='bbox 1187 1906 1201 1920; x_wconf 89' lang='lat'><em>.</em></span> 
     </span>
     <span class='ocr_line' id='line_1_27' title="bbox 303 1933 1014 1990; baseline 0 -16"><span class='ocrx_word' id='word_1_104' title='bbox 303 1936 581 1978; x_wconf 47' lang='lat' dir='ltr'>„Elisabeth</span> <span class='ocrx_word' id='word_1_105' title='bbox 600 1935 761 1990; x_wconf 75' lang='lat' dir='ltr'>Regina:</span> <span class='ocrx_word' id='word_1_106' title='bbox 774 1933 987 1989; x_wconf 82' lang='lat' dir='ltr'>Hungariae</span> <span class='ocrx_word' id='word_1_107' title='bbox 1002 1961 1014 1974; x_wconf 94' lang='grc'><strong>.</strong></span> 
     </span>
     <span class='ocr_line' id='line_1_28' title="bbox 303 1991 1055 2048; baseline -0.003 -14"><span class='ocrx_word' id='word_1_108' title='bbox 303 1993 577 2037; x_wconf 80' lang='lat' dir='ltr'>...Elisabeth</span> <span class='ocrx_word' id='word_1_109' title='bbox 596 1994 760 2048; x_wconf 86' lang='lat' dir='ltr'>Reginae</span> <span class='ocrx_word' id='word_1_110' title='bbox 771 1991 1029 2048; x_wconf 83' lang='lat' dir='ltr'>Portugalliae</span> <span class='ocrx_word' id='word_1_111' title='bbox 1042 2019 1055 2033; x_wconf 86' lang='lat'><strong>.</strong></span> 
     </span>
     <span class='ocr_line' id='line_1_29' title="bbox 309 2053 730 2093; baseline -0.005 -1"><span class='ocrx_word' id='word_1_112' title='bbox 309 2053 592 2093; x_wconf 82' lang='lat' dir='ltr'>...Felicitatis</span> <span class='ocrx_word' id='word_1_113' title='bbox 606 2053 730 2092; x_wconf 84' lang='lat' dir='ltr'>Mart.</span> 
     </span>
    </p>

    <p class='ocr_par' dir='ltr' id='par_1_15' title="bbox 306 2108 816 2151">
     <span class='ocr_line' id='line_1_30' title="bbox 306 2108 816 2151; baseline -0.006 -3"><span class='ocrx_word' id='word_1_114' title='bbox 306 2108 583 2151; x_wconf 77' lang='lat' dir='ltr'>...Franciscae</span> <span class='ocrx_word' id='word_1_115' title='bbox 602 2109 816 2147; x_wconf 78' lang='lat' dir='ltr'>Romanae.</span> 
     </span>
    </p>
   </div>
   <div class='ocr_carea' id='block_1_4' title="bbox 311 2162 849 2218">
    <p class='ocr_par' dir='ltr' id='par_1_16' title="bbox 311 2162 849 2218">
     <span class='ocr_line' id='line_1_31' title="bbox 311 2162 849 2218; baseline -0.015 -7"><span class='ocrx_word' id='word_1_116' title='bbox 311 2166 536 2210; x_wconf 83' lang='lat' dir='ltr'>-Helenae</span> <span class='ocrx_word' id='word_1_117' title='bbox 551 2162 822 2218; x_wconf 84' lang='lat' dir='ltr'>Imperatricis</span> <span class='ocrx_word' id='word_1_118' title='bbox 837 2191 849 2203; x_wconf 90' lang='lat'><strong>.</strong></span> 
     </span>
    </p>
   </div>
   <div class='ocr_carea' id='block_1_5' title="bbox 307 2244 655 2264">
    <p class='ocr_par' dir='ltr' id='par_1_17' title="bbox 307 2244 655 2264">
     <span class='ocr_line' id='line_1_32' title="bbox 307 2244 655 2264; baseline 0.003 -10"><span class='ocrx_word' id='word_1_119' title='bbox 307 2244 655 2264; x_wconf 75' lang='lat'>-—-———--</span> 
     </span>
    </p>
   </div>
   <div class='ocr_carea' id='block_1_6' title="bbox 564 2280 1016 2323">
    <p class='ocr_par' dir='ltr' id='par_1_18' title="bbox 564 2280 1016 2323">
     <span class='ocr_line' id='line_1_33' title="bbox 564 2280 1016 2323; baseline -0.007 0"><span class='ocrx_word' id='word_1_120' title='bbox 564 2280 1016 2323; x_wconf 80' lang='lat' dir='ltr'>DECRETO</span> 
     </span>
    </p>
   </div>
   <div class='ocr_carea' id='block_1_7' title="bbox 890 2237 1121 2253">
    <p class='ocr_par' dir='ltr' id='par_1_19' title="bbox 890 2237 1121 2253">
     <span class='ocr_line' id='line_1_34' title="bbox 890 2237 1121 2253; baseline 0 0"><span class='ocrx_word' id='word_1_121' title='bbox 890 2237 1121 2253; x_wconf 95' lang='lat' dir='ltr'> </span> 
     </span>
    </p>
   </div>
   <div class='ocr_carea' id='block_1_8' title="bbox 658 2243 771 2253">
    <p class='ocr_par' dir='ltr' id='par_1_20' title="bbox 658 2243 771 2253">
     <span class='ocr_line' id='line_1_35' title="bbox 658 2243 771 2253; baseline 0 1841"><span class='ocrx_word' id='word_1_122' title='bbox 658 2243 771 2253; x_wconf 95' lang='lat' dir='ltr'> </span> 
     </span>
    </p>
   </div>
   <div class='ocr_carea' id='block_1_9' title="bbox 773 2244 886 2256">
    <p class='ocr_par' dir='ltr' id='par_1_21' title="bbox 773 2244 886 2256">
     <span class='ocr_line' id='line_1_36' title="bbox 773 2244 886 2256; baseline 0 0"><span class='ocrx_word' id='word_1_123' title='bbox 773 2244 886 2256; x_wconf 95' lang='lat' dir='ltr'> </span> 
     </span>
    </p>
   </div>
   <div class='ocr_carea' id='block_1_10' title="bbox 439 2396 1146 2464">
    <p class='ocr_par' dir='ltr' id='par_1_22' title="bbox 439 2396 1146 2464">
     <span class='ocr_line' id='line_1_37' title="bbox 439 2396 1146 2464; baseline -0.001 -18"><span class='ocrx_word' id='word_1_124' title='bbox 439 2399 572 2447; x_wconf 79' lang='lat' dir='ltr'>Sacrae</span> <span class='ocrx_word' id='word_1_125' title='bbox 598 2398 778 2446; x_wconf 74' lang='lat' dir='ltr'>Rittium</span> <span class='ocrx_word' id='word_1_126' title='bbox 809 2396 1146 2464; x_wconf 84' lang='lat' dir='ltr'>Congregationis</span> 
     </span>
    </p>
   </div>
   <div class='ocr_carea' id='block_1_11' title="bbox 302 2523 1284 3091">
    <p class='ocr_par' dir='ltr' id='par_1_23' title="bbox 302 2523 1284 3091">
     <span class='ocr_line' id='line_1_38' title="bbox 302 2523 1284 2577; baseline -0.001 0"><span class='ocrx_word' id='word_1_127' title='bbox 302 2524 529 2577; x_wconf 83' lang='lat' dir='ltr'>Officium</span> <span class='ocrx_word' id='word_1_128' title='bbox 569 2543 676 2574; x_wconf 83' lang='lat' dir='ltr'>curn</span> <span class='ocrx_word' id='word_1_129' title='bbox 710 2523 846 2574; x_wconf 80' lang='lat' dir='ltr'>Missa</span> <span class='ocrx_word' id='word_1_130' title='bbox 885 2529 1125 2576; x_wconf 83' lang='lat' dir='ltr'>Sacrarum</span> <span class='ocrx_word' id='word_1_131' title='bbox 1161 2528 1284 2576; x_wconf 87' lang='lat' dir='ltr'>Reli-</span> 
     </span>
     <span class='ocr_line' id='line_1_39' title="bbox 372 2594 1284 2663; baseline 0.001 -17"><span class='ocrx_word' id='word_1_132' title='bbox 372 2595 579 2663; x_wconf 79' lang='lat' dir='ltr'>quiarum</span> <span class='ocrx_word' id='word_1_133' title='bbox 613 2598 659 2645; x_wconf 88' lang='lat' dir='ltr'>in</span> <span class='ocrx_word' id='word_1_134' title='bbox 688 2594 882 2645; x_wconf 84' lang='lat' dir='ltr'>Ecclefia</span> <span class='ocrx_word' id='word_1_135' title='bbox 899 2595 1085 2646; x_wconf 84' lang='lat' dir='ltr'>Tarasci</span> <span class='ocrx_word' id='word_1_136' title='bbox 1121 2600 1146 2648; x_wconf 70' lang='grc' dir='ltr'>ὲ</span> <span class='ocrx_word' id='word_1_137' title='bbox 1182 2601 1284 2647; x_wconf 86' lang='lat' dir='ltr'>Fra-</span> 
     </span>
     <span class='ocr_line' id='line_1_40' title="bbox 373 2665 1282 2734; baseline 0.003 -19"><span class='ocrx_word' id='word_1_138' title='bbox 373 2666 518 2716; x_wconf 88' lang='lat' dir='ltr'>tribus</span> <span class='ocrx_word' id='word_1_139' title='bbox 537 2665 647 2725; x_wconf 88' lang='lat' dir='ltr'>,sub</span> <span class='ocrx_word' id='word_1_140' title='bbox 686 2667 801 2716; x_wconf 84' lang='lat' dir='ltr'>Ritu</span> <span class='ocrx_word' id='word_1_141' title='bbox 833 2667 961 2734; x_wconf 88' lang='lat' dir='ltr'>dupl.</span> <span class='ocrx_word' id='word_1_142' title='bbox 989 2669 1103 2716; x_wconf 87' lang='lat' dir='ltr'>min.</span> <span class='ocrx_word' id='word_1_143' title='bbox 1135 2669 1208 2718; x_wconf 86' lang='lat' dir='ltr'>die</span> <span class='ocrx_word' id='word_1_144' title='bbox 1227 2668 1282 2718; x_wconf 85' lang='lat' dir='ltr'>ab</span> 
     </span>
     <span class='ocr_line' id='line_1_41' title="bbox 367 2735 1282 2807; baseline 0.001 -20"><span class='ocrx_word' id='word_1_145' title='bbox 367 2737 621 2787; x_wconf 77' lang='lat' dir='ltr'>Ordinatio</span> <span class='ocrx_word' id='word_1_146' title='bbox 639 2735 775 2787; x_wconf 87' lang='lat' dir='ltr'>semel</span> <span class='ocrx_word' id='word_1_147' title='bbox 792 2735 1069 2807; x_wconf 73' lang='lat' dir='ltr'>designando</span> <span class='ocrx_word' id='word_1_148' title='bbox 1085 2741 1282 2797; x_wconf 86' lang='lat' dir='ltr'>recitari,</span> 
     </span>
     <span class='ocr_line' id='line_1_42' title="bbox 368 2806 1279 2877; baseline 0.003 -21"><span class='ocrx_word' id='word_1_149' title='bbox 368 2826 420 2856; x_wconf 79' lang='lat' dir='ltr'>ac</span> <span class='ocrx_word' id='word_1_150' title='bbox 449 2806 633 2857; x_wconf 82' lang='lat' dir='ltr'>Miffam</span> <span class='ocrx_word' id='word_1_151' title='bbox 654 2806 833 2858; x_wconf 73' lang='lat' dir='ltr'>tantum</span> <span class='ocrx_word' id='word_1_152' title='bbox 854 2844 868 2866; x_wconf 92' lang='lat'><strong>,</strong></span> <span class='ocrx_word' id='word_1_153' title='bbox 896 2809 944 2860; x_wconf 84' lang='lat'>&amp;</span> <span class='ocrx_word' id='word_1_154' title='bbox 970 2808 1217 2877; x_wconf 63' lang='lat' dir='ltr'>respcstiv&amp;</span> <span class='ocrx_word' id='word_1_155' title='bbox 1253 2811 1279 2858; x_wconf 68' lang='grc' dir='ltr'>ὲ</span> 
     </span>
     <span class='ocr_line' id='line_1_43' title="bbox 364 2877 1277 2948; baseline 0.002 -20"><span class='ocrx_word' id='word_1_156' title='bbox 364 2879 686 2928; x_wconf 83' lang='lat' dir='ltr'>Sacerdotibus</span> <span class='ocrx_word' id='word_1_157' title='bbox 699 2877 931 2946; x_wconf 90' lang='lat' dir='ltr'>quibusvis</span> <span class='ocrx_word' id='word_1_158' title='bbox 945 2880 1001 2928; x_wconf 85' lang='lat' dir='ltr'>ad</span> <span class='ocrx_word' id='word_1_159' title='bbox 1018 2881 1277 2948; x_wconf 71' lang='lat' dir='ltr'>praedistam</span> 
     </span>
     <span class='ocr_line' id='line_1_44' title="bbox 363 2948 1275 3019; baseline 0.004 -21"><span class='ocrx_word' id='word_1_160' title='bbox 363 2948 611 2999; x_wconf 75' lang='lat' dir='ltr'>Ecclesiam</span> <span class='ocrx_word' id='word_1_161' title='bbox 640 2950 712 2998; x_wconf 88' lang='lat' dir='ltr'>die</span> <span class='ocrx_word' id='word_1_162' title='bbox 748 2949 969 3019; x_wconf 81' lang='lat' dir='ltr'>affignato</span> <span class='ocrx_word' id='word_1_163' title='bbox 1008 2951 1275 3002; x_wconf 86' lang='lat' dir='ltr'>confluenti·</span> 
     </span>
     <span class='ocr_line' id='line_1_45' title="bbox 367 3018 1002 3091; baseline 0.008 -26"><span class='ocrx_word' id='word_1_164' title='bbox 367 3018 467 3077; x_wconf 87' lang='lat' dir='ltr'>bus,</span> <span class='ocrx_word' id='word_1_165' title='bbox 481 3018 694 3069; x_wconf 83' lang='lat' dir='ltr'>celebrari</span> <span class='ocrx_word' id='word_1_166' title='bbox 711 3020 977 3091; x_wconf 80' lang='lat' dir='ltr'>indulgetur</span> <span class='ocrx_word' id='word_1_167' title='bbox 989 3057 1002 3070; x_wconf 90' lang='lat'><strong>.</strong></span> 
     </span>
    </p>
   </div>
   <div class='ocr_carea' id='block_1_12' title="bbox 298 3155 1278 3503">
    <p class='ocr_par' dir='ltr' id='par_1_24' title="bbox 298 3155 1278 3503">
     <span class='ocr_line' id='line_1_46' title="bbox 298 3155 1278 3215; baseline 0.011 -20"><span class='ocrx_word' id='word_1_168' title='bbox 298 3159 344 3199; x_wconf 84' lang='lat' dir='ltr'>In</span> <span class='ocrx_word' id='word_1_169' title='bbox 361 3155 468 3212; x_wconf 70' lang='lat' dir='ltr'>Festo</span> <span class='ocrx_word' id='word_1_170' title='bbox 484 3160 857 3205; x_wconf 80' lang='lat' dir='ltr'>commemorationis</span> <span class='ocrx_word' id='word_1_171' title='bbox 876 3165 943 3205; x_wconf 77' lang='lat' dir='ltr'>SS.</span> <span class='ocrx_word' id='word_1_172' title='bbox 960 3164 1186 3215; x_wconf 83' lang='lat' dir='ltr'>Martyrum</span> <span class='ocrx_word' id='word_1_173' title='bbox 1200 3164 1278 3210; x_wconf 62' lang='grc' dir='ltr'>,Ἦ</span> 
     </span>
     <span class='ocr_line' id='line_1_47' title="bbox 329 3215 1250 3275; baseline 0.01 -21"><span class='ocrx_word' id='word_1_174' title='bbox 329 3215 497 3255; x_wconf 84' lang='lat' dir='ltr'>aliorum</span> <span class='ocrx_word' id='word_1_175' title='bbox 516 3217 742 3260; x_wconf 70' lang='lat' dir='ltr'>Sanetorum</span> <span class='ocrx_word' id='word_1_176' title='bbox 757 3249 770 3270; x_wconf 85' lang='lat'>‚</span> <span class='ocrx_word' id='word_1_177' title='bbox 784 3235 948 3274; x_wconf 85' lang='lat' dir='ltr'>quorum</span> <span class='ocrx_word' id='word_1_178' title='bbox 967 3225 1138 3275; x_wconf 85' lang='lat' dir='ltr'>Corpora</span> <span class='ocrx_word' id='word_1_179' title='bbox 1153 3251 1165 3272; x_wconf 87' lang='lat'>‚</span> <span class='ocrx_word' id='word_1_180' title='bbox 1189 3223 1250 3263; x_wconf 77' lang='lat' dir='ltr'>vet</span> 
     </span>
     <span class='ocr_line' id='line_1_48' title="bbox 357 3275 1220 3335; baseline 0.007 -20"><span class='ocrx_word' id='word_1_181' title='bbox 357 3275 613 3327; x_wconf 54' lang='lat' dir='ltr'>Reliqua-,in</span> <span class='ocrx_word' id='word_1_182' title='bbox 629 3279 790 3329; x_wconf 71' lang='lat' dir='ltr'>Capella</span> <span class='ocrx_word' id='word_1_183' title='bbox 799 3280 947 3321; x_wconf 62' lang='lat' dir='ltr'>Sentio</span> <span class='ocrx_word' id='word_1_184' title='bbox 962 3279 1130 3335; x_wconf 68' lang='lat' dir='ltr'>Ecclesia</span> <span class='ocrx_word' id='word_1_185' title='bbox 1145 3284 1220 3323; x_wconf 89' lang='lat' dir='ltr'>Ca-</span> 
     </span>
     <span class='ocr_line' id='line_1_49' title="bbox 379 3335 1191 3394; baseline 0.011 -23"><span class='ocrx_word' id='word_1_186' title='bbox 379 3335 615 3385; x_wconf 84' lang='lat' dir='ltr'>pucinorum</span> <span class='ocrx_word' id='word_1_187' title='bbox 633 3335 816 3386; x_wconf 80' lang='lat' dir='ltr'>Civitatis</span> <span class='ocrx_word' id='word_1_188' title='bbox 839 3338 996 3394; x_wconf 79' lang='lat' dir='ltr'>Tarasti</span> <span class='ocrx_word' id='word_1_189' title='bbox 1009 3368 1022 3388; x_wconf 90' lang='lat'>‚</span> <span class='ocrx_word' id='word_1_190' title='bbox 1044 3342 1191 3381; x_wconf 81' lang='lat' dir='ltr'>Dioece-</span> 
     </span>
     <span class='ocr_line' id='line_1_50' title="bbox 414 3389 1151 3449; baseline 0.012 -19"><span class='ocrx_word' id='word_1_191' title='bbox 414 3389 476 3447; x_wconf 79' lang='lat' dir='ltr'>fis</span> <span class='ocrx_word' id='word_1_192' title='bbox 505 3392 791 3447; x_wconf 75' lang='lat' dir='ltr'>Avenionenst&#39;s‚</span> <span class='ocrx_word' id='word_1_193' title='bbox 806 3406 979 3449; x_wconf 85' lang='lat' dir='ltr'>exparte</span> <span class='ocrx_word' id='word_1_194' title='bbox 996 3401 1151 3441; x_wconf 79' lang='lat' dir='ltr'>Provin-</span> 
     </span>
     <span class='ocr_line' id='line_1_51' title="bbox 565 3454 995 3503; baseline 0.016 -12"><span class='ocrx_word' id='word_1_195' title='bbox 565 3454 634 3492; x_wconf 84' lang='lat' dir='ltr'>ciae</span> <span class='ocrx_word' id='word_1_196' title='bbox 657 3465 894 3498; x_wconf 84' lang='lat' dir='ltr'>venerantur</span> <span class='ocrx_word' id='word_1_197' title='bbox 912 3456 995 3503; x_wconf 62' lang='lat' dir='ltr'>&amp;a</span> 
     </span>
    </p>
   </div>
   <div class='ocr_carea' id='block_1_13' title="bbox 294 3566 1276 3623">
    <p class='ocr_par' dir='ltr' id='par_1_25' title="bbox 294 3566 1276 3623">
     <span class='ocr_line' id='line_1_52' title="bbox 294 3566 1276 3623; baseline 0.009 -17"><span class='ocrx_word' id='word_1_198' title='bbox 294 3566 376 3607; x_wconf 84' lang='lat' dir='ltr'>AD</span> <span class='ocrx_word' id='word_1_199' title='bbox 408 3568 698 3613; x_wconf 82' lang='lat' dir='ltr'>VESPERAS</span> <span class='ocrx_word' id='word_1_200' title='bbox 729 3599 742 3623; x_wconf 89' lang='lat'>,</span> <span class='ocrx_word' id='word_1_201' title='bbox 788 3573 861 3614; x_wconf 87' lang='lat' dir='ltr'>ET</span> <span class='ocrx_word' id='word_1_202' title='bbox 892 3573 1276 3620; x_wconf 85' lang='lat' dir='ltr'><strong>MATUTINUM.</strong></span> 
     </span>
    </p>
   </div>
   <div class='ocr_carea' id='block_1_14' title="bbox 294 3687 1274 3864">
    <p class='ocr_par' dir='ltr' id='par_1_26' title="bbox 294 3687 1274 3864">
     <span class='ocr_line' id='line_1_53' title="bbox 680 3687 890 3730; baseline 0.01 -2"><span class='ocrx_word' id='word_1_203' title='bbox 680 3687 865 3730; x_wconf 86' lang='lat' dir='ltr'>Officium</span> <span class='ocrx_word' id='word_1_204' title='bbox 881 3719 890 3729; x_wconf 89' lang='lat'><em>.</em></span> 
     </span>
     <span class='ocr_line' id='line_1_54' title="bbox 294 3741 1274 3828; baseline 0.017 -50"><span class='ocrx_word' id='word_1_205' title='bbox 294 3741 369 3828; x_wconf 83' lang='lat' dir='ltr'><em>O</em></span> <span class='ocrx_word' id='word_1_206' title='bbox 378 3743 489 3783; x_wconf 81' lang='lat' dir='ltr'>Maia</span> <span class='ocrx_word' id='word_1_207' title='bbox 502 3747 546 3785; x_wconf 84' lang='lat' dir='ltr'>de</span> <span class='ocrx_word' id='word_1_208' title='bbox 557 3746 748 3787; x_wconf 81' lang='lat' dir='ltr'>communi</span> <span class='ocrx_word' id='word_1_209' title='bbox 749 3747 1018 3801; x_wconf 83' lang='lat' dir='ltr'>plurimorum</span> <span class='ocrx_word' id='word_1_210' title='bbox 1031 3754 1274 3807; x_wconf 77' lang='lat' dir='ltr'>Martyrum,</span> 
     </span>
     <span class='ocr_line' id='line_1_55' title="bbox 392 3806 1072 3864; baseline 0.019 -24"><span class='ocrx_word' id='word_1_211' title='bbox 392 3807 544 3852; x_wconf 79' lang='lat' dir='ltr'>praeter</span> <span class='ocrx_word' id='word_1_212' title='bbox 559 3817 624 3855; x_wconf 81' lang='lat' dir='ltr'>oa,</span> <span class='ocrx_word' id='word_1_213' title='bbox 644 3819 730 3859; x_wconf 79' lang='lat' dir='ltr'>quae</span> <span class='ocrx_word' id='word_1_214' title='bbox 744 3806 807 3850; x_wconf 71' lang='lat' dir='ltr'>hic</span> <span class='ocrx_word' id='word_1_215' title='bbox 817 3807 1045 3864; x_wconf 80' lang='lat' dir='ltr'>sequuntur</span> <span class='ocrx_word' id='word_1_216' title='bbox 1060 3838 1072 3852; x_wconf 86' lang='lat'><strong>.</strong></span> 
     </span>
    </p>
   </div>
   <div class='ocr_carea' id='block_1_15' title="bbox 1124 2239 1492 2258">
    <p class='ocr_par' dir='ltr' id='par_1_27' title="bbox 1124 2239 1492 2258">
     <span class='ocr_line' id='line_1_56' title="bbox 1124 2239 1492 2258; baseline -0.008 -1"><span class='ocrx_word' id='word_1_217' title='bbox 1124 2239 1492 2258; x_wconf 64' lang='lat' dir='ltr'>⁸——a—</span> 
     </span>
    </p>
   </div>
   <div class='ocr_carea' id='block_1_16' title="bbox 1064 218 1606 300">
    <p class='ocr_par' dir='ltr' id='par_1_28' title="bbox 1064 218 1606 300">
     <span class='ocr_line' id='line_1_57' title="bbox 1064 218 1606 300; baseline -0.006 0"><span class='ocrx_word' id='word_1_218' title='bbox 1064 218 1606 300; x_wconf 82' lang='lat' dir='ltr'>Provincia</span> 
     </span>
    </p>
   </div>
   <div class='ocr_carea' id='block_1_17' title="bbox 1358 352 2023 468">
    <p class='ocr_par' dir='ltr' id='par_1_29' title="bbox 1358 352 2023 468">
     <span class='ocr_line' id='line_1_58' title="bbox 1359 352 2023 411; baseline 0.002 -14"><span class='ocrx_word' id='word_1_219' title='bbox 1359 358 1404 397; x_wconf 87' lang='lat' dir='ltr'>B.</span> <span class='ocrx_word' id='word_1_220' title='bbox 1419 355 1654 411; x_wconf 78' lang='lat' dir='ltr'>Hyacintbae</span> <span class='ocrx_word' id='word_1_221' title='bbox 1666 352 1718 396; x_wconf 86' lang='lat' dir='ltr'>de</span> <span class='ocrx_word' id='word_1_222' title='bbox 1734 353 1996 397; x_wconf 76' lang='lat' dir='ltr'>Marescottis</span> <span class='ocrx_word' id='word_1_223' title='bbox 2009 384 2023 398; x_wconf 84' lang='lat'>.</span> 
     </span>
     <span class='ocr_line' id='line_1_59' title="bbox 1358 413 1895 468; baseline -0.004 -13"><span class='ocrx_word' id='word_1_224' title='bbox 1358 415 1397 455; x_wconf 86' lang='lat' dir='ltr'>S.</span> <span class='ocrx_word' id='word_1_225' title='bbox 1414 418 1564 458; x_wconf 82' lang='lat' dir='ltr'>Ireneae</span> <span class='ocrx_word' id='word_1_226' title='bbox 1581 415 1696 468; x_wconf 87' lang='lat' dir='ltr'>Virg.</span> <span class='ocrx_word' id='word_1_227' title='bbox 1710 413 1750 454; x_wconf 75' lang='grc' dir='ltr'>δε</span> <span class='ocrx_word' id='word_1_228' title='bbox 1768 416 1895 455; x_wconf 79' lang='lat' dir='ltr'>Mart.</span> 
     </span>
    </p>
   </div>
   <div class='ocr_carea' id='block_1_18' title="bbox 1273 471 2138 529">
    <p class='ocr_par' dir='ltr' id='par_1_30' title="bbox 1273 471 2138 529">
     <span class='ocr_line' id='line_1_60' title="bbox 1273 471 2138 529; baseline 0.016 -24"><span class='ocrx_word' id='word_1_229' title='bbox 1273 500 1289 505; x_wconf 19' lang='lat' dir='ltr'>o,</span> <span class='ocrx_word' id='word_1_230' title='bbox 1363 476 1425 516; x_wconf 85' lang='lat' dir='ltr'>Ex</span> <span class='ocrx_word' id='word_1_231' title='bbox 1441 473 1548 515; x_wconf 90' lang='lat' dir='ltr'>Velo</span> <span class='ocrx_word' id='word_1_232' title='bbox 1566 471 1777 529; x_wconf 76' lang='lat' dir='ltr'>§.Julianae</span> <span class='ocrx_word' id='word_1_233' title='bbox 1801 471 1853 514; x_wconf 89' lang='lat' dir='ltr'>de</span> <span class='ocrx_word' id='word_1_234' title='bbox 1867 471 2138 520; x_wconf 73' lang='lat' dir='ltr'>Falconeriis.</span> 
     </span>
    </p>
   </div>
   <div class='ocr_carea' id='block_1_19' title="bbox 1352 533 2112 1876">
    <p class='ocr_par' dir='ltr' id='par_1_31' title="bbox 1361 533 1592 590">
     <span class='ocr_line' id='line_1_61' title="bbox 1361 533 1592 590; baseline -0.009 -15"><span class='ocrx_word' id='word_1_235' title='bbox 1361 535 1401 575; x_wconf 85' lang='lat' dir='ltr'>S.</span> <span class='ocrx_word' id='word_1_236' title='bbox 1413 533 1592 590; x_wconf 81' lang='lat' dir='ltr'>Justinae.</span> 
     </span>
    </p>

    <p class='ocr_par' dir='ltr' id='par_1_32' title="bbox 1365 590 1883 646">
     <span class='ocr_line' id='line_1_62' title="bbox 1365 590 1883 646; baseline -0.008 -12"><span class='ocrx_word' id='word_1_237' title='bbox 1365 591 1556 634; x_wconf 88' lang='lat' dir='ltr'>-Luciae</span> <span class='ocrx_word' id='word_1_238' title='bbox 1573 591 1745 646; x_wconf 83' lang='lat' dir='ltr'>Virg.·&amp;</span> <span class='ocrx_word' id='word_1_239' title='bbox 1756 590 1883 630; x_wconf 86' lang='lat' dir='ltr'>Mart.</span> 
     </span>
    </p>

    <p class='ocr_par' dir='ltr' id='par_1_33' title="bbox 1365 648 1928 693">
     <span class='ocr_line' id='line_1_63' title="bbox 1365 648 1928 693; baseline -0.009 0"><span class='ocrx_word' id='word_1_240' title='bbox 1365 652 1412 693; x_wconf 91' lang='lat' dir='ltr'>B.</span> <span class='ocrx_word' id='word_1_241' title='bbox 1427 648 1643 692; x_wconf 84' lang='lat' dir='ltr'>Ludovicae</span> <span class='ocrx_word' id='word_1_242' title='bbox 1659 648 1928 691; x_wconf 83' lang='lat' dir='ltr'>Albertoniae.</span> 
     </span>
    </p>

    <p class='ocr_par' dir='ltr' id='par_1_34' title="bbox 1354 706 2112 1114">
     <span class='ocr_line' id='line_1_64' title="bbox 1363 706 2112 762; baseline -0.003 -11"><span class='ocrx_word' id='word_1_243' title='bbox 1363 711 1404 751; x_wconf 90' lang='lat' dir='ltr'>S.</span> <span class='ocrx_word' id='word_1_244' title='bbox 1422 709 1560 750; x_wconf 87' lang='lat' dir='ltr'>Mariae</span> <span class='ocrx_word' id='word_1_245' title='bbox 1578 707 1828 762; x_wconf 83' lang='lat' dir='ltr'>Magdalenae</span> <span class='ocrx_word' id='word_1_246' title='bbox 1843 706 2082 762; x_wconf 77' lang='lat' dir='ltr'>poenitentis</span> <span class='ocrx_word' id='word_1_247' title='bbox 2101 734 2112 749; x_wconf 84' lang='grc'><strong>.</strong></span> 
     </span>
     <span class='ocr_line' id='line_1_65' title="bbox 1360 767 1764 809; baseline -0.01 1"><span class='ocrx_word' id='word_1_248' title='bbox 1360 768 1556 809; x_wconf 85' lang='lat' dir='ltr'>——Mariae</span> <span class='ocrx_word' id='word_1_249' title='bbox 1574 767 1738 809; x_wconf 79' lang='lat' dir='ltr'>Solome</span> <span class='ocrx_word' id='word_1_250' title='bbox 1753 795 1764 806; x_wconf 92' lang='lat'>.</span> 
     </span>
     <span class='ocr_line' id='line_1_66' title="bbox 1362 824 1977 880; baseline -0.002 -13"><span class='ocrx_word' id='word_1_251' title='bbox 1362 826 1652 880; x_wconf 84' lang='lat' dir='ltr'>—Margaritae</span> <span class='ocrx_word' id='word_1_252' title='bbox 1669 825 1783 879; x_wconf 84' lang='lat' dir='ltr'>Visg.</span> <span class='ocrx_word' id='word_1_253' title='bbox 1795 824 1835 865; x_wconf 79' lang='grc' dir='ltr'>δι</span> <span class='ocrx_word' id='word_1_254' title='bbox 1853 826 1977 867; x_wconf 85' lang='lat' dir='ltr'>Mart.</span> 
     </span>
     <span class='ocr_line' id='line_1_67' title="bbox 1360 884 2018 939; baseline -0.003 -12"><span class='ocrx_word' id='word_1_255' title='bbox 1360 885 1651 939; x_wconf 83' lang='lat' dir='ltr'>—Margasitae</span> <span class='ocrx_word' id='word_1_256' title='bbox 1668 885 1833 938; x_wconf 79' lang='lat' dir='ltr'>Reginae</span> <span class='ocrx_word' id='word_1_257' title='bbox 1849 884 2018 926; x_wconf 84' lang='lat' dir='ltr'>scotiae.</span> 
     </span>
     <span class='ocr_line' id='line_1_68' title="bbox 1358 944 1950 998; baseline -0.003 -12"><span class='ocrx_word' id='word_1_258' title='bbox 1358 945 1644 998; x_wconf 84' lang='lat' dir='ltr'>—Margaritae</span> <span class='ocrx_word' id='word_1_259' title='bbox 1673 944 1724 984; x_wconf 87' lang='lat' dir='ltr'>de</span> <span class='ocrx_word' id='word_1_260' title='bbox 1738 948 1923 984; x_wconf 80' lang='lat' dir='ltr'>Cortona</span> <span class='ocrx_word' id='word_1_261' title='bbox 1937 973 1950 984; x_wconf 92' lang='lat'><strong><em>.</em></strong></span> 
     </span>
     <span class='ocr_line' id='line_1_69' title="bbox 1355 998 2093 1055; baseline -0.001 -12"><span class='ocrx_word' id='word_1_262' title='bbox 1355 1004 1582 1052; x_wconf 77' lang='lat' dir='ltr'>—Marthae</span> <span class='ocrx_word' id='word_1_263' title='bbox 1598 998 1825 1055; x_wconf 70' lang='lat' dir='ltr'>Hospitiss‘ae.</span> <span class='ocrx_word' id='word_1_264' title='bbox 1837 1000 2066 1043; x_wconf 80' lang='lat' dir='ltr'>salvatoris</span> <span class='ocrx_word' id='word_1_265' title='bbox 2082 1028 2093 1042; x_wconf 86' lang='lat'><strong>.</strong></span> 
     </span>
     <span class='ocr_line' id='line_1_70' title="bbox 1354 1060 1933 1114; baseline -0.005 -11"><span class='ocrx_word' id='word_1_266' title='bbox 1354 1062 1599 1103; x_wconf 81' lang='lat' dir='ltr'>-Marsinae</span> <span class='ocrx_word' id='word_1_267' title='bbox 1615 1061 1730 1114; x_wconf 82' lang='lat' dir='ltr'>Virg.</span> <span class='ocrx_word' id='word_1_268' title='bbox 1752 1060 1790 1100; x_wconf 90' lang='lat'>&amp;</span> <span class='ocrx_word' id='word_1_269' title='bbox 1810 1060 1933 1101; x_wconf 78' lang='lat' dir='ltr'>Mart.</span> 
     </span>
    </p>

    <p class='ocr_par' dir='ltr' id='par_1_35' title="bbox 1355 1116 2066 1220">
     <span class='ocr_line' id='line_1_71' title="bbox 1355 1116 2066 1162; baseline -0.004 -2"><span class='ocrx_word' id='word_1_270' title='bbox 1355 1120 1396 1160; x_wconf 90' lang='lat' dir='ltr'>B.</span> <span class='ocrx_word' id='word_1_271' title='bbox 1415 1119 1643 1162; x_wconf 86' lang='lat' dir='ltr'>Michelinae</span> <span class='ocrx_word' id='word_1_272' title='bbox 1655 1118 1707 1160; x_wconf 91' lang='lat' dir='ltr'>de</span> <span class='ocrx_word' id='word_1_273' title='bbox 1722 1116 1885 1161; x_wconf 83' lang='lat' dir='ltr'>Pisauro</span> <span class='ocrx_word' id='word_1_274' title='bbox 1899 1116 2041 1162; x_wconf 82' lang='lat' dir='ltr'>viduae</span> <span class='ocrx_word' id='word_1_275' title='bbox 2054 1144 2066 1157; x_wconf 91' lang='lat'><strong>.</strong></span> 
     </span>
     <span class='ocr_line' id='line_1_72' title="bbox 1355 1178 1736 1220; baseline 0 -2"><span class='ocrx_word' id='word_1_276' title='bbox 1355 1179 1395 1219; x_wconf 89' lang='lat' dir='ltr'>S.</span> <span class='ocrx_word' id='word_1_277' title='bbox 1414 1178 1545 1220; x_wconf 87' lang='lat' dir='ltr'>Paulae</span> <span class='ocrx_word' id='word_1_278' title='bbox 1565 1179 1736 1220; x_wconf 86' lang='lat' dir='ltr'>Viduae.</span> 
     </span>
    </p>

    <p class='ocr_par' dir='ltr' id='par_1_36' title="bbox 1352 1237 1775 1349">
     <span class='ocr_line' id='line_1_73' title="bbox 1352 1237 1770 1292; baseline 0 -13"><span class='ocrx_word' id='word_1_279' title='bbox 1352 1240 1626 1292; x_wconf 75' lang='lat' dir='ltr'>—Perpetuae</span> <span class='ocrx_word' id='word_1_280' title='bbox 1645 1237 1770 1279; x_wconf 83' lang='lat' dir='ltr'>Mart.</span> 
     </span>
     <span class='ocr_line' id='line_1_74' title="bbox 1354 1295 1775 1349; baseline -0.002 -12"><span class='ocrx_word' id='word_1_281' title='bbox 1354 1295 1645 1338; x_wconf 86' lang='lat' dir='ltr'>——Petronillae</span> <span class='ocrx_word' id='word_1_282' title='bbox 1661 1295 1775 1349; x_wconf 85' lang='lat' dir='ltr'>Virg.</span> 
     </span>
    </p>

    <p class='ocr_par' dir='ltr' id='par_1_37' title="bbox 1354 1354 1720 1408">
     <span class='ocr_line' id='line_1_75' title="bbox 1354 1354 1720 1408; baseline -0.008 -12"><span class='ocrx_word' id='word_1_283' title='bbox 1354 1355 1583 1396; x_wconf 73' lang='lat' dir='ltr'>—Rofaliae</span> <span class='ocrx_word' id='word_1_284' title='bbox 1601 1354 1720 1408; x_wconf 87' lang='lat' dir='ltr'>Virg.</span> 
     </span>
    </p>

    <p class='ocr_par' dir='ltr' id='par_1_38' title="bbox 1359 1409 2048 1526">
     <span class='ocr_line' id='line_1_76' title="bbox 1359 1409 2048 1455; baseline -0.001 0"><span class='ocrx_word' id='word_1_285' title='bbox 1359 1415 1420 1455; x_wconf 86' lang='lat' dir='ltr'>Ex</span> <span class='ocrx_word' id='word_1_286' title='bbox 1446 1413 1539 1455; x_wconf 90' lang='lat' dir='ltr'>velo</span> <span class='ocrx_word' id='word_1_287' title='bbox 1557 1415 1581 1454; x_wconf 93' lang='lat' dir='ltr'>S</span> <span class='ocrx_word' id='word_1_288' title='bbox 1593 1441 1604 1453; x_wconf 88' lang='lat'><strong>.</strong></span> <span class='ocrx_word' id='word_1_289' title='bbox 1625 1411 1740 1455; x_wconf 83' lang='lat' dir='ltr'>Rosae</span> <span class='ocrx_word' id='word_1_290' title='bbox 1760 1411 1813 1454; x_wconf 89' lang='lat' dir='ltr'>de</span> <span class='ocrx_word' id='word_1_291' title='bbox 1828 1409 2048 1455; x_wconf 69' lang='lat' dir='ltr'>viterbio:</span> 
     </span>
     <span class='ocr_line' id='line_1_77' title="bbox 1361 1471 1804 1526; baseline -0.007 -11"><span class='ocrx_word' id='word_1_292' title='bbox 1361 1475 1402 1515; x_wconf 87' lang='lat' dir='ltr'>S.</span> <span class='ocrx_word' id='word_1_293' title='bbox 1419 1471 1674 1514; x_wconf 69' lang='lat' dir='ltr'>Scholastica</span> <span class='ocrx_word' id='word_1_294' title='bbox 1688 1472 1804 1526; x_wconf 82' lang='lat' dir='ltr'>Vis-g.</span> 
     </span>
    </p>

    <p class='ocr_par' dir='ltr' id='par_1_39' title="bbox 1353 1529 1930 1819">
     <span class='ocr_line' id='line_1_78' title="bbox 1355 1529 1913 1586; baseline 0.002 -15"><span class='ocrx_word' id='word_1_295' title='bbox 1355 1529 1587 1586; x_wconf 76' lang='lat' dir='ltr'>-Serapiae</span> <span class='ocrx_word' id='word_1_296' title='bbox 1601 1531 1718 1584; x_wconf 85' lang='lat' dir='ltr'>Vis-g.</span> <span class='ocrx_word' id='word_1_297' title='bbox 1733 1531 1772 1572; x_wconf 79' lang='grc' dir='ltr'>δι</span> <span class='ocrx_word' id='word_1_298' title='bbox 1787 1532 1913 1572; x_wconf 84' lang='lat' dir='ltr'>Mart.</span> 
     </span>
     <span class='ocr_line' id='line_1_79' title="bbox 1353 1589 1832 1644; baseline -0.006 -11"><span class='ocrx_word' id='word_1_299' title='bbox 1353 1589 1693 1644; x_wconf 84' lang='lat' dir='ltr'>-symphorosae</span> <span class='ocrx_word' id='word_1_300' title='bbox 1707 1591 1832 1631; x_wconf 80' lang='lat' dir='ltr'>Mart.</span> 
     </span>
     <span class='ocr_line' id='line_1_80' title="bbox 1358 1647 1930 1702; baseline -0.014 -10"><span class='ocrx_word' id='word_1_301' title='bbox 1358 1647 1606 1692; x_wconf 85' lang='lat' dir='ltr'>-Susannae</span> <span class='ocrx_word' id='word_1_302' title='bbox 1625 1649 1740 1702; x_wconf 88' lang='lat' dir='ltr'>Virg.</span> <span class='ocrx_word' id='word_1_303' title='bbox 1757 1649 1797 1688; x_wconf 87' lang='lat'>&amp;</span> <span class='ocrx_word' id='word_1_304' title='bbox 1809 1647 1930 1689; x_wconf 83' lang='lat' dir='ltr'>Mart.</span> 
     </span>
     <span class='ocr_line' id='line_1_81' title="bbox 1356 1706 1923 1762; baseline -0.005 -13"><span class='ocrx_word' id='word_1_305' title='bbox 1356 1706 1582 1749; x_wconf 86' lang='lat' dir='ltr'>-Theclae</span> <span class='ocrx_word' id='word_1_306' title='bbox 1597 1707 1714 1762; x_wconf 87' lang='lat' dir='ltr'>Virg.</span> <span class='ocrx_word' id='word_1_307' title='bbox 1745 1707 1786 1748; x_wconf 78' lang='grc' dir='ltr'>δι</span> <span class='ocrx_word' id='word_1_308' title='bbox 1799 1708 1923 1749; x_wconf 84' lang='lat' dir='ltr'>Mart.</span> 
     </span>
     <span class='ocr_line' id='line_1_82' title="bbox 1357 1766 1743 1819; baseline -0.005 -13"><span class='ocrx_word' id='word_1_309' title='bbox 1357 1766 1614 1806; x_wconf 83' lang='lat' dir='ltr'>—Therefiae</span> <span class='ocrx_word' id='word_1_310' title='bbox 1628 1766 1743 1819; x_wconf 81' lang='lat' dir='ltr'>Vis-g.</span> 
     </span>
    </p>

    <p class='ocr_par' dir='ltr' id='par_1_40' title="bbox 1355 1820 1914 1876">
     <span class='ocr_line' id='line_1_83' title="bbox 1355 1820 1914 1876; baseline -0.007 -12"><span class='ocrx_word' id='word_1_311' title='bbox 1355 1820 1568 1864; x_wconf 81' lang='lat' dir='ltr'>—Ursulae</span> <span class='ocrx_word' id='word_1_312' title='bbox 1583 1822 1702 1876; x_wconf 77' lang='lat' dir='ltr'>Virg.</span> <span class='ocrx_word' id='word_1_313' title='bbox 1723 1823 1765 1862; x_wconf 76' lang='grc' dir='ltr'>δι</span> <span class='ocrx_word' id='word_1_314' title='bbox 1789 1824 1914 1863; x_wconf 81' lang='lat' dir='ltr'>Mart.</span> 
     </span>
    </p>
   </div>
   <div class='ocr_carea' id='block_1_20' title="bbox 1875 1932 2107 1950">
    <p class='ocr_par' dir='ltr' id='par_1_41' title="bbox 1875 1932 2107 1950">
     <span class='ocr_line' id='line_1_84' title="bbox 1875 1932 2107 1950; baseline 0 2144"><span class='ocrx_word' id='word_1_315' title='bbox 1875 1932 2107 1950; x_wconf 95' lang='lat' dir='ltr'> </span> 
     </span>
    </p>
   </div>
   <div class='ocr_carea' id='block_1_21' title="bbox 2222 1937 2336 1951">
    <p class='ocr_par' dir='ltr' id='par_1_42' title="bbox 2222 1937 2336 1951">
     <span class='ocr_line' id='line_1_85' title="bbox 2222 1937 2336 1951; baseline 0 0"><span class='ocrx_word' id='word_1_316' title='bbox 2222 1937 2336 1951; x_wconf 95' lang='lat' dir='ltr'> </span> 
     </span>
    </p>
   </div>
   <div class='ocr_carea' id='block_1_22' title="bbox 1349 1989 2338 2205">
    <p class='ocr_par' dir='ltr' id='par_1_43' title="bbox 1349 1989 2338 2205">
     <span class='ocr_line' id='line_1_86' title="bbox 1439 1989 2338 2044; baseline 0.001 -14"><span class='ocrx_word' id='word_1_317' title='bbox 1439 1990 1567 2032; x_wconf 85' lang='lat' dir='ltr'>Plures</span> <span class='ocrx_word' id='word_1_318' title='bbox 1579 1992 1722 2034; x_wconf 81' lang='lat' dir='ltr'>litterae</span> <span class='ocrx_word' id='word_1_319' title='bbox 1745 1991 1950 2044; x_wconf 69' lang='lat' dir='ltr'>originales</span> <span class='ocrx_word' id='word_1_320' title='bbox 1963 1989 2189 2032; x_wconf 63' lang='lat' dir='ltr'>Saublorum</span> <span class='ocrx_word' id='word_1_321' title='bbox 2200 2019 2214 2042; x_wconf 89' lang='lat'>‚</span> <span class='ocrx_word' id='word_1_322' title='bbox 2241 1993 2338 2034; x_wconf 87' lang='lat' dir='ltr'>Bea-</span> 
     </span>
     <span class='ocr_line' id='line_1_87' title="bbox 1349 2046 2335 2103; baseline 0.008 -19"><span class='ocrx_word' id='word_1_323' title='bbox 1349 2053 1476 2097; x_wconf 76' lang='lat' dir='ltr'>torum</span> <span class='ocrx_word' id='word_1_324' title='bbox 1486 2071 1500 2092; x_wconf 65' lang='lat'>2</span> <span class='ocrx_word' id='word_1_325' title='bbox 1518 2046 1805 2092; x_wconf 76' lang='lat' dir='ltr'>Venerabilium,</span> <span class='ocrx_word' id='word_1_326' title='bbox 1818 2049 2009 2098; x_wconf 79' lang='lat' dir='ltr'>pluraque</span> <span class='ocrx_word' id='word_1_327' title='bbox 2025 2048 2106 2088; x_wconf 86' lang='lat' dir='ltr'>alia</span> <span class='ocrx_word' id='word_1_328' title='bbox 2121 2077 2133 2096; x_wconf 92' lang='lat'>,</span> <span class='ocrx_word' id='word_1_329' title='bbox 2149 2062 2231 2101; x_wconf 84' lang='lat' dir='ltr'>quae</span> <span class='ocrx_word' id='word_1_330' title='bbox 2237 2047 2335 2103; x_wconf 50' lang='lat' dir='ltr'>stite</span> 
     </span>
     <span class='ocr_line' id='line_1_88' title="bbox 1352 2100 2332 2160; baseline 0.006 -19"><span class='ocrx_word' id='word_1_331' title='bbox 1352 2109 1443 2141; x_wconf 81' lang='lat' dir='ltr'>runt</span> <span class='ocrx_word' id='word_1_332' title='bbox 1457 2101 1512 2140; x_wconf 84' lang='lat' dir='ltr'>ad</span> <span class='ocrx_word' id='word_1_333' title='bbox 1520 2101 1627 2156; x_wconf 74' lang='lat' dir='ltr'>usum</span> <span class='ocrx_word' id='word_1_334' title='bbox 1640 2100 1805 2156; x_wconf 73' lang='lat' dir='ltr'>ipsorum</span> <span class='ocrx_word' id='word_1_335' title='bbox 1817 2101 1902 2149; x_wconf 76' lang='lat' dir='ltr'>&amp;c-</span> <span class='ocrx_word' id='word_1_336' title='bbox 1915 2114 1982 2144; x_wconf 83' lang='lat' dir='ltr'>nec</span> <span class='ocrx_word' id='word_1_337' title='bbox 1995 2116 2069 2145; x_wconf 83' lang='lat' dir='ltr'>non</span> <span class='ocrx_word' id='word_1_338' title='bbox 2081 2107 2235 2160; x_wconf 81' lang='lat' dir='ltr'>integer</span> <span class='ocrx_word' id='word_1_339' title='bbox 2245 2108 2332 2149; x_wconf 43' lang='lat' dir='ltr'>Ha*</span> 
     </span>
     <span class='ocr_line' id='line_1_89' title="bbox 1350 2157 2136 2205; baseline 0.006 -5"><span class='ocrx_word' id='word_1_340' title='bbox 1350 2157 1452 2200; x_wconf 81' lang='lat' dir='ltr'><em>bitus</em></span> <span class='ocrx_word' id='word_1_341' title='bbox 1463 2162 1612 2201; x_wconf 67' lang='lat' dir='ltr'>Statua</span> <span class='ocrx_word' id='word_1_342' title='bbox 1624 2159 1666 2198; x_wconf 85' lang='grc' dir='ltr'>Ε.</span> <span class='ocrx_word' id='word_1_343' title='bbox 1685 2159 1722 2200; x_wconf 82' lang='lat' dir='ltr'>V.</span> <span class='ocrx_word' id='word_1_344' title='bbox 1739 2161 1884 2201; x_wconf 79' lang='lat' dir='ltr'>Mariae</span> <span class='ocrx_word' id='word_1_345' title='bbox 1894 2163 2136 2205; x_wconf 76' lang='lat' dir='ltr'>Lauretanae.</span> 
     </span>
    </p>
   </div>
   <div class='ocr_carea' id='block_1_23' title="bbox 2194 2227 2346 2257">
    <p class='ocr_par' dir='ltr' id='par_1_44' title="bbox 2194 2227 2346 2257">
     <span class='ocr_line' id='line_1_90' title="bbox 2331 2227 2346 2235; baseline 0 0"><span class='ocrx_word' id='word_1_346' title='bbox 2331 2227 2346 2235; x_wconf 68' lang='lat' dir='ltr'>v</span> 
     </span>
     <span class='ocr_line' id='line_1_91' title="bbox 2194 2242 2332 2257; baseline 0.014 -2"><span class='ocrx_word' id='word_1_347' title='bbox 2194 2242 2332 2257; x_wconf 67' lang='lat'>-—</span> 
     </span>
    </p>
   </div>
   <div class='ocr_carea' id='block_1_24' title="bbox 1727 2238 1842 2250">
    <p class='ocr_par' dir='ltr' id='par_1_45' title="bbox 1727 2238 1842 2250">
     <span class='ocr_line' id='line_1_92' title="bbox 1727 2238 1842 2250; baseline 0 1844"><span class='ocrx_word' id='word_1_348' title='bbox 1727 2238 1842 2250; x_wconf 95' lang='lat' dir='ltr'> </span> 
     </span>
    </p>
   </div>
   <div class='ocr_carea' id='block_1_25' title="bbox 1959 2239 2191 2257">
    <p class='ocr_par' dir='ltr' id='par_1_46' title="bbox 1959 2239 2191 2257">
     <span class='ocr_line' id='line_1_93' title="bbox 1959 2239 2191 2257; baseline 0 0"><span class='ocrx_word' id='word_1_349' title='bbox 1959 2239 2191 2257; x_wconf 95' lang='lat' dir='ltr'> </span> 
     </span>
    </p>
   </div>
   <div class='ocr_carea' id='block_1_26' title="bbox 1842 2240 1958 2256">
    <p class='ocr_par' dir='ltr' id='par_1_47' title="bbox 1842 2240 1958 2256">
     <span class='ocr_line' id='line_1_94' title="bbox 1842 2240 1958 2256; baseline 0 0"><span class='ocrx_word' id='word_1_350' title='bbox 1842 2240 1958 2256; x_wconf 95' lang='lat' dir='ltr'> </span> 
     </span>
    </p>
   </div>
   <div class='ocr_carea' id='block_1_27' title="bbox 1496 2240 1725 2253">
    <p class='ocr_par' dir='ltr' id='par_1_48' title="bbox 1496 2240 1725 2253">
     <span class='ocr_line' id='line_1_95' title="bbox 1496 2240 1725 2253; baseline 0 1841"><span class='ocrx_word' id='word_1_351' title='bbox 1496 2240 1725 2253; x_wconf 95' lang='lat' dir='ltr'> </span> 
     </span>
    </p>
   </div>
   <div class='ocr_carea' id='block_1_28' title="bbox 1335 2331 2330 2630">
    <p class='ocr_par' dir='ltr' id='par_1_49' title="bbox 1335 2331 2330 2630">
     <span class='ocr_line' id='line_1_96' title="bbox 1346 2331 2329 2424; baseline 0.01 -51"><span class='ocrx_word' id='word_1_352' title='bbox 1346 2341 1442 2424; x_wconf 74' lang='grc' dir='ltr'>Ἰ)</span> <span class='ocrx_word' id='word_1_353' title='bbox 1460 2336 1532 2378; x_wconf 83' lang='lat' dir='ltr'>Eus</span> <span class='ocrx_word' id='word_1_354' title='bbox 1545 2363 1557 2385; x_wconf 90' lang='lat'>,</span> <span class='ocrx_word' id='word_1_355' title='bbox 1578 2336 1647 2390; x_wconf 71' lang='lat' dir='ltr'>qai</span> <span class='ocrx_word' id='word_1_356' title='bbox 1661 2336 1759 2377; x_wconf 86' lang='lat' dir='ltr'>hanc</span> <span class='ocrx_word' id='word_1_357' title='bbox 1774 2331 2067 2390; x_wconf 62' lang='lat' dir='ltr'>§acrosanb‘t&#39;am</span> <span class='ocrx_word' id='word_1_358' title='bbox 2085 2339 2329 2395; x_wconf 44' lang='lat' dir='ltr'>Ecclestamu,</span> 
     </span>
     <span class='ocr_line' id='line_1_97' title="bbox 1456 2393 2326 2451; baseline 0.006 -16"><span class='ocrx_word' id='word_1_359' title='bbox 1456 2404 1516 2436; x_wconf 85' lang='lat' dir='ltr'>tot</span> <span class='ocrx_word' id='word_1_360' title='bbox 1531 2393 1667 2451; x_wconf 76' lang='lat' dir='ltr'>volasti</span> <span class='ocrx_word' id='word_1_361' title='bbox 1683 2395 1910 2438; x_wconf 63' lang='lat' dir='ltr'>sannorum</span> <span class='ocrx_word' id='word_1_362' title='bbox 1928 2396 2104 2438; x_wconf 83' lang='lat' dir='ltr'>decorari</span> <span class='ocrx_word' id='word_1_363' title='bbox 2118 2398 2326 2451; x_wconf 68' lang='lat' dir='ltr'>Rela&#39;quiis,</span> 
     </span>
     <span class='ocr_line' id='line_1_98' title="bbox 1344 2452 2330 2510; baseline 0.002 -15"><span class='ocrx_word' id='word_1_364' title='bbox 1344 2454 1497 2496; x_wconf 81' lang='lat' dir='ltr'>concede</span> <span class='ocrx_word' id='word_1_365' title='bbox 1518 2452 1624 2494; x_wconf 84' lang='lat' dir='ltr'>nabis</span> <span class='ocrx_word' id='word_1_366' title='bbox 1625 2453 1796 2510; x_wconf 80' lang='lat' dir='ltr'>famulis</span> <span class='ocrx_word' id='word_1_367' title='bbox 1810 2457 1888 2495; x_wconf 87' lang='lat' dir='ltr'>tuis</span> <span class='ocrx_word' id='word_1_368' title='bbox 1901 2479 1915 2499; x_wconf 60' lang='lat'>2</span> <span class='ocrx_word' id='word_1_369' title='bbox 1929 2464 1991 2504; x_wconf 85' lang='lat' dir='ltr'>ut,</span> <span class='ocrx_word' id='word_1_370' title='bbox 2015 2468 2179 2508; x_wconf 84' lang='lat' dir='ltr'>quorum</span> <span class='ocrx_word' id='word_1_371' title='bbox 2195 2470 2330 2497; x_wconf 79' lang='lat' dir='ltr'>meme-</span> 
     </span>
     <span class='ocr_line' id='line_1_99' title="bbox 1342 2511 2327 2570; baseline 0.003 -16"><span class='ocrx_word' id='word_1_372' title='bbox 1342 2513 1445 2554; x_wconf 84' lang='lat' dir='ltr'>riam</span> <span class='ocrx_word' id='word_1_373' title='bbox 1470 2525 1701 2554; x_wconf 80' lang='lat' dir='ltr'>veneramur</span> <span class='ocrx_word' id='word_1_374' title='bbox 1725 2517 1767 2553; x_wconf 85' lang='lat' dir='ltr'>in</span> <span class='ocrx_word' id='word_1_375' title='bbox 1795 2511 1915 2553; x_wconf 84' lang='lat' dir='ltr'>terris</span> <span class='ocrx_word' id='word_1_376' title='bbox 1939 2541 1952 2562; x_wconf 89' lang='lat'>,</span> <span class='ocrx_word' id='word_1_377' title='bbox 1981 2527 2112 2556; x_wconf 87' lang='lat' dir='ltr'>corum</span> <span class='ocrx_word' id='word_1_378' title='bbox 2137 2513 2327 2570; x_wconf 82' lang='lat' dir='ltr'>consortio</span> 
     </span>
     <span class='ocr_line' id='line_1_100' title="bbox 1335 2572 2257 2630; baseline 0.003 -18"><span class='ocrx_word' id='word_1_379' title='bbox 1335 2572 1600 2630; x_wconf 81' lang='lat' dir='ltr'>perfruamur</span> <span class='ocrx_word' id='word_1_380' title='bbox 1616 2575 1658 2613; x_wconf 84' lang='lat' dir='ltr'>in</span> <span class='ocrx_word' id='word_1_381' title='bbox 1683 2573 1794 2614; x_wconf 80' lang='lat' dir='ltr'>Coelis</span> <span class='ocrx_word' id='word_1_382' title='bbox 1810 2600 1821 2612; x_wconf 90' lang='lat'>.</span> <span class='ocrx_word' id='word_1_383' title='bbox 1850 2573 1918 2613; x_wconf 79' lang='lat' dir='ltr'>Per</span> <span class='ocrx_word' id='word_1_384' title='bbox 1936 2572 2151 2615; x_wconf 83' lang='lat' dir='ltr'>Dominum</span> <span class='ocrx_word' id='word_1_385' title='bbox 2168 2572 2257 2624; x_wconf 58' lang='lat' dir='ltr'>&amp;a</span> 
     </span>
    </p>
   </div>
   <div class='ocr_carea' id='block_1_29' title="bbox 1336 2689 2326 2981">
    <p class='ocr_par' dir='ltr' id='par_1_50' title="bbox 1336 2689 2326 2981">
     <span class='ocr_line' id='line_1_101' title="bbox 1411 2689 2265 2734; baseline 0.006 -5"><span class='ocrx_word' id='word_1_386' title='bbox 1411 2689 1493 2730; x_wconf 90' lang='lat' dir='ltr'>IN</span> <span class='ocrx_word' id='word_1_387' title='bbox 1536 2689 1772 2731; x_wconf 85' lang='lat' dir='ltr'>PRIMO</span> <span class='ocrx_word' id='word_1_388' title='bbox 1813 2690 2265 2734; x_wconf 85' lang='lat' dir='ltr'>NOCTURNO.</span> 
     </span>
     <span class='ocr_line' id='line_1_102' title="bbox 1714 2749 2326 2794; baseline 0.005 -3"><span class='ocrx_word' id='word_1_389' title='bbox 1714 2749 1925 2791; x_wconf 72' lang='lat' dir='ltr'>Lefflones</span> <span class='ocrx_word' id='word_1_390' title='bbox 1941 2776 1952 2788; x_wconf 92' lang='lat'><strong>.</strong></span> <span class='ocrx_word' id='word_1_391' title='bbox 2322 2792 2326 2794; x_wconf 73' lang='grc'>,</span> 
     </span>
     <span class='ocr_line' id='line_1_103' title="bbox 1400 2804 2322 2862; baseline 0.003 -16"><span class='ocrx_word' id='word_1_392' title='bbox 1400 2810 1463 2850; x_wconf 89' lang='lat' dir='ltr'>De</span> <span class='ocrx_word' id='word_1_393' title='bbox 1479 2804 1646 2862; x_wconf 80' lang='lat' dir='ltr'>Epistola</span> <span class='ocrx_word' id='word_1_394' title='bbox 1666 2810 1782 2847; x_wconf 84' lang='lat' dir='ltr'>Beati</span> <span class='ocrx_word' id='word_1_395' title='bbox 1803 2808 1914 2848; x_wconf 87' lang='lat' dir='ltr'>Pauli</span> <span class='ocrx_word' id='word_1_396' title='bbox 1927 2806 2099 2860; x_wconf 87' lang='lat' dir='ltr'>Apostoli</span> <span class='ocrx_word' id='word_1_397' title='bbox 2109 2808 2162 2850; x_wconf 87' lang='lat' dir='ltr'>ad</span> <span class='ocrx_word' id='word_1_398' title='bbox 2176 2811 2322 2851; x_wconf 82' lang='lat' dir='ltr'>Roma.</span> 
     </span>
     <span class='ocr_line' id='line_1_104' title="bbox 1336 2863 2324 2925; baseline 0.005 -19"><span class='ocrx_word' id='word_1_399' title='bbox 1336 2878 1399 2907; x_wconf 84' lang='lat' dir='ltr'>nos</span> <span class='ocrx_word' id='word_1_400' title='bbox 1418 2894 1429 2907; x_wconf 91' lang='grc'><strong>.</strong></span> <span class='ocrx_word' id='word_1_401' title='bbox 1455 2869 1616 2908; x_wconf 83' lang='lat' dir='ltr'>Fratres</span> <span class='ocrx_word' id='word_1_402' title='bbox 1645 2866 1857 2907; x_wconf 74' lang='lat' dir='ltr'>debitores</span> <span class='ocrx_word' id='word_1_403' title='bbox 1888 2863 2020 2909; x_wconf 85' lang='lat' dir='ltr'>sumus</span> <span class='ocrx_word' id='word_1_404' title='bbox 2048 2868 2128 2925; x_wconf 71' lang='grc' dir='ltr'>ᾲε.</span> <span class='ocrx_word' id='word_1_405' title='bbox 2159 2867 2203 2909; x_wconf 85' lang='lat' dir='ltr'>de</span> <span class='ocrx_word' id='word_1_406' title='bbox 2225 2881 2324 2911; x_wconf 84' lang='lat' dir='ltr'>com·</span> 
     </span>
     <span class='ocr_line' id='line_1_105' title="bbox 1337 2926 1847 2981; baseline 0.002 -15"><span class='ocrx_word' id='word_1_407' title='bbox 1337 2929 1447 2967; x_wconf 74' lang='lat' dir='ltr'>mum·</span> <span class='ocrx_word' id='word_1_408' title='bbox 1451 2927 1717 2981; x_wconf 84' lang='lat' dir='ltr'>plurimorum</span> <span class='ocrx_word' id='word_1_409' title='bbox 1734 2926 1847 2967; x_wconf 89' lang='lat' dir='ltr'>MM.</span> 
     </span>
    </p>
   </div>
   <div class='ocr_carea' id='block_1_30' title="bbox 1324 3042 2320 3906">
    <p class='ocr_par' dir='ltr' id='par_1_51' title="bbox 1339 3042 2320 3275">
     <span class='ocr_line' id='line_1_106' title="bbox 1339 3042 2320 3087; baseline 0.001 -4"><span class='ocrx_word' id='word_1_410' title='bbox 1339 3045 1415 3085; x_wconf 87' lang='lat' dir='ltr'>IN</span> <span class='ocrx_word' id='word_1_411' title='bbox 1473 3042 1824 3087; x_wconf 86' lang='lat' dir='ltr'><strong>SECUNDO</strong></span> <span class='ocrx_word' id='word_1_412' title='bbox 1881 3043 2320 3087; x_wconf 82' lang='lat' dir='ltr'>NOCTURNO.</span> 
     </span>
     <span class='ocr_line' id='line_1_107' title="bbox 1710 3103 1942 3146; baseline -0.017 0"><span class='ocrx_word' id='word_1_413' title='bbox 1710 3103 1851 3146; x_wconf 66' lang='lat' dir='ltr'>Lectio</span> <span class='ocrx_word' id='word_1_414' title='bbox 1883 3115 1942 3143; x_wconf 84' lang='grc' dir='ltr'>ιν.</span> 
     </span>
     <span class='ocr_line' id='line_1_108' title="bbox 1381 3159 2277 3219; baseline -0.002 -17"><span class='ocrx_word' id='word_1_415' title='bbox 1381 3163 1438 3202; x_wconf 79' lang='lat' dir='ltr'>Ex</span> <span class='ocrx_word' id='word_1_416' title='bbox 1453 3161 1631 3204; x_wconf 65' lang='lat' dir='ltr'>trabiatu</span> <span class='ocrx_word' id='word_1_417' title='bbox 1645 3163 1855 3216; x_wconf 78' lang='lat' dir='ltr'>s.⁶Joanuis</span> <span class='ocrx_word' id='word_1_418' title='bbox 1881 3159 2114 3219; x_wconf 82' lang='lat' dir='ltr'>Damasteni</span> <span class='ocrx_word' id='word_1_419' title='bbox 2124 3162 2169 3204; x_wconf 86' lang='lat' dir='ltr'>de</span> <span class='ocrx_word' id='word_1_420' title='bbox 2181 3159 2277 3203; x_wconf 80' lang='lat' dir='ltr'>Fia&#39;e</span> 
     </span>
     <span class='ocr_line' id='line_1_109' title="bbox 1542 3218 2115 3275; baseline -0.003 -12"><span class='ocrx_word' id='word_1_421' title='bbox 1542 3221 1767 3263; x_wconf 80' lang='lat' dir='ltr'>Orthodoxa</span> <span class='ocrx_word' id='word_1_422' title='bbox 1783 3249 1794 3262; x_wconf 93' lang='lat'><strong>.</strong></span> <span class='ocrx_word' id='word_1_423' title='bbox 1826 3220 1942 3269; x_wconf 80' lang='lat' dir='ltr'>lib.4.</span> <span class='ocrx_word' id='word_1_424' title='bbox 1958 3233 2043 3275; x_wconf 73' lang='lat' dir='ltr'>cap.</span> <span class='ocrx_word' id='word_1_425' title='bbox 2055 3218 2115 3262; x_wconf 78' lang='lat'>16.</span> 
     </span>
    </p>

    <p class='ocr_par' dir='ltr' id='par_1_52' title="bbox 1339 3272 2318 3361">
     <span class='ocr_line' id='line_1_110' title="bbox 1339 3272 2318 3361; baseline 0 -42"><span class='ocrx_word' id='word_1_426' title='bbox 1339 3272 1404 3361; x_wconf 81' lang='lat' dir='ltr'><em>C</em></span> <span class='ocrx_word' id='word_1_427' title='bbox 1416 3277 1568 3333; x_wconf 73' lang='lat' dir='ltr'>Hristus</span> <span class='ocrx_word' id='word_1_428' title='bbox 1584 3282 1773 3323; x_wconf 77' lang='lat' dir='ltr'>Dominus</span> <span class='ocrx_word' id='word_1_429' title='bbox 1799 3279 2027 3320; x_wconf 64' lang='lat' dir='ltr'>Sanbiorum</span> <span class='ocrx_word' id='word_1_430' title='bbox 2050 3279 2237 3334; x_wconf 79' lang='lat' dir='ltr'>reliquias</span> <span class='ocrx_word' id='word_1_431' title='bbox 2251 3291 2318 3319; x_wconf 79' lang='lat' dir='ltr'>ve-</span> 
     </span>
    </p>

    <p class='ocr_par' dir='ltr' id='par_1_53' title="bbox 1324 3332 2320 3903">
     <span class='ocr_line' id='line_1_111' title="bbox 1431 3332 2316 3397; baseline 0 -21"><span class='ocrx_word' id='word_1_432' title='bbox 1431 3336 1491 3376; x_wconf 89' lang='lat' dir='ltr'>lut</span> <span class='ocrx_word' id='word_1_433' title='bbox 1491 3336 1625 3392; x_wconf 86' lang='lat' dir='ltr'>saluti</span> <span class='ocrx_word' id='word_1_434' title='bbox 1622 3332 1727 3395; x_wconf 83' lang='lat' dir='ltr'>seros</span> <span class='ocrx_word' id='word_1_435' title='bbox 1740 3338 1874 3397; x_wconf 75' lang='lat' dir='ltr'>sontes</span> <span class='ocrx_word' id='word_1_436' title='bbox 1884 3334 2062 3392; x_wconf 72' lang='lat' dir='ltr'>prebuit</span> <span class='ocrx_word' id='word_1_437' title='bbox 2073 3366 2089 3387; x_wconf 86' lang='lat'>,</span> <span class='ocrx_word' id='word_1_438' title='bbox 2108 3351 2155 3380; x_wconf 80' lang='lat' dir='ltr'>ex</span> <span class='ocrx_word' id='word_1_439' title='bbox 2179 3335 2316 3392; x_wconf 83' lang='lat' dir='ltr'>quibus</span> 
     </span>
     <span class='ocr_line' id='line_1_112' title="bbox 1329 3393 2318 3453; baseline -0.001 -17"><span class='ocrx_word' id='word_1_440' title='bbox 1329 3394 1512 3450; x_wconf 83' lang='lat' dir='ltr'>plurima</span> <span class='ocrx_word' id='word_1_441' title='bbox 1538 3397 1592 3436; x_wconf 88' lang='lat' dir='ltr'>ad</span> <span class='ocrx_word' id='word_1_442' title='bbox 1617 3411 1681 3438; x_wconf 88' lang='lat' dir='ltr'>nos</span> <span class='ocrx_word' id='word_1_443' title='bbox 1699 3395 1878 3453; x_wconf 75' lang='lat' dir='ltr'>beneficia</span> <span class='ocrx_word' id='word_1_444' title='bbox 1917 3405 2079 3436; x_wconf 85' lang='lat' dir='ltr'>manant</span> <span class='ocrx_word' id='word_1_445' title='bbox 2101 3424 2116 3447; x_wconf 80' lang='lat'>‚</span> <span class='ocrx_word' id='word_1_446' title='bbox 2131 3393 2318 3452; x_wconf 65' lang='lat' dir='ltr'>staavisp&#39;-</span> 
     </span>
     <span class='ocr_line' id='line_1_113' title="bbox 1337 3453 2313 3513; baseline 0.001 -18"><span class='ocrx_word' id='word_1_447' title='bbox 1337 3466 1516 3507; x_wconf 80' lang='lat' dir='ltr'>mumque</span> <span class='ocrx_word' id='word_1_448' title='bbox 1535 3466 1771 3509; x_wconf 83' lang='lat' dir='ltr'>unguentum</span> <span class='ocrx_word' id='word_1_449' title='bbox 1779 3453 1949 3513; x_wconf 80' lang='lat' dir='ltr'>profluit</span> <span class='ocrx_word' id='word_1_450' title='bbox 1962 3482 1973 3494; x_wconf 88' lang='lat'><strong>.</strong></span> <span class='ocrx_word' id='word_1_451' title='bbox 2005 3456 2086 3498; x_wconf 87' lang='lat' dir='ltr'>Nec</span> <span class='ocrx_word' id='word_1_452' title='bbox 2099 3454 2187 3497; x_wconf 74' lang='lat' dir='ltr'>vero</span> <span class='ocrx_word' id='word_1_453' title='bbox 2203 3454 2313 3510; x_wconf 69' lang='lat' dir='ltr'>quiſs</span> 
     </span>
     <span class='ocr_line' id='line_1_114' title="bbox 1338 3511 2320 3569; baseline 0.002 -15"><span class='ocrx_word' id='word_1_454' title='bbox 1338 3525 1456 3567; x_wconf 86' lang='lat' dir='ltr'>quam</span> <span class='ocrx_word' id='word_1_455' title='bbox 1470 3513 1558 3554; x_wconf 83' lang='lat' dir='ltr'>huic</span> <span class='ocrx_word' id='word_1_456' title='bbox 1568 3515 1743 3567; x_wconf 76' lang='lat' dir='ltr'>sbrruoni</span> <span class='ocrx_word' id='word_1_457' title='bbox 1758 3514 1880 3569; x_wconf 85' lang='lat' dir='ltr'>fidem</span> <span class='ocrx_word' id='word_1_458' title='bbox 1905 3512 2116 3566; x_wconf 81' lang='lat' dir='ltr'>detrahat3</span> <span class='ocrx_word' id='word_1_459' title='bbox 2148 3517 2268 3564; x_wconf 86' lang='lat' dir='ltr'>Nam,</span> <span class='ocrx_word' id='word_1_460' title='bbox 2271 3511 2320 3568; x_wconf 83' lang='lat' dir='ltr'><em>st</em></span> 
     </span>
     <span class='ocr_line' id='line_1_115' title="bbox 1338 3569 2310 3631; baseline 0 -19"><span class='ocrx_word' id='word_1_461' title='bbox 1338 3584 1443 3626; x_wconf 86' lang='lat' dir='ltr'>aqua</span> <span class='ocrx_word' id='word_1_462' title='bbox 1459 3574 1501 3612; x_wconf 84' lang='lat' dir='ltr'>in</span> <span class='ocrx_word' id='word_1_463' title='bbox 1525 3571 1671 3626; x_wconf 72' lang='lat' dir='ltr'>defirto</span> <span class='ocrx_word' id='word_1_464' title='bbox 1683 3588 1727 3613; x_wconf 85' lang='lat' dir='ltr'>ex</span> <span class='ocrx_word' id='word_1_465' title='bbox 1741 3569 1877 3631; x_wconf 77' lang='lat' dir='ltr'>aspera</span> <span class='ocrx_word' id='word_1_466' title='bbox 1892 3572 2072 3630; x_wconf 73' lang='lat' dir='ltr'>&amp;solida</span> <span class='ocrx_word' id='word_1_467' title='bbox 2100 3581 2197 3628; x_wconf 84' lang='lat' dir='ltr'>rupe</span> <span class='ocrx_word' id='word_1_468' title='bbox 2209 3601 2221 3621; x_wconf 91' lang='lat'>,</span> <span class='ocrx_word' id='word_1_469' title='bbox 2245 3581 2310 3613; x_wconf 85' lang='lat' dir='ltr'>at-</span> 
     </span>
     <span class='ocr_line' id='line_1_116' title="bbox 1339 3630 2307 3690; baseline -0.001 -19"><span class='ocrx_word' id='word_1_470' title='bbox 1339 3644 1411 3685; x_wconf 86' lang='lat' dir='ltr'>que</span> <span class='ocrx_word' id='word_1_471' title='bbox 1424 3644 1468 3671; x_wconf 84' lang='lat' dir='ltr'>ox</span> <span class='ocrx_word' id='word_1_472' title='bbox 1485 3630 1596 3685; x_wconf 75' lang='lat' dir='ltr'>Asini</span> <span class='ocrx_word' id='word_1_473' title='bbox 1610 3632 1772 3674; x_wconf 83' lang='lat' dir='ltr'>maxilla</span> <span class='ocrx_word' id='word_1_474' title='bbox 1797 3632 2076 3690; x_wconf 74' lang='lat' dir='ltr'>adst-danaum</span> <span class='ocrx_word' id='word_1_475' title='bbox 2091 3630 2307 3689; x_wconf 77' lang='lat' dir='ltr'>sampsonis</span> 
     </span>
     <span class='ocr_line' id='line_1_117' title="bbox 1324 3687 2308 3745; baseline -0.006 -11"><span class='ocrx_word' id='word_1_476' title='bbox 1324 3687 1542 3745; x_wconf 62' lang='lat' dir='ltr'>sttimmeo</span> <span class='ocrx_word' id='word_1_477' title='bbox 1564 3692 1623 3731; x_wconf 87' lang='lat' dir='ltr'>ita</span> <span class='ocrx_word' id='word_1_478' title='bbox 1645 3692 1803 3742; x_wconf 74' lang='lat' dir='ltr'>volente,</span> <span class='ocrx_word' id='word_1_479' title='bbox 1816 3689 2006 3745; x_wconf 76' lang='lat' dir='ltr'>prost&#39;liit3</span> <span class='ocrx_word' id='word_1_480' title='bbox 2019 3691 2227 3738; x_wconf 85' lang='lat' dir='ltr'>Erit—ne,</span> <span class='ocrx_word' id='word_1_481' title='bbox 2239 3702 2308 3729; x_wconf 86' lang='lat' dir='ltr'>cur</span> 
     </span>
     <span class='ocr_line' id='line_1_118' title="bbox 1335 3749 2304 3800; baseline 0.001 -12"><span class='ocrx_word' id='word_1_482' title='bbox 1335 3752 1514 3800; x_wconf 80' lang='lat' dir='ltr'>cuiquam</span> <span class='ocrx_word' id='word_1_483' title='bbox 1527 3750 1753 3791; x_wconf 83' lang='lat' dir='ltr'>incredibile</span> <span class='ocrx_word' id='word_1_484' title='bbox 1767 3749 1948 3791; x_wconf 80' lang='lat' dir='ltr'>videatur</span> <span class='ocrx_word' id='word_1_485' title='bbox 1961 3763 2009 3790; x_wconf 77' lang='lat' dir='ltr'>ex</span> <span class='ocrx_word' id='word_1_486' title='bbox 2034 3751 2304 3799; x_wconf 64' lang='lat' dir='ltr'>Martyrum-2</span> 
     </span>
     <span class='ocr_line' id='line_1_119' title="bbox 1334 3804 2303 3903; baseline -0.005 -52"><span class='ocrx_word' id='word_1_487' title='bbox 1334 3804 1526 3864; x_wconf 59' lang='lat' dir='ltr'>Reliquit}</span> <span class='ocrx_word' id='word_1_488' title='bbox 1549 3808 1679 3866; x_wconf 64' lang='lat' dir='ltr'>suagse</span> <span class='ocrx_word' id='word_1_489' title='bbox 1714 3818 1953 3866; x_wconf 79' lang='lat' dir='ltr'>unguentum</span> <span class='ocrx_word' id='word_1_490' title='bbox 1961 3805 2303 3903; x_wconf 35' lang='lat' dir='ltr'>stataria-iffi-</span> 
     </span>
    </p>

    <p class='ocr_par' dir='ltr' id='par_1_54' title="bbox 2139 3874 2196 3906">
     <span class='ocr_line' id='line_1_120' title="bbox 2139 3874 2196 3906; baseline -0.07 0"><span class='ocrx_word' id='word_1_491' title='bbox 2139 3874 2196 3906; x_wconf 73' lang='lat' dir='ltr'>mi</span> 
     </span>
    </p>
   </div>
  </div>
 </body>
</html>
