2638 4088
386 192 562 277 32²'f

475 299 477 303 ‘
589 300 1049 352 nncnssro

393 438 487 490 Sac.
502 435 842 508 Congregationis
858 430 999 501 Epist.
1022 439 1078 486 ὅ
1091 432 1250 505 Regul-

324 576 587 635 Concordia
618 577 736 626 inter
766 578 828 626 R.
858 576 909 625 P.
938 577 1317 628 Provincialem..

396 644 1027 713 societatisJesu,Provinciae
1046 650 1319 719 Aragoniae,

396 722 444 773 &
457 714 763 770 Refidentiam
780 717 956 769 Sanetae
968 721 1200 787 Speluncae
1214 723 1320 770 San·

395 792 458 842 sti
489 790 660 857 Ignatii
685 786 744 837 de
771 790 957 856 Loyola
983 804 1113 840 extra
1158 807 1319 841 muros

393 859 616 911 Civitatis
635 857 969 911 Manresae=&
991 862 1041 911 P.
1057 861 1321 913 Provincia·

395 932 487 980 lem
503 964 519 987 ‚
541 946 593 977 ac
625 925 921 982 Diffinitores
946 929 1106 982 nostrae
1132 933 1321 983 Provin-

394 1002 472 1050 ciae
489 1001 740 1050 Cataloniae
756 1035 772 1058 ,
804 1018 856 1050 ac
874 1004 1182 1053 Conventum
1216 1007 1322 1053 San·

395 1072 458 1123 &i
477 1070 818 1129 Bartholomaei,
837 1068 1038 1134 ejusdem
1070 1074 1289 1124 Civitatis
1305 1107 1322 1131 ,

397 1142 446 1193 ὅ(
473 1139 736 1208 Syndicum
758 1138 1081 1209 Apostolicum
1111 1145 1233 1193 circa
1258 1142 1323 1191 di-

397 1214 521 1263 flam
541 1210 759 1262 San-stam
780 1212 1056 1279 Speluncam
1073 1210 1288 1263 conclusa
1306 1247 1324 1272 ,

395 1303 448 1334 ac
463 1282 518 1332 ab
538 1280 773 1349 utriusque
802 1283 1060 1352 Religionis
1077 1287 1326 1336 PP.Gene-

398 1351 572 1406 ralibus
588 1351 854 1420 approbata,
869 1371 976 1402 cum
1000 1355 1144 1422 pactis
1163 1353 1211 1407 ἃ
1227 1373 1334 1405 con-

399 1421 652 1474 ditionibus
669 1425 713 1471 in
731 1440 784 1472 ea
802 1422 1016 1492 expreffis
1033 1426 1333 1487 ratihabetur,

397 1495 447 1548 ὅ(
466 1493 489 1542 ὲ
503 1492 793 1545 Sanffiffimo
807 1493 1107 1547 confirmatur
1121 1534 1134 1547 .

612 1632 854 1700 Beatiffi‘me
885 1633 1016 1686 Pater
1035 1673 1049 1688 .

451 1772 532 1815 Um
550 1771 660 1815 inter
674 1781 809 1826 partes
823 1773 1089 1816 provincialis
1107 1775 1327 1817 Societatis

458 1831 552 1887 Jesu
586 1829 816 1874 Provinciae
836 1833 1050 1887 Aragoniae
1066 1861 1079 1884 ‚
1105 1833 1146 1874 δι
1174 1831 1328 1874 Domus

329 1890 575 1933 Reudentiae
598 1891 750 1934 Sanstae
779 1890 987 1946 Speluncae
1022 1892 1155 1935 Sancti
1180 1891 1328 1948 Ignatii

330 1948 382 1989 de
400 1950 555 2003 Loyola
573 1959 688 1991 extra
706 1963 841 1993 muros
857 1949 1046 1993 Civitatis
1071 1952 1261 1995 Manresae
1278 1964 1327 1993 ex

328 2009 506 2050 uuaz&
525 2010 605 2052 PP.
622 2008 909 2061 Provincialis,
933 2011 972 2051 8ι
990 2010 1226 2054 Diffinitorii
1247 2013 1330 2052 Re·

327 2066 490 2124 ligionis
507 2067 812 2124 Capucinorum
836 2069 1068 2112 Provinciae
1093 2071 1238 2112 Matris
1253 2069 1329 2110 Dei

328 2126 557 2170 Cataloniae
578 2151 592 2173 a
617 2127 656 2167 δι
678 2124 924 2169 Conventus
949 2127 1084 2169 Sancti
1112 2125 1328 2166 Bartholo-

329 2185 415 2225 maei
430 2211 447 2232 ,
476 2181 655 2236 ejusdem
670 2179 852 2230 Ordinis,
866 2189 981 2222 extra
1001 2194 1136 2222 muros
1151 2180 1331 2236 ejusdem

328 2238 522 2283 Civitatis
554 2266 567 2288 ,
591 2245 661 2278 aut
690 2237 857 2291 Syndici
887 2239 1112 2293 Apostolici
1144 2239 1326 2294 ejusdem

329 2295 574 2342 Conventus
612 2310 661 2337 ex
690 2295 1023 2350 altera-partibus
1054 2325 1068 2346 ,
1097 2298 1255 2352 agitatae
1285 2299 1324 2338 δε

332 2357 582 2415 prosequutae
609 2352 761 2393 fuerint
789 2352 830 2393 in
857 2352 1021 2395 diverfis
1039 2355 1326 2398 Tribunalibus

327 2423 498 2470 quatuor
514 2410 609 2453 lites
625 2438 639 2460 a
662 2409 792 2452 altera
819 2408 939 2466 super
956 2414 1114 2456 unitate
1128 2442 1144 2464 ,
1159 2415 1199 2456 δι
1219 2415 1328 2458 veri-

328 2482 414 2516 tate
429 2469 620 2528 praedistae
635 2469 842 2524 Speluncae
859 2473 991 2513 Saniti
1006 2472 1152 2527 Ignatii
1177 2473 1229 2517 de
1246 2477 1327 2518 Lo-

330 2530 425 2589 yola
442 2558 456 2582 ‚
471 2542 589 2584 quam
605 2527 805 2583 poffident
833 2531 920 2574 PP.
936 2532 1253 2590 SocietatisJesu
1269 2549 1326 2577 =

333 2591 460 2634 altera
477 2586 590 2643 super
605 2586 756 2632 fabrica
770 2590 1019 2644 quarundam
1046 2590 1326 2646 fenestrarum,

330 2663 414 2707 quae
428 2657 573 2703 apertae
591 2644 755 2691 fuerunt
781 2647 821 2690 in
849 2649 1034 2706 praedicla
1054 2653 1189 2703 Domo
1214 2653 1326 2697 Refi-

328 2709 473 2753 dentiae
498 2722 554 2749 =
580 2706 710 2748 altera
737 2707 851 2762 super
874 2708 1050 2765 quodam
1077 2706 1180 2753 Vico
1203 2741 1218 2765 ,
1254 2715 1320 2756 feu

330 2769 410 2810 Via
422 2795 436 2818 ,
450 2779 535 2822 quae
549 2766 569 2806 εὶ
586 2765 722 2808 Platea
737 2765 908 2820 praedicti
926 2769 1167 2813 Conventus
1192 2771 1324 2815 Sancti

330 2824 617 2871 Bartholomaei
631 2824 814 2879 procedit
831 2827 881 2870 ad
901 2829 1017 2870 Viam
1034 2844 1145 2886 ‚quae
1160 2844 1208 2873 ex
1222 2846 1323 2888 prae-

328 2885 434 2928 dieta
456 2883 657 2939 Spelunca
688 2884 820 2939 pergit
847 2886 896 2928 ad
935 2887 1215 2932 molendinum
1243 2920 1258 2942 ,
1288 2892 1328 2932 &

330 2943 574 2999 applicanda
604 2951 689 2984 erat
718 2943 911 2998 praedietae
946 2948 1094 2989 Domui
1131 2948 1326 2992 Refiden·

331 3004 394 3045 tiae
411 3018 466 3043 ε
490 3004 530 3044 &
546 3002 676 3046 altera
694 3000 858 3044 demum
887 3003 1000 3059 super
1030 3004 1326 3052 fundatione-³

331 3060 510 3116 ejusdem
531 3061 815 3113 fundamenti,
845 3060 909 3105 seu
933 3063 1231 3107 construetione
1256 3081 1327 3121 pa.

330 3120 443 3162 rietis
459 3147 472 3169 ‚
502 3132 619 3173 quem
648 3121 700 3162 de
717 3133 826 3164 novo
850 3122 1006 3165 fecerat
1026 3123 1285 3166 Guardianus
1308 3152 1322 3176 ‚

330 3181 370 3220 &
385 3179 515 3222 dietus
539 3179 776 3222 Conventus
793 3183 922 3225 saneti
942 3180 1220 3225 Bartholomaei
1254 3183 1326 3226 in.»

331 3239 409 3280 Via
425 3263 438 3285 a
453 3251 542 3291 quae
565 3234 584 3277 ὲ
603 3236 767 3291 praefata
782 3240 922 3283 Sancta
940 3241 1139 3298 Spelunca
1151 3270 1166 3293 ‚
1185 3243 1226 3284 δι
1242 3244 1328 3284 Do·

333 3310 406 3346 mo,
420 3296 661 3340 Residentiae
674 3298 810 3342 tendit
829 3300 878 3342 ad
905 3302 1009 3344 viam
1038 3301 1211 3356 Regiam
1228 3303 1322 3343 Bar-

331 3357 486 3396 cinonae
502 3368 527 3419 :·
543 3366 729 3398 verentes
745 3385 759 3407 ,
787 3371 837 3400 ne
856 3359 1061 3404 ulteriora
1087 3360 1325 3403 suscitaren-

333 3423 401 3455 tur
421 3413 552 3469 litigia
569 3439 582 3461 a
600 3414 639 3454 δι
654 3416 862 3471 cupientes
880 3422 958 3462 PP.
978 3419 1241 3463 provincialis
1257 3449 1271 3470 ,
1285 3420 1324 3460 δι

333 3471 625 3514 Diffinitorium
645 3475 864 3519 Provinciae
894 3479 1035 3522 Matris
1055 3479 1129 3521 Dei
1145 3477 1320 3533 Capuci-

336 3546 480 3575 norum
510 3532 736 3575 Cataloniae
751 3562 764 3584 ,
787 3536 826 3576 δι
844 3539 1042 3592 Syndicus
1057 3537 1316 3592 Apostolicus

337 3589 492 3646 praefati
507 3590 745 3634 Conventus
758 3598 885 3637 Sanfti
905 3596 1204 3647 Bartholomaei‚
1219 3598 1259 3638 δι
1278 3597 1322 3638 Ρ.

337 3650 604 3692 Provincialis
633 3652 850 3695 Societatis
866 3655 958 3709 Jesu
977 3656 1202 3700 Provinciae
1219 3661 1320 3700 Ara·

339 3708 594 3758 goniaefinem
613 3712 846 3767 imponere,
870 3717 910 3756 δι
934 3717 1153 3759 terminare
1178 3716 1321 3757 amica—

339 3765 411 3806 bili
437 3769 704 3824 tractatione,
722 3774 759 3813 δι
794 3775 1016 3818 concordia
1045 3775 1250 3833 praedictas
1271 3775 1320 3816 li-

1081 159 1668 247 Provincia

1326 348 1328 350 ,
1384 302 1727 370 tes-pendentes,
1749 303 1791 345 δι
1816 302 2057 361 inposterum
2079 308 2233 353 futuras
2256 335 2271 360 ,
2301 323 2377 366 pro

1382 363 1529 420 majori
1545 362 1750 420 utriusque
1766 363 1891 417 partis
1908 362 2016 406 bono
2029 366 2070 408 &
2083 369 2233 421 quiete,
2243 370 2284 410 δι
2298 383 2373 426 pro

1382 435 1464 465 non
1485 423 1633 466 minori
1662 422 1786 466 totius
1805 421 2056 478 Reipublicae
2078 423 2370 477 aedificatione,

1378 483 1421 524 &
1442 480 1628 539 exemplo
1658 492 1940 524 convenerunt
1956 510 1971 533 ‚
1997 482 2038 522 δι
2067 481 2374 528 concordarunt

1378 543 1687 586 transactionem
1700 543 1740 583 &
1752 541 2019 583 concordiam
2030 569 2045 592 ,
2058 555 2146 599 quae
2168 539 2377 586 celebrata

1378 600 1491 643 estin
1509 602 1692 644 Civitate
1707 597 1901 644 Manresae
1929 598 2187 657 Principatfis
2208 600 2381 645 Catale-

1377 660 1467 712 niae,
1487 658 1682 702 Dioecesis
1698 657 1878 702 Vicenfis
1898 686 1913 710 ,
1927 658 1994 700 die
2010 659 2079 701 26.
2092 659 2237 703 mensis
2254 660 2380 702 oao-

1377 719 1462 763 bris
1477 718 1571 761 anni
1591 730 1637 769 17
1644 731 1713 773 34.
1728 730 1871 760 coram
1891 719 2069 760 Doctore
2094 719 2137 762 in
2165 729 2378 774 utroque.)

1376 775 1653 838 jure,Josepho
1667 776 1775 825 Sala,
1793 774 1975 835 ejusdem
1994 777 2186 820 Civitatis
2219 777 2378 820 Maure-

1380 837 1427 881 sae
1439 837 1619 881 Notat-io
1634 835 1817 891 publ-ico,
1833 849 1954 891 quam
1968 837 2175 894 utriusque
2190 835 2375 890 Religio·

1382 897 1441 940 nis
1456 897 1684 939 Gener-ales
1700 893 1978 950 approbarunt
1995 896 2034 938 &
2050 893 2346 938 confirmarunt
2362 921 2378 937 .

1381 959 1443 1000 Ut
1467 965 1603 998 autem
1619 953 1804 1010 praedicta
1830 955 2050 996 concordia
2065 980 2080 1002 a
2108 956 2146 997 &
2163 952 2381 997 transactio

1381 1014 1538 1057 firmior
1551 1013 1591 1056 in
1606 1023 1847 1069 perpetuum
1859 1011 2007 1056 evadat
2026 1041 2041 1064 ‚
2064 1012 2186 1055 iidem
2205 1012 2378 1055 Provin-

1381 1074 1555 1124 cialis‚&
1573 1071 1869 1116 Diffinitorium
1884 1071 2185 1126 Capucinorum
2201 1072 2382 1114 Provin-

1383 1133 1451 1175 ciae
1479 1132 1625 1175 Matris
1656 1130 1734 1174 Dei
1768 1128 1994 1174 Cataloniae
2021 1156 2037 1180 ‚
2066 1131 2106 1171 &
2134 1127 2380 1172 Conventus
2440 1169 2455 1183 ,

1385 1191 1498 1235 Beati
1513 1189 1798 1234 Bartholomaei
1815 1187 2017 1243 praedioli,
2034 1187 2100 1230 seu
2121 1186 2203 1238 eius
2221 1188 2374 1242 Syndi·

1383 1263 1455 1293 cus
1469 1247 1789 1304 Apostolicus,&
1803 1247 2068 1291 Provincialis
2084 1245 2299 1291 Societatis
2309 1246 2386 1301 Je-

1391 1310 1435 1353 su
1450 1307 1672 1350 Provincia
1686 1306 1898 1362 Aragoniae
1923 1305 1974 1349 ad
1989 1305 2221 1349 §annitaris
2236 1305 2382 1347 Vestrae

1390 1366 1514 1426 pedes
1531 1364 1738 1409 humiliter
1753 1363 1981 1422 provoluti,
1992 1364 2218 1409 S·Vestram
2232 1362 2383 1420 suppli·

1391 1428 1498 1469 citer
1527 1434 1699 1468 exorant
1714 1452 1731 1477 2
1755 1433 1802 1468 ut
1826 1421 2054 1479 pr'aedifitam
2086 1422 2352 1467 concordiam
2368 1446 2384 1472 2

1389 1488 1427 1530 8(
1445 1484 1756 1527 transactionem
1770 1511 1784 1535 ,
1795 1495 1868 1539 per
1883 1480 1970 1525 suas
1984 1482 2145 1526 litteras
2162 1482 2201 1524 in
2218 1483 2380 1524 forma.-

1388 1543 1529 1588 Brevis
1547 1542 1783 1599 Apostolico
1810 1542 1961 1584 robore
1990 1541 2146 1584 munire
2167 1541 2208 1582 δι
2227 1538 2383 1582 confir-

1388 1617 1501 1647 mare
1529 1601 1750 1657 dignetur.
1779 1600 1920 1642 Tenor
1941 1610 2078 1643 autem
2094 1598 2375 1643 transafflonis

1388 1663 1481 1706 talis
1498 1660 1554 1703 est
1568 1688 1582 1712 ,
1595 1668 1718 1716 prout
1733 1656 1758 1700 s
1751 1658 1914 1714 equitur
1927 1669 1940 1698 ε

1390 1783 1437 1822 ln
1452 1777 1628 1819 Civitate
1652 1775 1854 1829 Manrefie
1889 1773 2140 1828 Principatas
2166 1774 2385 1817 catalonia

1446 1834 1510 1877 die
1522 1832 1705 1890 vigesima
1721 1832 1843 1892 stxta
1868 1831 2000 1875 menffs
2027 1831 2206 1874 oelobris
2224 1832 2249 1874 α’
2267 1831 2386 1877 Nati„-

1447 1898 1575 1937 vitate
1595 1893 1761 1936 Domini
1777 1890 1913 1949 Nessa·
1930 1889 2031 1946 ‘Jcsu
2051 1890 2204 1945 Christi
2228 1888 2391 1945 milla-st*

1448 1968 1508 1997 mo
1519 1951 1867 2008 stptingentest'mo
1888 1948 2087 2007 trigssmo
2102 1959 2248 2005 quarto
2261 1953 2386 2001 inita,

1451 2013 1500 2061 ις’
1527 2010 1643 2062 faHa
1673 2008 1768 2068 fuit
1791 2011 1897 2052 inter
1923 2019 2061 2062 partes
2099 2005 2397 2067 infrustriptas‘

1446 2068 1688 2123 trargl'afflo,
1706 2069 1760 2116 ὠ·
1773 2067 1973 2109 concordia
1987 2094 2002 2118 ,
2017 2067 2300 2122 quaestquitur
2315 2080 2329 2108 z

1715 2182 1762 2225 In
1780 2181 1857 2225 Dei
1870 2180 2037 2224 nomine
2054 2209 2067 2222 .

1505 2299 1615 2340 Cum
1633 2295 1704 2348 fit,
1717 2295 1828 2354 quod
1844 2296 1953 2338 inter
1969 2303 2104 2351 partes
2119 2296 2388 2342 Reverendin

1387 2357 1473 2399 fimi
1490 2358 1536 2399 P.
1551 2355 1825 2399 Provincialis
1849 2355 2068 2398 societatis
2095 2355 2189 2411 jesu
2214 2357 2389 2400 Provin-

1387 2416 1459 2458 ciae
1489 2414 1704 2469 Aragoniae
1725 2443 1740 2465 ‚
1766 2415 1804 2455 δι
1832 2413 1984 2457 Domus
2006 2415 2253 2458 Residentiae
2288 2419 2391 2459 San-

1386 2477 1454 2517 &ae
1477 2475 1686 2531 Speluncae
1701 2475 1834 2516 San-sti
1850 2473 1996 2529 lgnatii
2023 2473 2076 2517 de
2091 2474 2249 2528 Loyola
2266 2477 2388 2521 extra

1386 2532 1715 2577 murosCivitatis
1730 2532 1920 2575 Manresae
1935 2545 1986 2574 ex
2000 2534 2177 2576 una-:81
2198 2535 2383 2576 RR.PP.
2447 2552 2451 2556 ⁴

1386 2591 1654 2637 Provincialis
1668 2619 1683 2642 ‚
1701 2595 1742 2636 &
1755 2590 1990 2634 Diffinitorii
2007 2591 2237 2648 Religionis
2253 2595 2390 2649 Capu-

1386 2653 1576 2696 cinorum
1596 2652 1819 2695 Provinciae
1848 2650 1992 2693 Matris
2022 2651 2102 2693 Dei
2135 2650 2388 2700 Cataloniae‚

1384 2714 1424 2755 δι
1439 2709 1677 2755 Conventfis
1695 2715 1735 2756 S.
1753 2708 2036 2754 Bartholomaei
2065 2707 2243 2765 ejusdem
2257 2710 2386 2753 Ordi-

1385 2772 1446 2814 nis
1462 2779 1578 2813 extra
1594 2784 1725 2814 muros
1738 2768 1919 2826 ejusdem
1932 2768 2141 2818 Civitatis,
2154 2767 2384 2824 autSyndi-

1388 2830 1426 2873 ci
1441 2829 1666 2886 Apostolici
1692 2827 1902 2885 supradicti
1916 2827 2176 2880 Conventus,
2190 2841 2242 2871 ex
2254 2828 2391 2887 alteras

1385 2890 1572 2945 partibus
1597 2890 1757 2945 agitatae
1783 2889 1824 2929 δι
1849 2887 2100 2944 prosequutae
2117 2885 2268 2930 fuerint
2286 2887 2385 2929 binae

1389 2949 1479 2992 lites
1496 2977 1510 3001 ‚
1531 2962 1610 2991 una
1630 2950 1672 2990 in
1696 2945 1890 2992 tribunali
1912 2949 2164 2990 Nuntiaturae
2181 2945 2383 3004 Hispaniae

1389 3007 1548 3051 Matriti
1565 3006 1682 3064 super
1706 3007 1935 3057 unitate,&
1956 3007 2130 3050 veritate
2153 3009 2193 3050 S.
2209 3005 2389 3063 Spelunz

1387 3082 1442 3111 cae
1457 3067 1697 3111 Patriarchae
1710 3070 1750 3110 S.
1766 3064 1910 3123 Ignatii
1931 3065 1984 3109 de
2001 3065 2384 3121 Loyola‚Fundato·

1389 3127 1441 3168 ris
1457 3125 1799 3182 SocietatisJesu‚
1815 3137 1902 3181 quae
1916 3123 2136 3181 poffidetur
2147 3126 2171 3168 ὲ
2194 3123 2381 3167 Patribus

1388 3184 1568 3241 ejusdem
1593 3185 1808 3227 Societatis
1822 3181 1911 3241 Jesu
1925 3208 1939 3231 ,
1955 3183 2083 3240 polita
2109 3181 2231 3223 &fita
2264 3190 2381 3224 extra

1386 3244 1526 3285 maenia
1539 3271 1554 3292 ‚
1568 3244 1607 3285 δι
1618 3257 1758 3299 parum
1771 3242 1912 3285 distans
1925 3243 1950 3284 a
1965 3239 2171 3297 praecitata
2189 3239 2376 3282 Civitate

1385 3302 1578 3345 Manresae
1593 3330 1605 3351 ,
1620 3303 1659 3343 in
1674 3315 1751 3358 qua
1779 3300 1956 3342 retinent
1980 3298 2104 3341 iidem
2129 3298 2268 3342 Patres
2293 3300 2382 3341 Do-

1385 3374 1491 3403 mum
1518 3359 1784 3403 Residentiae:
1802 3357 1989 3401 &altera
2016 3356 2068 3400 de
2094 3359 2274 3413 praesenti
2293 3361 2383 3401 Ro·

1384 3434 1455 3462 mae
1477 3432 1614 3461 coram
1629 3416 1879 3460 Sanniffimo
1897 3415 2039 3471 vigore
2067 3415 2350 3473 appellationis
2364 3443 2382 3467 ‚

1382 3481 1422 3521 δι.
1447 3487 1563 3521 antea
1592 3477 1631 3519 in
1664 3475 1849 3531 praedista
1883 3474 2133 3520 Nuntiatura
2146 3475 2263 3532 super
2277 3491 2378 3520 con-

1384 3538 1595 3581 structione
1617 3535 1837 3592 aliquarum
1855 3531 2116 3578 fenestrarum
2129 3565 2143 3586 ,
2159 3550 2243 3592 qua:
2259 3549 2378 3593 aper-

1382 3606 1430 3640 tae
1466 3594 1629 3640 fuerunt
1656 3594 1695 3636 in
1736 3592 1919 3650 praedieta
1950 3595 2083 3637 Domo
2112 3593 2376 3647 Refideutiae,

1381 3657 1474 3699 dum
1492 3654 1743 3713 praetendunt
1765 3652 1974 3709 supradicti
1993 3655 2089 3697 RR.
2107 3657 2187 3698 PP.
2202 3655 2380 3697 Provin-

1383 3716 1495 3759 cialis
1523 3743 1538 3766 ‚
1561 3717 1601 3757 ἃ.
1629 3712 1945 3765 Diffinitorium,
1975 3715 2013 3755 8<
2042 3722 2376 3768 praememoratus

1381 3778 1626 3821 Conventus
1642 3774 1772 3817 Sanffi
1801 3772 2088 3816 Bartholomaei
2101 3801 2115 3826 ,
2132 3774 2172 3816 &
2193 3771 2375 3829 praecita-

2255 3840 2319 3870 tus
