2592 4094
382 194 545 273 180
979 183 1683 270 Provincia&

305 322 437 376 'aientis
460 334 637 371 horrorem
662 333 844 374 exercuit,
859 331 929 368 it23
955 324 1040 361 utse
1063 323 1247 370 Sanguinis
1273 324 1443 370 Sponsam
1460 323 1695 370 Christo,qui
1718 323 1750 360 se
1770 323 1847 371 ejus
1873 323 2043 372 Sponsum
2060 325 2271 371 Sanguinum
2295 339 2359 363 vo-

312 394 451 424 caverat
480 383 515 420 8(
530 384 564 419 in
577 396 615 420 ea
629 382 859 418 voluntarium
874 376 953 410 vitae
968 372 1131 417 rigorem,
1143 374 1264 409 dolore
1275 373 1398 410 calculi
1410 373 1500 410 mirre
1516 372 1768 419 magnitudinis
1782 372 1972 409 adauxerat
1987 397 1997 413 ‚
2013 373 2121 409 effuso
2133 374 2154 410 ὲ
2165 376 2262 413 venis
2284 377 2354 412 san-

313 437 417 481 guine
439 408 500 468 st'io
521 432 623 476 digne
638 427 801 473 scripserit
815 447 828 466 ‚
848 422 883 458 &
907 422 950 456 ad
964 421 1151 466 omnigene
1180 421 1320 459 virtutis
1337 422 1468 469 apicem
1482 423 1597 459 Cruce
1617 423 1705 460 duce
1724 419 1933 477 pertigerit..
1950 422 2129 479 'Translata
2142 422 2354 461 Maffiliama

316 484 361 521 gd
379 481 570 519 formandas
582 480 616 514 in
628 487 726 513 novo
742 470 965 507 tabernaculo
980 470 1004 506 S
1032 470 1128 507 onsas
1149 469 1275 508 Christi
1290 497 1299 513 ‚
1326 470 1361 506 in
1378 471 1485 507 stadio
1510 470 1650 508 virtutis
1676 470 1798 518 potiits
1823 470 2067 505 admirationis
2083 493 2094 509 ‚
2121 469 2223 515 quam
2243 472 2358 509 imira-

315 532 422 569 ,50033
438 528 595 573 exempla
610 521 753 570 praebuit
768 544 778 555 .
800 516 950 554 Admiffa
975 529 994 553 a
1044 518 1220 555 secretiora
1238 518 1363 555 Divini
1387 519 1513 556 amoris
1538 519 1722 568 mysteria,
1735 518 1864 567 pluries
1886 518 1920 554 in
1938 519 2052 555 aerem
2067 526 2160 562 rapta
2173 540 2187 561 ,
2214 517 2361 575 sensibus

314 575 543 618 deffimm‚&
566 568 752 606 immobilis
778 575 913 613 reperta
925 565 998 602 est:
1022 566 1163 604 Ditavit
1186 579 1258 605 eam
1272 569 1427 615 sponsus
1450 568 1582 605 altioris
1602 568 1720 612 gratiae
1743 567 1875 608 donis;
1901 577 1981 605 nam
1999 566 2123 604 secreta
2141 566 2302 603 cordium
2315 567 2363 604 ad

314 629 456 665 salntem
482 618 648 659 revelavit
662 640 676 660 ‚
692 615 787 651 ranis
800 637 813 658 ‚
827 625 906 661 quae
935 616 970 650 in
985 615 1090 652 borro
1106 616 1317 660 Monasterii,
1329 629 1496 654 coaxante
1510 617 1569 653 suo
1582 615 1884 664 susurro,quietem
1899 616 2067 672 Sororum
2079 612 2278 671 nostor-narn
2289 625 2364 652 tur-

314 679 482 714 baverant
494 696 506 712 ,
532 665 698 704 silendum
715 663 846 700 indixit
857 687 872 708 ,
896 664 1046 711 avesque
1058 687 1070 708 ,
1095 675 1171 712 quae
1183 677 1276 711 vago
1292 665 1384 702 circa
1398 666 1491 702 illam
1509 667 1633 702 volatu
1657 666 1733 713 ejus
1745 663 1954 701 consortium
1973 662 2188 718 ambiebant,
2200 674 2363 702 innocen-

315 727 370 762 tiae
386 725 449 759 suar
472 716 629 764 garrulas
649 710 768 748 habuit
787 711 887 750 testes
901 740 910 747 .
925 711 1006 749 Post
1032 725 1176 750 mortem
1193 714 1227 750 in
1245 714 1485 761 splendoribus
1499 717 1519 750 a
1539 713 1695 762 pluribus
1709 713 1779 750 visa
1792 713 1840 750 est
1850 735 1863 755 ,
1876 713 1911 748 &
1924 738 1937 758 ‚
1951 713 2033 749 dum
2047 711 2268 758 apparitionis
2279 723 2364 759 pro-

315 771 446 816 digium
469 764 583 802 Puella
609 760 778 798 saecularis
802 759 917 797 tenuit
941 759 1175 799 absconditum
1190 787 1202 807 ‚
1228 773 1317 799 voce
1338 762 1432 799 Coeli
1457 773 1643 810 correpta,
1671 763 1806 799 Bonam
1828 761 1916 797 inter
1942 760 2112 805 Virgines
2127 759 2162 795 &
2187 759 2364 808 Martyres

316 817 519 863 triumphare
532 809 693 854 audivit,
716 809 752 846 &
777 809 926 855 gloriam
949 809 1044 847 illius
1058 811 1272 849 manifestare
1280 809 1368 859 juffa
1381 812 1429 849 est
1443 822 1452 847 =
1468 811 1553 849 hanc
1566 812 1601 847 &
1625 811 1806 848 firmat-unt
1831 809 1946 856 ligna,
1968 810 2004 846 &
2017 808 2133 855 gratia
2150 832 2163 850 ,
2183 808 2226 844 ad
2239 817 2360 856 preces

315 867 409 903 illius
433 860 546 908 ampli.¹
568 859 648 896 aliis
660 858 822 896 eonceffae
835 881 848 901 ‚
861 859 896 896 8(
919 859 956 894 in
971 868 1056 908 typo
1070 859 1152 896 vitae
1174 861 1284 897 relatar
1297 885 1306 895 .

413 912 524 950 Soror
538 907 724 955 Seraphina
739 929 751 950 ‚
763 907 819 944 cui
835 908 1026 944 Tourretta
1037 917 1166 950 ortum,
1186 921 1262 945 cum
1288 910 1428 947 nomine
1441 910 1576 960 joanna·
1593 909 1792 956 Carpiletioe
1806 932 1818 952 ,
1839 907 1874 944 8(
1892 907 2080 945 Avenione
2106 907 2142 943 in
2157 905 2285 944 aedibus
2298 904 2364 962 Pa:

315 961 398 1005 uni,
416 957 548 995 Decani
563 957 630 994 &c.
651 955 794 993 virtutis
810 955 1003 992 rudimenta
1026 956 1147 999 dedit,
1162 958 1242 994 vita:
1267 959 1445 1004 rigorem,
1470 969 1668 1005 novumque
1693 957 1948 1005 Capucinarum
1976 956 2174 992 institutum
2197 951 2363 1011 recensert

314 1011 375 1046 vix
391 1005 575 1050 audiit,ad
603 1004 700 1042 illius
727 1005 922 1049 amplexum
937 1004 968 1040 se
983 1005 1280 1043 benediaionibus
1305 1007 1449 1044 Domini
1463 1017 1647 1054 praeventa,
1659 1006 1800 1043 resolvit
1824 1031 1834 1041 .
1855 1006 1933 1054 jam
1963 1005 1998 1041 in
2021 1005 2239 1051 probationis
2253 1013 2362 1046 anno,

320 1056 516 1095 voluntatis
537 1052 760 1098 abnegationi
773 1051 856 1089 mire
881 1052 985 1090 studit
998 1076 1014 1100 ,
1035 1053 1070 1089 8(
1084 1078 1098 1098 ,
1124 1065 1162 1090 ut
1175 1055 1236 1091 hac
1254 1056 1376 1099 media,
1390 1055 1508 1092 solatia
1523 1055 1674 1103 Spiritsrs
1688 1054 1786 1092 unice
1802 1063 1965 1101 quaereret
1981 1079 1994 1098 ,
2019 1054 2062 1090 ab
2086 1053 2219 1089 interna
2234 1062 2357 1109 voye-.-

314 1118 384 1144 non
412 1105 514 1141 semel
539 1102 702 1140 audivitt
727 1101 814 1138 hane
839 1101 876 1139 8(
902 1101 1009 1138 inilla
1025 1102 1224 1149 perseaam,
1238 1106 1335 1142 Deus
1345 1105 1379 1140 in
1405 1104 1567 1152 prodigio
1592 1103 1817 1144 monstravit,
1841 1103 1922 1138 dum
1940 1103 2029 1138 enim
2050 1102 2202 1148 plantam
2214 1099 2363 1136 sterilem

313 1151 648 1200 ficcamque‚dnabus
666 1148 801 1187 vicibus
826 1150 1000 1199 quotidie,
1013 1153 1105 1188 coeca
1120 1152 1319 1191 obedientia
1331 1153 1486 1198 rigavit,
1511 1152 1719 1197 germinavit
1743 1153 1802 1188 illa
1820 1151 1970 1195 frondes,
1983 1150 2135 1186 omnium
2160 1151 2364 1186 Sororum..

314 1206 452 1249 stupore
469 1201 618 1237 virides:
643 1200 698 1236 Os
712 1197 808 1235 suum
823 1199 978 1247 aperiens
991 1199 1188 1247 sapientiae,
1208 1201 1404 1248 composuit
1424 1213 1476 1248 ¹5·
1493 1201 1622 1246 gradus
1641 1200 1806 1237 orationis
1819 1225 1832 1243 ,
1850 1200 1884 1236 in
1903 1210 1992 1246 quos
2007 1199 2087 1234 vitae
2098 1196 2218 1233 affivae
2234 1195 2270 1231 8(
2285 1205 2368 1231 con.

316 1250 529 1298 templativae
548 1249 758 1292 categoriam
780 1247 971 1291 conclusit,
984 1247 1018 1283 8(
1043 1260 1133 1296 quos
1158 1249 1239 1286 ideo
1252 1249 1393 1298 posteris
1408 1250 1428 1285 ὁ
1454 1249 1486 1286 se
1511 1248 1652 1287 reliaos
1672 1247 1763 1294 effe,
1792 1247 1934 1285 humilis
1947 1248 2088 1287 retulit,
2103 1254 2142 1282 ut
2157 1245 2199 1280 ab
2223 1244 2274 1279 his
2288 1252 2369 1298 per:

315 1300 438 1337 fectior
453 1321 465 1339 ,
489 1299 592 1345 quam
607 1297 651 1332 ab
675 1309 715 1332 ea
741 1296 868 1332 faftum
894 1296 1005 1338 foret,
1031 1296 1259 1334 fiereteorum
1286 1299 1389 1337 usus.
1405 1299 1547 1335 Nomen
1573 1298 1669 1333 suum
1700 1309 1847 1334 vacuum
1861 1308 1907 1333 ne
1932 1304 2096 1343 portaret,
2107 1294 2187 1330 vere
2204 1291 2373 1341 seraphten-

315 1347 441 1386 amoris
464 1347 574 1391 ignem
586 1368 599 1389 ,
624 1344 685 1391 qui
701 1357 775 1380 eam
789 1345 830 1381 ad
845 1355 965 1392 raptus
990 1345 1096 1391 usque
1112 1372 1121 1387 ,
1135 1347 1170 1382 8(
1193 1347 1344 1384 visiones
1363 1346 1466 1390 ursit,
1486 1346 1521 1383 in
1535 1346 1639 1383 corde
1653 1346 1714 1381 suo
1729 1345 1885 1382 accendit
1898 1370 1910 1386 ‚
1935 1346 2111 1392 tenuitque
2123 1343 2224 1379 illum
2247 1366 2258 1382 ‚
2283 1350 2372 1375 con-

317 1398 419 1434 tinuo
435 1395 578 1431 virtutis
603 1393 727 1430 merito
743 1393 852 1430 fotum
866 1419 876 1434 ‚
902 1406 939 1430 ac
954 1394 1058 1441 usque
1073 1396 1117 1431 ad
1139 1396 1317 1432 occursum
1335 1395 1476 1432 coelestis
1489 1394 1614 1443 Sponfi
1630 1394 1859 1432 flammantem
1874 1418 1884 1430 .
2193 1439 2204 1449 ο

412 1443 603 1490 Seraphinae
623 1441 810 1490 jungamus
827 1442 1076 1486 Cherubinam,
1091 1445 1271 1488 Sororem,
1284 1446 1435 1492 inquam,
1450 1443 1685 1480 Cherubinam
1699 1444 1719 1479 a
1736 1440 1973 1482 &Benediao
1983 1465 1996 1487 ,
2012 1453 2087 1488 quae
2111 1441 2260 1477 Patriam
2271 1461 2284 1481 ‚
2297 1437 2368 1474 Ta-

313 1493 442 1532 rascum
457 1516 470 1535 ‚
499 1493 633 1529 Patrem
654 1494 822 1535 Joannem
837 1491 879 1527 de
908 1491 1020 1528 Astier
1033 1516 1048 1536 ,
1066 1492 1213 1529 Matrem
1235 1494 1444 1530 Honoratam
1461 1492 1504 1529 de
1532 1494 1705 1529 Demonte
1717 1517 1727 1533 ,
1746 1505 1786 1530 ac
1805 1491 1970 1528 Maritum
1982 1513 1996 1535 ‚
2021 1490 2216 1547 Dominum
2232 1484 2371 1545 ’Raus-

314 1543 364 1581 set
389 1542 431 1578 de
452 1540 594 1578 Laudun
615 1564 627 1583 ,
651 1551 770 1577 omnes
798 1539 927 1576 virtute
943 1541 979 1577 8(
995 1539 1152 1588 prosapia
1177 1542 1286 1578 claros
1300 1565 1313 1585 ,
1339 1542 1457 1578 habuit
1476 1565 1485 1576 .
1513 1541 1651 1578 Parrum
1677 1541 1782 1577 trium
1805 1540 1972 1578 Filiorum
1994 1539 2105 1575 secuta
2122 1539 2244 1594 Mariti
2275 1543 2371 1570 mors

317 1591 473 1629 fallacem
488 1588 604 1626 mundi
617 1588 776 1634 gratiam,
791 1600 983 1636 vanamque
1002 1589 1078 1637 ejus
1103 1590 1394 1636 pulchritudinem
1420 1588 1605 1634 effe,altius
1629 1589 1732 1625 menti
1757 1588 1966 1627 Cherubinae
1983 1587 2144 1635 impreflit
2160 1610 2172 1628 ,
2186 1587 2268 1621 hinc
2280 1587 2313 1619 δι
2329 1581 2363 1617 se

318 1641 414 1682 Deo,
427 1638 515 1674 inter
530 1637 725 1684 Caputinas
744 1637 843 1674 unice
855 1637 968 1674 dicare
992 1637 1108 1675 statuit
1125 1662 1135 1673 .
1164 1639 1287 1675 Fixum
1299 1638 1370 1687 jam
1396 1639 1439 1675 ad
1452 1639 1512 1675 has
1524 1637 1688 1676 accessum
1711 1637 1851 1681 Matris,
1865 1645 1905 1674 ut
1927 1636 2007 1674 Filii
2019 1635 2241 1684 impedirent,
2256 1631 2370 1679 postes

312 1698 422 1735 portae
442 1689 682 1731 occuparunt,
696 1685 922 1734 lacrymisque
934 1712 944 1727 ,
956 1697 1034 1722 cum
1060 1686 1181 1723 verbis
1193 1699 1261 1724 non
1289 1687 1436 1735 amplius
1451 1687 1604 1734 pofl'ent,
1626 1699 1668 1723 ne
1681 1698 1743 1723 eos
1756 1686 1930 1732 orphanos
1947 1685 2124 1733 linqueret
2139 1707 2151 1728 ‚
2182 1683 2367 1735 togatunft

313 1734 402 1770 vicit
426 1745 554 1770 natum
581 1734 741 1778 pondus,
769 1746 846 1781 quae
860 1734 967 1781 major
981 1745 1051 1771 erat
1068 1734 1103 1770 in
1118 1735 1316 1772 Cherubina
1333 1760 1346 1780 ,
1369 1736 1437 1772 Dei
1451 1735 1606 1776 Gratia,
1633 1734 1769 1773 levavit
1787 1735 1858 1772 haec
1874 1735 1907 1772 se
1933 1735 2034 1781 super
2060 1734 2093 1770 se
2112 1756 2125 1776 ,
2149 1743 2189 1768 ac
2212 1730 2254 1787 ad
2280 1739 2369 1787 atria

313 1782 454 1819 Domus
469 1781 590 1823 Dei,&
603 1781 986 1826 Capucinarummeroo
998 1782 1084 1826 pede
1105 1784 1326 1828 properavit.
1354 1782 1454 1819 initia
1467 1782 1722 1818 consolationis
1735 1782 1948 1828 spiritualis,
1969 1783 2041 1828 qua
2070 1780 2274 1817 Cherubtna
2299 1787 2374 1832 me:-

312 1829 417 1867 briari
441 1828 542 1876 caepit
554 1850 568 1872 ,
581 1838 651 1863 non
665 1827 802 1865 modica
825 1828 1053 1864 amaritudine
1078 1828 1234 1864 confudit
1255 1829 1395 1870 liberior
1410 1829 1490 1865 filii
1507 1839 1586 1865 narn
1599 1829 1759 1876 majoris,
1770 1829 1908 1872 Caroli,
1925 1830 2003 1864 vitae
2023 1827 2162 1864 licentia
2179 1852 2191 1868 ,
2216 1827 2377 1882 laerymts

316 1889 435 1915 autem
449 1878 484 1914 8(
503 1875 663 1914 oratione
687 1877 731 1913 ad
758 1876 906 1913 Mariam
932 1876 1082 1912 Matrem
1095 1876 1283 1921 gratiarum
1306 1877 1376 1914 fine
1389 1876 1630 1914 intermistione
1643 1877 1719 1913 susa
1735 1900 1747 1920 ,
1760 1877 1856 1913 velut
1874 1878 1982 1914 altera
2002 1876 2149 1914 Monica
2174 1873 2287 1912 effecit
2304 1897 2318 1918 ,
2337 1881 2379 1931 u!

315 1928 438 1971 Pilius,
456 1925 596 1963 vincula
617 1925 804 1972 pravitatis
825 1924 1060 1972 dirumperet,
1078 1925 1114 1961 8(
1130 1925 1317 1963 libertatem
1336 1927 1501 1964 filiorum
1518 1926 1694 1971 Dei,inter
1709 1925 1928 1973 Capucinos,
1940 1937 2018 1963 curn
2045 1924 2183 1961 nomine
2210 1923 2376 1979 Stephani

313 1986 482 2024 quaereret
496 2000 506 2011 .
532 1973 659 2011 Filium
674 1975 801 2012 Maria
826 1973 928 2009 illum
957 1984 1082 2010 vocare
1097 1974 1305 2018 consuevit,
1329 1987 1407 2011 eum
1423 1975 1465 2011 ad
1478 1975 1578 2022 hujus
1595 1985 1806 2020 preces,eum
1828 1975 1864 2010 in
1877 1974 1999 2022 spiritu
2013 1985 2047 2010 re
2077 1972 2215 2009 enitum
2229 1971 2372 2007 diceret:

313 2037 394 2062 eum
410 2047 423 2067 ‚
448 2034 486 2059 ut
513 2023 546 2059 se
573 2024 610 2059 &
633 2021 748 2057 omnia
774 2021 958 2064 sua‚haud
973 2022 1097 2062 aliter,
1111 2033 1151 2056 ac
1167 2021 1307 2066 illajam
1333 2031 1444 2058 totum
1471 2022 1616 2056 suumin
1640 2022 1742 2055 illum
1761 2021 1821 2065 jus
1834 2022 1945 2056 eidem
1955 2021 2029 2056 cciii
2059 2030 2093 2055 et
2113 2030 2266 2064 ,magnae
2288 2018 2372 2054 huic

314 2072 416 2109 Matri
430 2093 443 2112 ‚
456 2072 551 2104 dono
565 2069 720 2114 perfeeto
743 2067 974 2105 committere,
988 2067 1208 2110 chartamque
1224 2065 1419 2101 donationis
1432 2066 1597 2108 sanguine
1609 2065 1770 2108 signatam
1785 2089 1796 2104 ,
1826 2065 1956 2112 suaeque
1976 2065 2192 2112 jungendam
2207 2065 2284 2108 ,fibi
2297 2065 2374 2100 mit-

316 2128 420 2161 teret,
431 2114 565 2151 monuit
581 2137 594 2158 ,
616 2113 832 2157 eundemque
850 2122 920 2146 tum
935 2111 998 2147 suae
1012 2110 1138 2147 Crucis
1149 2134 1163 2154 ,
1184 2121 1255 2147 tum
1269 2111 1531 2155 consolationis,
1546 2122 1614 2147 tam
1637 2109 1728 2147 fideli
1751 2109 1894 2148 effluvio
1908 2113 2113 2160 participem
2140 2113 2222 2150 fecit
2235 2137 2247 2156 ,
2279 2122 2317 2148 ut
2334 2113 2371 2148 in

315 2167 422 2204 odore
434 2162 612 2200 suavitatis
627 2172 715 2197 anno
743 2162 844 2207 1706.
860 2159 1107 2200 ‘l‘arasci‚viam
1134 2158 1332 2196 aternitatis
1347 2159 1450 2196 Matri
1465 2169 1600 2205 pararet
1612 2183 1622 2194 .
1635 2160 1755 2207 Qm
1775 2161 1954 2197 mirabiles
1990 2160 2119 2197 fuerint
2146 2162 2179 2197 in
2195 2161 2370 2197 Cherubi-

315 2227 357 2253 na
383 2216 461 2251 vitae
483 2209 763 2257 contemplativae
776 2207 984 2244 ascensiones
1000 2232 1013 2251 ,
1029 2218 1101 2244 non
1120 2205 1229 2243 solirm
1246 2208 1361 2244 litterae
1385 2209 1429 2244 ad
1443 2209 1570 2245 Filium
1595 2209 1682 2245 datae
1695 2231 1709 2251 ‚
1724 2207 1781 2244 sed
1795 2209 1830 2246 8(
1848 2210 1945 2246 aetus
1974 2208 2098 2245 amoris
2113 2234 2126 2253 ,
2154 2209 2281 2256 quibus
2307 2210 2328 2245 a
2341 2209 2374 2245 se

319 2261 530 2309 compositis,
545 2271 622 2296 cum
635 2269 762 2294 novem
779 2257 996 2301 Angelorum
1010 2255 1120 2293 choris
1133 2256 1381 2292 Sanffiffimum
1398 2256 1611 2294 Eucharistiae
1625 2258 1885 2294 Sacramentum
1910 2257 2053 2294 adorare
2069 2258 2225 2301 solebat,
2253 2269 2373 2294 cumu-

319 2311 385 2349 late
412 2312 562 2346 docent:
586 2307 696 2343 hos&
722 2306 798 2342 illas
819 2306 998 2342 conservat
1021 2303 1220 2341 Massiliense
1251 2305 1498 2341 Monasteriurn
1513 2329 1527 2349 ‚
1549 2317 1613 2342 ceu
1628 2306 1767 2351 perenni
1794 2307 1956 2343 memoria
1985 2306 2213 2351 digniffimarn
2230 2305 2367 2345 haredi-

317 2370 422 2397 tatem
438 2357 564 2396 Matris
575 2378 590 2400 ,
614 2367 716 2402 quam
731 2364 847 2390 amore
865 2354 1079 2397 languentem
1089 2363 1178 2389 anno
1198 2355 1301 2400 1708.
1327 2354 1511 2391 communi
1527 2353 1674 2402 perdidit
1700 2351 1796 2391 lustu
1809 2382 1818 2391 .

320 2499 436 2514 —
441 2493 669 2511 -—
675 2495 1260 2509 —ss———
1612 2498 1728 2511 -

431 2625 434 2628 ·
464 2576 536 2646 Ἴ)
599 2604 635 2646 E
697 2606 737 2647 C
798 2605 841 2648 R
901 2607 936 2651 E
1001 2607 1039 2649 T
1092 2608 1137 2666 ,Ο
1380 2620 1434 2648 no
1461 2618 1708 2662 nequaquam
1725 2604 1950 2663 descriptus
1976 2609 2206 2663 reperitur·
2236 2613 2376 2665 Cum·

1379 2678 1458 2721 que
1485 2667 1626 2708 Patres
1650 2666 1852 2721 Capucini
1881 2667 2083 2724 prandisti,
2100 2670 2155 2712 ob
2181 2668 2377 2725 ambigui·-

1381 2734 1508 2766 tatem
1525 2753 1539 2776 ‚
1569 2736 1642 2765 nec
1657 2722 1709 2766 de
1726 2728 1869 2771 Sancta
1895 2727 2058 2769 Martha
2071 2757 2086 2778 ,
2101 2727 2155 2770 de
2172 2741 2248 2784 qua
2273 2726 2377 2771 offi-

1382 2783 1492 2825 cium
1513 2782 1611 2825 dieti
1629 2779 1716 2826 festi
1741 2798 1833 2826 cum
1847 2786 1998 2829 octava
2024 2783 2180 2842 semper
2195 2785 2379 2829 celebra-

1381 2850 1475 2885 runt
1489 2871 1505 2893 ,
1521 2855 1649 2899 neque
1667 2841 1718 2885 de
1744 2845 1890 2887 Sane-io
1911 2844 2129 2887 Armando
2147 2845 2372 2889 Officium„

1382 2900 1506 2943 modo
1519 2902 1724 2953 recitant,
1740 2913 1954 2960 propterea
1975 2918 2048 2959 pro
2063 2903 2379 2948 determinatio-

1385 2975 1433 3003 ne
1450 2961 1701 3008 recitationis
1728 2962 2010 3007 OfficiiSansti
2037 2965 2204 3006 Patroni
2232 2963 2379 3019 princi·-

1390 3019 1491 3076 palis
1507 3033 1650 3063 eorum
1678 3020 1863 3063 Ecclefiae
1887 3022 2083 3065 Civitatis
2099 3022 2376 3064 Tarasconen-

1388 3081 1453 3129 fis,
1471 3082 1598 3121 Sacrae
1623 3077 1787 3121 Rituum
1802 3080 2121 3136 Congregationi
2147 3080 2376 3126 humillime

1386 3135 1657 3191 supplicarunt
1685 3166 1701 3189 ‚
1717 3139 1757 3180 &
1785 3141 1903 3181 Sacra
1927 3140 2069 3182 eadem
2095 3139 2375 3194 Congregatio

448 3194 532 3235 UM
565 3206 613 3234 ex
642 3204 758 3247 parte
784 3197 862 3238 PP-
882 3198 1183 3251 Capucinorum
1208 3199 1323 3239 Con·
1382 3194 1570 3237 Officium
1589 3196 1641 3238 de
1658 3197 1800 3239 Sancta
1817 3199 1997 3248 Martha,
2013 3206 2198 3252 tanquam
2231 3199 2375 3240 Patro-

468 3250 608 3292 ventus
628 3253 820 3295 Civitatis
847 3255 1147 3301 Tarasconenfis
1170 3254 1322 3312 expofi-
1349 3264 1353 3268 ’
1383 3268 1431 3296 na
1462 3252 1674 3310 principali
1705 3254 1933 3308 supradictae
1958 3255 2172 3308 Ecclesia,
2199 3256 2375 3299 recitan-

328 3320 420 3353 tum
441 3305 567 3351 fuerit
582 3311 719 3366 ,quod
742 3326 879 3354 eorum
909 3315 1088 3358 Ecclesia
1104 3342 1118 3366 ‚
1150 3326 1231 3357 tam
1248 3315 1319 3358 in„
1380 3312 1478 3355 dum
1500 3310 1576 3354 eise
1592 3313 1816 3356 declaravit
1831 3315 1896 3364 ,δι
1914 3313 1970 3356 ita
1983 3312 2197 3366 decrevit,
2223 3314 2291 3359 die
2306 3329 2374 3360 21·

457 2724 595 2773 Sacrae
624 2722 810 2773 Rituum
840 2723 1182 2794 Congregationis

333 2861 391 2907 In
419 2851 620 2905 Ecclesia
655 2853 925 2905 Conventus
940 2852 1127 2905 Tarasci
1145 2891 1161 2915 ‚
1198 2856 1323 2908 Offi-

397 2927 525 2973 cium
556 2923 613 2973 de
640 2928 689 2975 S.
716 2926 904 2974 Martha
931 2962 946 2984 ,
972 2944 1056 2975 ceu
1087 2930 1314 2980 Patrona..

396 2996 639 3062 Principali
653 3031 668 3054 ,
686 2994 735 3047 ὅ(
754 3014 842 3044 non
867 2996 925 3045 de
943 2996 1111 3046 Sandio
1130 3003 1325 3049 Arman-

400 3065 461 3113 do
496 3069 673 3117 recitari
705 3067 868 3117 debere
891 3067 1175 3117 declaratur.

327 3370 510 3425 primarii
538 3369 681 3424 lapidis
712 3371 1015 3427 collocatione,
1041 3377 1159 3432 quam
1189 3375 1229 3417 in
1263 3372 1320 3415 sui

325 3427 611 3471 benedictione
641 3430 780 3474 habuit
807 3445 882 3487 pro
898 3435 1103 3485 Patrona,
1122 3435 1185 3478 vel
1202 3432 1331 3476 titulo

327 3493 369 3532 S.
385 3489 589 3530 Martham
604 3500 619 3541 5
635 3489 827 3545 quodque
847 3492 934 3547 post
971 3495 1129 3547 multos<
1150 3506 1276 3537 annos
1305 3493 1328 3537 ὲ

324 3546 569 3591 fundatione
601 3548 772 3605 praefatae
789 3552 991 3605 Ecclesia,
1007 3552 1132 3596 Effius
1154 3556 1327 3595 Arman-

323 3607 398 3647 dus
416 3635 428 3657 ,
445 3607 679 3653 cardinalis
701 3607 754 3650 de
771 3609 1009 3665 Richelieu‚
1023 3613 1168 3656 dieram
1185 3612 1327 3654 Eccle-

327 3664 419 3705 fiam
434 3667 715 3720 consecravit,
729 3682 775 3710 ac
789 3666 858 3711 sub
873 3674 998 3716 titulo
1015 3675 1207 3717 Armandi
1224 3683 1328 3713 eam·

326 3723 421 3785 dem
440 3725 595 3779 posuit,
615 3728 764 3784 absque
780 3727 866 3772 ulla
878 3729 1140 3788 affignatione
1167 3732 1247 3776 diei
1269 3729 1329 3772 fe-

320 3782 366 3825 fli
383 3781 484 3822 dicti
513 3787 642 3831 saneti
658 3819 670 3843 ,
688 3787 756 3844 qui
786 3788 829 3832 in
851 3791 1156 3851 Martyrologio
1171 3796 1322 3838 Rorna-

1390 3372 1529 3416 Martii
1557 3375 1678 3422 1716.

1595 3488 1739 3541 Card.
1759 3489 1817 3540 de
1834 3489 2006 3543 Abdua
2025 3491 2266 3545 Praefedius
2285 3531 2297 3544 .

1742 3613 1801 3655 M.
1818 3610 2018 3655 Tedeschi
2041 3612 2174 3668 Epilc.
2201 3612 2373 3669 Liparit-

1844 3674 1885 3713 S.
1901 3673 1953 3715 R.
1969 3675 2183 3728 Congreg·
2197 3677 2313 3717 Secr-

1384 3789 1556 3847 Exempl.
1573 3791 1762 3837 Authcnt.
1777 3793 1822 3834 in
1838 3790 2011 3836 Archivo
2038 3789 2289 3890 σαηυεηιιᾶὶεὲ
