2592 4094
986 218 1593 339 Insulcnfis‘.

279 364 412 424 potest
425 393 440 416 ,
461 363 574 408 nulla
600 365 759 408 ratione
782 362 966 422 eligenda
980 365 1067 419 τῆς
1091 367 1133 411 δι
1145 368 1235 410 casu
1247 397 1266 420 ,

278 439 364 482 quo
390 422 608 467 difficultas
623 426 885 481 perseveret,
911 423 1163 482 Episcopus,
1192 437 1264 470 aut

277 483 365 541 ejus
383 485 612 539 Deputatus
636 498 724 528 eam
744 484 931 527 terminet
945 512 960 535 ,
989 484 1132 526 habito
1154 485 1266 539 prius

275 541 445 586 confilio
469 545 682 586 seniorum
696 572 712 596 ,
741 543 782 584 ὅτ.
800 541 1108 590 offerentum,
1138 552 1265 597 prout

274 601 499 644 convenire
511 601 734 658 judicabit,
752 599 909 644 (ἔτι-γεω
936 600 1122 656 insuper,
1153 600 1265 656 quod

273 660 318 703 in
334 658 481 704 ordine
500 662 549 704 ad
566 675 651 705 rem
669 662 771 703 hanc
787 659 826 701 in
842 659 978 703 nostro
991 661 1266 703 coeremonia-

275 719 306 763 li
322 720 558 764 continetur
575 748 590 772 ,
620 721 662 763 δι
679 722 755 763 hoc
769 718 864 762 fitis
887 718 1156 763 conformiter
1185 721 1262 762 So-

272 777 433 821 roribus
448 778 501 822 de
512 778 684 837 pastione
696 808 710 821 .

387 835 649 894 Superioriffa
663 839 707 882 in
721 835 856 880 officio
878 836 1145 880 continuetur
1173 847 1254 878 non

271 895 406 939 minus
418 924 436 947 ,
451 899 571 952 quim
586 896 714 939 tribus
728 895 856 944 annis,
872 897 914 938 δι
926 905 1021 937 tunc
1038 892 1255 937 certiffime

269 954 340 998 fiet
365 967 468 997 nova
490 954 664 1005 eleffio,
687 963 733 996 ut
757 962 826 996 aut
847 953 1023 1008 eligatur
1048 954 1156 1002 alia,
1186 960 1257 995 aut

266 1012 410 1056 eadem
437 1013 488 1054 ad
512 1010 687 1055 alterum
714 1011 936 1054 triennium
965 1013 1254 1059 continuetur,

266 1071 294 1114 fi
311 1069 527 1113 seeundum
541 1073 675 1113 Deum
689 1095 703 1119 ‚
717 1071 757 1112 δι
770 1069 810 1111 in
829 1069 1077 1113 conscientia
1101 1084 1256 1113 conve-

266 1129 353 1173 nire
379 1127 652 1185 judicaverint
667 1142 742 1185 pro
756 1129 864 1171 bono
884 1129 1136 1184 spirituali,&
1150 1138 1255 1170 tem·

263 1187 396 1246 porali
409 1186 467 1230 sui
486 1186 726 1232 Conventus
741 1217 757 1240 ,
774 1188 828 1230 ita
843 1196 983 1230 utnon
1014 1187 1136 1231 liceat
1151 1188 1254 1230 ulte-

260 1249 346 1292 rius
364 1246 477 1289 illam
491 1247 729 1291 continuare
755 1246 796 1288 in
810 1246 882 1290 tali
897 1244 1033 1289 officio
1046 1273 1060 1295 ‚
1077 1246 1143 1289 nifi
1160 1272 1174 1295 ‚
1186 1246 1254 1289 ubi

267 1304 423 1350 vacarit
445 1306 573 1349 tribus
597 1307 735 1359 annis3
763 1305 847 1350 imo
873 1318 950 1347 nec
985 1305 1113 1348 ullum
1142 1304 1252 1348 aliud

264 1362 441 1407 officium
467 1365 617 1407 habere
645 1366 778 1422 primo
803 1377 912 1406 anno
929 1363 1003 1408 suae
1024 1363 1246 1408 absolutio-

260 1426 339 1471 nis,
351 1421 460 1477 quod
477 1421 523 1465 fit
538 1423 591 1467 de
610 1437 782 1467 numero
801 1437 968 1474 eorum,
981 1437 1066 1479 quae
1079 1437 1154 1480 per
1165 1423 1253 1475 elev

261 1482 435 1524 &ionem
448 1481 744 1525 distribuuntur
755 1511 770 1534 ‚
785 1481 854 1526 sed
871 1482 1030 1525 tantum
1054 1483 1170 1525 annis
1187 1482 1248 1524 se-

261 1540 480 1596 quentibus
497 1569 510 1592 ,
529 1551 798 1597 praeterquam
824 1539 865 1583 in
881 1541 1163 1584 Conventibus
1174 1555 1247 1583 no-

261 1596 416 1641 viffime
437 1601 687 1654 acceptatis,
715 1599 754 1641 in
781 1598 925 1654 quibus
942 1598 1243 1655 Superioriffa„

261 1659 416 1712 poterit
429 1658 657 1702 continuari
672 1656 724 1700 ad
739 1659 905 1701 tertium
928 1659 1245 1712 triennium,nec

256 1714 362 1759 illud
376 1717 600 1760 excedatur
610 1744 626 1759 .

373 1775 576 1818 Statuitur
592 1773 816 1830 insuper‚ut
834 1772 1107 1830 Superioriffoe
1121 1778 1247 1818 Com-

261 1834 506 1883 munitatem
518 1833 733 1875 observent
750 1833 789 1874 in
806 1834 993 1876 omnibus
1006 1858 1021 1880 a
1037 1834 1074 1873 δι
1093 1835 1132 1874 in
1155 1833 1244 1875 nul·

257 1895 303 1938 lo
325 1892 556 1938 eximantur
581 1893 631 1934 ab
656 1890 953 1936 austeritatibus
970 1919 985 1943 ,
1012 1891 1188 1947 vigiliis,
1207 1892 1249 1933 δι

254 1949 637 1995 mortificationibus
648 1976 663 1998 ,
677 1948 838 2006 jejuniis
854 1976 868 1998 ‚
883 1950 1044 1993 silentio
1056 1976 1071 1998 ,
1086 1964 1214 1993 onere
1228 1975 1243 1999 2

254 2013 296 2054 δι
308 2015 543 2067 paupertate
563 2007 820 2059 Religionis3
848 2007 916 2050 sed
946 2008 1062 2060 super
1075 2010 1242 2051 omnia..

253 2069 373 2112 nullo
393 2065 516 2107 modo
543 2063 582 2106 se
607 2064 818 2106 absentent
844 2065 895 2105 ab
926 2063 1061 2105 officio
1083 2065 1243 2110 Chori,

253 2128 294 2168 δι
310 2127 498 2168 horarum
512 2119 813 2164 ordinariarum
828 2121 1023 2163 orationis
1038 2144 1053 2167 2
1082 2130 1245 2173 praeter*

251 2197 375 2240 quam
391 2182 430 2224 in
444 2180 539 2224 casu
564 2177 683 2222 valde
701 2179 835 2235 gravis
850 2205 865 2229 ,
891 2181 932 2221 δι
954 2177 1139 2234 urgentis
1170 2191 1244 2220 ne-

250 2239 470 2288 ceffitatiS,
502 2237 561 2281 sui
590 2238 739 2280 bonum
763 2236 994 2292 exemplum
1022 2239 1244 2291 praebentes

250 2300 438 2343 omnibus
462 2295 708 2344 Sororibus,
739 2296 780 2336 δι
806 2295 1076 2349 adimplentes
1107 2295 1241 2349 poent

250 2358 400 2403 tentias
415 2368 488 2411 per
501 2352 827 2397 Constitutiones
851 2352 1054 2396 ordinatas
1083 2351 1124 2394 in
1151 2352 1243 2396 casu

251 2415 438 2460 absentiae
456 2411 680 2468 illegitimae
692 2440 708 2463 ,

352 2471 495 2533 'Qud
524 2469 699 2526 respectu
715 2469 837 2513 officii
866 2470 920 2512 sui
951 2468 1103 2513 nullam
1119 2469 1244 2524 fingu-

255 2531 464 2575 laritatem
478 2529 770 2582 habeant,nec
794 2530 835 2573 in
855 2530 992 2578 victu,
1017 2527 1148 2571 necin
1175 2543 1241 2571 ve-

253 2589 350 2633 stitu
362 2619 379 2642 ,
396 2588 528 2633 necin
542 2588 624 2631 ulla
641 2601 686 2630 re
702 2587 781 2630 alia
795 2617 812 2640 ,
839 2601 923 2644 quae
940 2588 979 2630 in
1003 2586 1112 2629 suum
1129 2584 1238 2629 usum

252 2657 463 2698 vertatur,
476 2645 542 2698 sed
556 2656 758 2689 contentae
773 2646 846 2689 fint
871 2646 918 2688 iis
931 2675 946 2698 ‚
964 2660 1050 2702 quae
1066 2659 1139 2701 per
1154 2645 1238 2688 Re-

248 2705 755 2762 gulam‚&ordinationes
777 2704 1004 2759 Religionis
1026 2704 1108 2746 illis
1137 2710 1230 2757 p‘er·

246 2766 470 2808 mittuntur
496 2793 512 2814 ,
541 2762 759 2806 secundum
786 2762 995 2818 praesentes
1025 2761 1232 2805 Constitu-

245 2823 378 2865 tiones
390 2849 406 2872 ,
421 2823 483 2864 uti
509 2822 549 2862 &
573 2835 711 2864 omnes
724 2820 810 2862 aliae
826 2825 1002 2863 Sorores
1021 2847 1034 2860 .

365 2882 467 2938 Qae
480 2878 627 2923 elee'tio
642 2878 730 2922 fieri
744 2880 897 2934 poterit
922 2877 1024 2921 infra
1056 2881 1236 2923 octavam

250 2938 460 2994 Seraphici
485 2938 617 2981 Patris
634 2937 772 2982 Nostri
798 2940 842 2981 S.
860 2938 1059 2981 Francisci
1072 2964 1086 2986 a
1103 2948 1148 2980 ut
1164 2952 1236 2995 per

247 2996 446 3040 exercitia
474 2997 661 3040 eamdem
678 2996 984 3040 Solemnitatem
1010 2999 1239 3052 praeceden-

250 3056 308 3099 tia
331 3055 754 3112 comparatae2poffint
780 3054 935 3099 efficaci
965 3055 1082 3111 ipsius
1110 3058 1238 3101 inter-

251 3115 482 3158 ventione}
505 3115 681 3158 Domino
711 3117 801 3157 Deo
826 3115 1015 3158 obtinere
1041 3117 1235 3172 Superio-

249 3172 388 3226 riffas,
416 3175 458 3216 δε
482 3172 705 3217 Officiarias
722 3174 822 3216 tales
837 3201 851 3224 ‚
879 3187 965 3230 quae
990 3173 1134 3230 poffint
1159 3175 1231 3219 in...

247 3232 428 3276 veritate
452 3232 544 3275 illas
569 3231 747 3289 dirigere
764 3231 985 3278 secundum
1009 3233 1227 3290 spiritum..

250 3291 477 3336 vocationis
501 3291 578 3335 suae
594 3320 607 3332 .

367 3347 643 3392 Distretarum
669 3349 816 3394 electio
840 3377 855 3400 ‚
891 3349 1107 3395 secundum
1133 3366 1233 3408 qua-

250 3421 343 3451 rum
356 3407 567 3450 confilium
593 3413 725 3453 Mater
736 3410 897 3454 Ancilla
911 3412 1118 3454 tenebitur
1141 3426 1232 3467 pro·

251 3465 397 3509 cedere
411 3467 451 3507 in
467 3466 648 3510 omnibus
669 3469 844 3524 negotiis
858 3470 1028 3527 alicujus
1049 3483 1233 3513 momen-

250 3529 284 3566 ti
299 3537 415 3580 ,quae
437 3525 488 3567 ad
507 3525 791 3569 Monasterium
821 3530 1026 3583 pertinent
1040 3557 1054 3578 ‚
1076 3527 1144 3571 fiat
1165 3542 1233 3583 pa·

249 3583 353 3626 riter
377 3595 450 3638 per
475 3585 644 3627 Sorores
672 3593 845 3640 quatuor
870 3601 1064 3631 annorum
1081 3585 1232 3642 profes-

248 3640 495 3698 sas,s1ngulis
518 3643 800 3691 annis‚eodem
814 3652 1022 3702 tempore,
1047 3645 1229 3688 eodem...

249 3701 397 3753 modo,
410 3699 576 3743 vocibus
601 3703 723 3745 etiam
738 3700 926 3754 secretis,
954 3709 992 3747 &
1008 3706 1114 3753 illae,
1143 3705 1231 3761 qui-

249 3760 325 3802 bus
351 3758 475 3803 cedet
491 3773 580 3814 pars
597 3774 740 3803 vocum
757 3760 883 3815 major
895 3791 911 3813 ‚
926 3764 1061 3806 electae
1074 3773 1224 3814 erunt,

245 3819 674 3877 &pronunciabantur
702 3834 773 3877 per
798 3821 1225 3867 Reverendiffimum„

2077 240 2240 323 261

1328 370 1551 411 Dominum
1564 395 1579 419 ‚
1596 369 1662 409 aut
1678 364 1952 423 Deputatum3
1978 372 2046 411 aut
2059 372 2310 421 Direstorem

1324 426 1574 482 spiritualem
1585 438 1662 481 pro
1674 425 1860 470 Discretis
1876 427 2132 480 Conventus,
2144 446 2230 485 quae
2241 443 2306 476 ta·

1327 499 1418 551 men
1438 484 1560 526 etiam
1574 496 1652 528 non
1669 483 1826 540 poffunt
1848 486 2075 531 continuari
2102 487 2211 531 ultra
2229 492 2305 534 tri-

1322 555 1491 586 ennium
1507 570 1518 582 .

1355 657 1365 667 .
1441 600 1548 653 Illa,
1563 615 1650 658 quae
1676 601 1783 647 inter
1806 611 1980 662 quatuor
2011 603 2215 649 Discretas
2239 607 2309 650 ha·-

1324 658 1459 703 bitura
1483 661 1540 703 est
1555 660 1691 716 plures
1706 674 1824 706 voces
1838 694 1854 716 ,
1881 665 1960 708 erit
1976 664 2138 708 Viearia
2150 692 2165 715 ‚
2185 666 2309 708 &co-

1321 719 1487 761 nabitur
1501 717 1712 761 exsolvere
1724 721 1764 764 id
1777 751 1791 774 ,
1805 723 1915 778 quod
1931 723 1992 767 illi
2007 723 2206 768 incumbit
2232 721 2308 767 sub

1320 775 1545 819 directione
1564 778 1709 819 Matris
1726 780 1893 824 Ancillae
1907 809 1922 832 ,
1953 791 2100 840 utpote
2125 796 2207 841 qua
2217 784 2308 841 pri-

1314 847 1378 877 ma
1395 835 1444 878 fit
1460 834 1735 878 Discretarum
1749 867 1764 890 ‚

1433 898 1571 937 Mater
1601 895 1887 948 Novitiarum,
1922 900 2114 943 Portariae
2134 929 2150 952 ‚
2178 898 2306 944 Sacri·

1317 951 1455 1001 stanae,
1478 951 1717 1006 &Syndicae
1742 954 2052 1011 defignabuntur
2077 960 2200 1002 etiam
2233 971 2307 1015 per

1314 1010 1523 1066 praefatum
1547 1011 1820 1063 Direfflorem,
1834 1018 2010 1061 Matrem
2029 1018 2248 1067 Ancillam,
2261 1017 2304 1059 δε

1318 1069 1516 1112 vicariam
1530 1070 1663 1124 petito
1678 1072 1788 1127 prius
1809 1073 1976 1118 confilio
2005 1076 2299 1127 Discretarum3

1312 1140 1389 1171 nec
1415 1129 1758 1174 continuabuntur
1787 1131 1896 1176 ultra
1930 1135 2147 1179 triennium
2172 1164 2188 1188 ,
2230 1133 2304 1176 nifi

1314 1185 1433 1229 subiit
1451 1186 1567 1231 causa
1581 1188 1830 1244 particularis
1845 1219 1858 1243 ,
1880 1192 1964 1236 imo
1979 1208 2029 1238 ne
2045 1193 2129 1238 ulla
2158 1194 2199 1236 se
2217 1193 2307 1236 exi-

1313 1245 1445 1289 stimet
1459 1248 1747 1304 proprietatem
1769 1250 1917 1294 habere
1946 1251 2004 1295 sui
2031 1252 2183 1304 officii,
2203 1253 2307 1295 lice-

1312 1305 1373 1347 bit
1389 1306 1541 1348 eisdem
1555 1320 1624 1348 eas
1650 1305 1890 1359 absolvere,
1914 1317 1984 1351 aut
1999 1310 2208 1353 interdum
2234 1323 2307 1352 ex-

1314 1365 1580 1408 traordinarie
1596 1374 1780 1416 mutare,
1798 1367 1902 1410 serio
1923 1367 2187 1422 prohibentes
2201 1395 2216 1417 ,
2248 1381 2303 1411 ne

1313 1423 1353 1466 in
1366 1422 1458 1467 casu
1477 1424 1716 1467 mutationis
1730 1424 1813 1468 ulla
1828 1424 2002 1469 muffitet
2014 1455 2031 1477 ,
2048 1436 2118 1470 aut
2135 1427 2174 1467 in
2188 1423 2305 1467 favon

1308 1496 1398 1526 rem
1412 1509 1429 1534 ‚
1440 1492 1512 1527 aut
1527 1483 1564 1526 in
1586 1482 1861 1541 praejudicium
1876 1485 2143 1540 promotionis
2156 1478 2230 1527 suae
2240 1484 2305 1534 1oe

1306 1552 1472 1599 quatur,
1488 1542 1528 1584 in
1549 1556 1711 1598 poenam
1725 1544 2011 1586 correctionis.

1424 1604 1479 1644 Et
1495 1602 1688 1656 quantum
1706 1602 1748 1643 in
1766 1602 1849 1646 illis
1867 1602 1951 1654 est,
1977 1616 2059 1647 non
2075 1601 2205 1647 solum
2228 1603 2304 1644 ab:

1305 1658 1455 1704 stinere
1469 1660 1623 1702 debent
1645 1660 1696 1703 ab
1708 1662 1819 1704 omni
1844 1662 1996 1705 ambitu
2014 1688 2029 1710 ‚
2055 1669 2200 1716 utpote
2222 1659 2299 1715 spi-

1307 1720 1403 1761 ritui
1421 1719 1558 1761 nostro
1576 1721 1746 1762 omnino
1759 1729 2027 1776 repugnante,
2039 1720 2137 1774 quin
2153 1718 2298 1774 potius

1310 1779 1437 1831 magis
1464 1786 1611 1831 optare
1643 1776 1797 1820 debent
1819 1776 1967 1820 subeffe
1989 1806 2004 1828 ,
2037 1779 2076 1819 ὃς
2099 1777 2300 1828 obedire,

1309 1837 1431 1889 quam
1451 1835 1490 1875 in
1517 1833 1654 1875 officio
1680 1834 1756 1877 esse
1774 1863 1788 1886 ,
1813 1836 2125 1890 &superiorem
2150 1849 2302 1891 agere.

1314 1892 1590 1935 Nihilominus
1606 1893 1683 1936 illae
1699 1921 1713 1945 ‚
1738 1893 1883 1949 quibus
1911 1895 2224 1938 comminentur
2238 1891 2306 1935 of-

1305 1949 1421 2002 ficia,
1440 1964 1522 1994 non
1544 1949 1618 1994 fint
1636 1952 1676 1993 in
1699 1950 1922 1995 recusando
1948 1954 2175 2008 pertinaces
2189 1980 2204 2003 ‚
2218 1954 2295 1997 in..-

1303 2011 1490 2052 omnibus
1506 2010 1718 2053 humiliter
1744 2009 2020 2054 deservientes
2050 2012 2205 2069 Sponso
2229 2012 2297 2054 suo

1297 2066 1390 2118 Jesu
1417 2068 1661 2117 Christo‚&
1682 2068 1897 2111 Sororibus
1915 2099 1930 2121 ‚
1957 2071 2040 2113 imo
2053 2071 2094 2113 in
2118 2073 2196 2113 hoc
2212 2069 2297 2126 ipso

1306 2119 1556 2175 sefimplices
1596 2125 1637 2163 &
1667 2126 1910 2166 obedientes
1932 2127 2200 2178 exhibentes,
2231 2129 2294 2170 uti

1303 2180 1345 2221 δι
1370 2178 1647 2222 indifferentes
1662 2208 1676 2228 a
1701 2181 1863 2237 quando
1873 2182 2143 2238 privabuntur
2158 2212 2172 2235 ‚
2185 2185 2297 2239 juxta

1302 2238 1459 2281 dietum
1487 2239 1698 2294 Seraphici
1717 2240 1850 2284 Patris
1865 2240 1986 2284 nostri
2011 2242 2143 2285 Sancti
2166 2245 2296 2287 Fran.

1302 2296 1421 2345 cisti,
1446 2297 1558 2352 quod
1589 2311 1672 2340 non
1703 2299 1891 2354 majorem
1920 2301 2073 2344 habere
2095 2301 2293 2347 debemus

1301 2356 1609 2407 repugnantiam
1623 2382 1639 2406 ‚
1658 2356 1822 2412 quando
1846 2355 2103 2412 superioritas
2127 2362 2152 2404 ὲ
2177 2362 2296 2405 nobis

1302 2410 1467 2455 tollitur
1483 2440 1498 2463 ‚
1510 2412 1630 2468 quam
1646 2412 1670 2453 fi
1686 2426 1786 2456 onus
1811 2414 2003 2458 abluendi
2027 2417 2152 2471 pedes
2166 2422 2294 2462 Soro-

1307 2483 1397 2513 rum
1412 2470 1525 2514 nobis
1540 2468 1779 2514 aufferretur
1791 2499 1806 2512 .

1416 2529 1594 2582 Singulis
1620 2530 1734 2572 annis
1750 2528 1858 2571 circa
1880 2529 1984 2571 illud
2011 2537 2172 2588 tempus
2205 2535 2294 2578 Re.

1300 2586 1603 2630 verendiffimus
1630 2587 1831 2629 Dominus
1845 2601 1918 2644 per
1932 2585 1971 2630 se
1984 2613 1998 2636 2
2010 2599 2080 2632 aut
2093 2604 2164 2644 per
2176 2592 2290 2637 suum

1297 2645 1322 2687 ὲ
1337 2646 1467 2690 Clero
1482 2648 1735 2701 Deputatum
1757 2644 1869 2702 juxta
1894 2649 2186 2692 caeremoniale
2213 2666 2288 2693 no-

1290 2707 1409 2750 strum
1437 2732 1453 2757 ‚
1480 2703 1720 2749 Conventus
1758 2705 1881 2748 nostri
1909 2704 2192 2750 Vifitationem
2227 2707 2286 2760 fas

1297 2774 1408 2808 ciet.

1504 2884 1550 2932 C
1619 2886 1669 2933 A
1740 2885 1791 2933 P.
1911 2884 2073 2934 XII.

1299 3004 1361 3046 De
1376 2998 1495 3057 officio
1530 3001 1741 3044 Zelatrt‘cis
1755 3027 1769 3050 ‚
1799 3000 1854 3050 ὠν
1877 2999 2123 3044 charitativa
2148 3015 2280 3046 corre-

1420 3060 1545 3103 mone
1574 3058 2123 3168 dcfig‘yussffvffgssidmwm
2133 3090 2150 3113 ‚

1412 3238 1550 3278 Unum
1577 3249 1627 3276 ex
1644 3233 1841 3289 primariis
1865 3234 2007 3280 officiis
2023 3265 2038 3290 ‚
2063 3240 2102 3280 &
2132 3235 2276 3280 debito

1292 3292 1501 3336 charitatis
1517 3293 1589 3343 est,
1601 3292 1840 3348 prudenter,
1853 3295 1961 3349 quod
1975 3297 2246 3352 praescribitur
2261 3324 2275 3347 ,

1292 3352 1344 3395 ad
1372 3352 1526 3408 praxim
1551 3352 1746 3394 reducere
1761 3380 1775 3403 ,
1796 3365 1876 3396 non
1901 3361 2015 3406 tam,
2038 3364 2083 3399 ut
2097 3355 2274 3398 alienen-

1291 3421 1357 3454 tur
1381 3411 1507 3454 corda
1534 3411 1557 3454 a
1591 3411 1824 3466 graviorum
1849 3414 2079 3466 patratione
2101 3414 2273 3458 delicto-

1289 3484 1379 3514 rum
1395 3498 1410 3520 ,
1427 3472 1544 3528 quim
1561 3497 1575 3519 ,
1595 3479 1638 3512 ut
1653 3485 1699 3514 ea
1723 3469 1772 3511 ad
1787 3468 2066 3526 perfectiorem
2088 3471 2272 3516 (instita-

1291 3539 1377 3573 tem
1390 3537 1706 3585 promoveantur
1718 3542 1733 3582 3
1746 3541 1866 3584 quare
1887 3529 1976 3588 jure
1990 3532 2139 3574 merito
2163 3530 2271 3572 inter

1290 3603 1337 3630 ea
1356 3589 1505 3631 censeri
1523 3586 1675 3630 debent
1701 3588 1993 3642 correfflones,
2016 3601 2101 3647 quae
2125 3587 2268 3631 secun-

1285 3647 1382 3689 dum
1393 3644 1724 3690 consuetudinem
1739 3649 1973 3690 Sanam-um
1992 3649 2034 3691 in
2050 3646 2265 3699 claustris,

1287 3708 1326 3749 &
1349 3705 1600 3750 Monasteriis
1615 3716 1864 3749 exercentur
1879 3732 1895 3747 .

1398 3767 1445 3806 In
1459 3766 1563 3807 hunc
1586 3762 1707 3808 finem
1729 3764 1936 3808 statuimus
1952 3791 1966 3814 ,
1988 3771 2032 3808 ut
2048 3764 2089 3807 in
2102 3764 2261 3821 lingulis.

1286 3822 1427 3868 nostris
1442 3824 1725 3869 conventibus
1741 3851 1755 3877 2
1773 3823 1933 3880 singulis
1950 3823 2176 3883 septimanis
2192 3838 2266 3881 per

2139 3886 2217 3928 So·
