2638 4088
375 158 550 265 316

321 302 459 351 Onus
490 297 634 351 Missae
661 302 926 357 menstruae,
956 314 1012 345 ex
1046 293 1203 346 relifta
1235 295 1307 345 Bi-

384 372 613 423 bliotheca
634 371 897 423 Conventui
931 366 1110 435 Oppidi
1141 369 1302 435 Figue·

391 447 564 495 riarum
582 440 843 508 impofitum
860 472 876 495 ,
890 438 949 489 ad
962 440 1179 489 ducentas
1199 435 1312 488 Mis-

389 508 456 565 sas
474 513 607 563 semel
627 508 837 560 dicendas
857 509 1012 561 reduci
1037 510 1307 560 committit.

320 631 772 713 'URBANUs
816 652 1023 702 PAPA
1070 653 1269 703 v111.

417 767 653 818 Venerabilis
674 769 1000 826 Frater-filtrum
1015 798 1030 824 ‚
1055 771 1104 821 ὃ·
1123 775 1233 828 Apo-

540 828 722 888 stolicam
736 828 1047 874 &maimonem
1060 862 1074 873 .

427 949 566 1003 Xponi
598 950 727 992 Nobis
753 963 880 1004 nuper
894 946 1077 992 fecerunt
1091 948 1227 993 dilecti
1245 947 1313 991 Fi·

450 1009 519 1056 lii,
533 1009 812 1059 Guardianus‚
825 1010 862 1050 &
882 1010 1046 1052 Fratres
1061 1007 1215 1052 Domfis
1230 1010 1312 1050 Re-

322 1070 473 1127 gularis
490 1070 675 1110 Fratrum
691 1067 819 1112 Sancti
850 1067 1052 1110 Francisci
1083 1069 1314 1124 Capucino·

321 1143 409 1171 rum
424 1126 923 1182 nuncupatorum,0ppidi
939 1127 1317 1182 Figueriarumsse-

321 1186 526 1230 rundenfis
555 1186 753 1229 Dioecefis
774 1214 787 1236 ,
812 1185 923 1242 quod
949 1186 1049 1231 alias
1074 1186 1311 1244 quondam-

322 1245 556 1290 Vincentius
576 1246 719 1297 Vilar,
747 1243 860 1288 dieta:
878 1246 1100 1295 Dioecefis‚
1129 1246 1227 1288 dum
1252 1243 1313 1284 vi-

321 1307 466 1354 vebat,
480 1304 669 1359 Magister
683 1303 722 1346 in
739 1303 980 1361 Theologia‚
1000 1301 1310 1355 testamentaria,

321 1363 388 1408 seu
404 1363 485 1406 alia
499 1390 513 1412 ,
528 1363 598 1405 sub
609 1376 687 1419 qua
703 1362 884 1415 deceffit,
897 1363 1154 1420 dispofitione
1172 1365 1223 1406 ab
1236 1364 1311 1406 hu-

322 1423 446 1466 manis
460 1450 476 1471 ,
493 1421 602 1463 inter
624 1421 700 1463 alia
716 1436 788 1478 per
800 1436 891 1464 eum
907 1433 1005 1468 tunc
1019 1425 1085 1481 pie
1105 1422 1312 1480 dispofita,

322 1493 420 1526 tunc
448 1480 707 1523 existentibus
737 1481 1003 1530 Gaudiano,
1031 1486 1072 1525 ὃ(
1101 1482 1310 1528 Fratribus

319 1541 432 1584 dic‘tae
458 1538 610 1583 Domfis
643 1541 857 1596 Regularis
887 1551 1015 1583 totam
1046 1541 1312 1585 Librariam,

318 1599 444 1650 suam,
461 1613 599 1641 amore
615 1601 692 1642 Dei
709 1601 885 1654 legavit,
901 1601 1041 1643 volens
1055 1630 1069 1652 ‚
1083 1600 1192 1657 quod
1213 1599 1312 1641 dieti

321 1662 489 1702 Fratres
515 1656 672 1699 ratione
704 1659 929 1715 hujusmodi
951 1660 1141 1704 Librariae
1159 1658 1312 1704 Miffam

320 1729 439 1761 unam
456 1715 643 1771 quolibet
658 1718 790 1760 mense
805 1732 882 1774 pro
894 1718 1087 1774 suffragiis
1103 1722 1240 1761 animae
1258 1717 1318 1770 ip·

321 1778 395 1819 fius
412 1775 620 1816 vincentii
634 1776 846 1818 celebrare
860 1777 1201 1827 tenerentur‚illis
1218 1776 1321 1816 vero

321 1848 420 1879 onus
439 1832 671 1889 praedietum
685 1833 1319 1890 recusantibus2praedietaLibra-

318 1896 381 1939 ria
411 1892 636 1936 haereditati
666 1895 737 1936 suae
764 1893 1101 1949 consignaretur,
1130 1908 1176 1937 ac
1203 1892 1319 1944 alias,

322 1962 445 2011 prout
472 1952 510 1994 in
533 1952 792 2009 dispofitione
806 1951 1034 2010 hujusmodi
1049 1953 1209 2011 plenius
1223 1966 1321 1995 con·

321 2011 444 2056 tineri
463 2010 641 2054 dicitur.
661 2015 768 2055 Cum
784 2023 944 2062 autem,
967 2012 1064 2057 ficut
1087 2013 1229 2056 eadem
1246 2026 1320 2055 ex·

323 2072 470 2128 positio
485 2070 759 2126 subjungebat,
776 2072 970 2117 Librariae
986 2072 1319 2128 hujusmodi‚quae

321 2130 500 2185 alioquin
529 2129 645 2170 dietae
670 2130 822 2172 Domui
846 2130 1041 2180 Regulari
1068 2128 1319 2174 admodum..

323 2185 541 2230 neceffaria
557 2213 572 2235 ,
591 2186 631 2225 &
654 2184 841 2239 perutilis
868 2182 1004 2227 futura
1030 2184 1111 2236 est,
1136 2184 1319 2229 valorem

323 2245 366 2287 in
384 2242 634 2300 proprietate
645 2251 810 2285 centum
825 2240 1028 2285 scutorum
1041 2257 1119 2285 non
1134 2241 1321 2291 excedat,

323 2302 500 2361 proinde
518 2303 677 2343 Fratres
702 2301 881 2359 praedic‘ti
906 2312 1064 2343 tantum
1089 2315 1190 2343 onus
1213 2300 1323 2343 illius

327 2362 485 2406 ratione
499 2359 628 2401 subire
645 2372 725 2398 non
755 2357 925 2411 possint,
956 2358 1086 2400 Nobis
1103 2370 1321 2414 propterea

325 2418 535 2464 humiliter
572 2415 789 2472 supplicari
831 2414 1016 2467 fecerunt
1058 2419 1321 2474 Exponentes

324 2476 502 2536 praedi-sti
518 2504 533 2527 ,
551 2486 597 2517 ut
614 2477 727 2518 eisin
744 2474 944 2530 praemiffis
964 2479 1195 2531 opportune
1224 2491 1322 2534 pro-

326 2539 472 2582 videre
498 2564 512 2587 ‚
546 2534 598 2577 de
627 2534 881 2593 benignitate
906 2534 1147 2593 Apostolica
1179 2538 1317 2597 digna·

324 2610 482 2640 remur.

439 2656 523 2696 Nos
551 2654 675 2708 igitur
703 2656 963 2710 Exponentes
995 2654 1206 2710 praedietos
1231 2657 1319 2712 spe·

322 2714 496 2758 cialibus
513 2713 719 2756 favoribus
737 2716 800 2765 ,&
814 2711 956 2770 gratiis
972 2711 1155 2773 prosequi
1177 2717 1318 2760 volen-

322 2786 384 2818 tes
398 2801 412 2822 ‚
430 2787 502 2815 nec
517 2786 596 2815 non
615 2772 897 2817 Guardianum
913 2803 927 2826 ‚
953 2776 994 2818 δε,
1012 2773 1166 2817 Domus
1182 2775 1321 2829 praedi·

322 2839 392 2877 etae
409 2831 632 2887 fingulares
657 2831 846 2887 personas
877 2831 1123 2890 &quibusvis
1153 2848 1320 2883 excom-

321 2890 613 2937 municationis
629 2892 709 2943 βιε.
736 2891 948 2935 censentes
963 2919 977 2941 2
1009 2903 1165 2938 certam
1183 2905 1320 2939 tamen

324 2951 532 2995 scientiam
546 2951 597 2994 de
614 2950 815 3006 praemiffis
830 2980 845 3003 ,
868 2953 907 2994 &
937 2952 1126 2995 notitiam
1141 2966 1220 2994 non
1251 2955 1322 2996 ha-

321 3014 490 3058 bentes,
516 3008 744 3066 hujusmodi
775 3008 1137 3066 supplicationibus
1153 3010 1325 3054 inclina-

322 3070 353 3111 ti
370 3097 385 3120 ‚
402 3070 667 3111 fraternitati
691 3072 802 3115 Tuaea
820 3072 962 3114 Frater
978 3069 1176 3124 Episcope
1198 3098 1211 3119 ,
1243 3070 1325 3113 five

323 3125 571 3171 Discretioni
589 3129 684 3169 Tuae
696 3158 715 3180 ,
729 3128 806 3173 Fili
819 3125 1017 3172 officialis.
1031 3156 1044 3179 ,
1067 3141 1140 3186 per
1152 3128 1323 3184 praesen-

322 3198 384 3230 tes
412 3186 735 3237 committimus,
755 3189 795 3230 &
829 3186 1063 3231 mandamus
1087 3215 1101 3238 ,
1125 3197 1324 3244 quatenus

321 3245 497 3289 constitu
515 3244 607 3287 Tibi
637 3244 821 3300 legitime
843 3248 897 3290 de
914 3245 1129 3303 praemissis,
1141 3260 1242 3291 onus
1255 3262 1322 3292 ce.-

323 3305 562 3351 lebrationis
582 3305 698 3346 unius
715 3305 834 3350 Miffae
845 3305 1051 3350 menstruae
1069 3334 1083 3357 ‚
1103 3305 1152 3349 ad
1172 3308 1323 3349 ducen-

324 3375 383 3407 tas
399 3360 528 3404 Miffas
542 3362 691 3412 semel,
721 3366 839 3409 etiam
869 3368 906 3412 in
937 3365 1106 3409 diversis
1132 3366 1324 3410 Eeclefiis

321 3421 610 3472 celebrandas,
628 3425 868 3470 austeritate
897 3426 1029 3471 nostra
1045 3426 1214 3470 reducas
1233 3452 1247 3474 2
1281 3426 1322 3470 δι

324 3480 558 3525 modereris
576 3509 590 3533 ,
607 3480 784 3539 dictique
800 3487 1008 3529 Vincentii
1029 3485 1324 3529 voluntatem

326 3542 459 3595 quoad
479 3541 556 3583 hoc
573 3553 826 3592 commutes,
856 3547 896 3587 8ι
925 3544 1084 3588 interim
1097 3545 1322 3589 Librariam

326 3600 552 3653 praedistam
566 3614 645 3643 non
672 3602 868 3653 devolvi,
895 3603 963 3646 sed
984 3618 1107 3661 penes
1122 3602 1223 3659 ipsos
1241 3605 1322 3645 Ex·

328 3671 522 3710 ponentes
554 3675 790 3711 remanere,
818 3662 1025 3718 minusque
1057 3663 1149 3706 illos
1174 3665 1198 3708 a
1225 3676 1321 3721 quu-

325 3727 441 3780 quam
458 3747 470 3764 ‚
492 3734 540 3759 eo
565 3732 756 3773 praetextu
779 3722 976 3766 molestari
995 3753 1008 3775 ,
1035 3733 1103 3769 aut
1123 3723 1323 3779 inquieta-

324 3787 359 3814 1'1
378 3775 483 3828 Ρθίῖρ
502 3803 515 3826 2
531 3777 593 3819 sed
610 3793 682 3833 per
707 3781 1029 3826 celebrationem
1055 3783 1321 3824 ducentarum

1051 153 1639 244 Provincia

1367 294 1576 341 Miffarum
1591 293 1822 351 hujusmodi
1843 297 1970 341 modo
1981 301 2186 352 praemiffo
2197 331 2211 355 ‚
2224 304 2367 360 praedi-

1365 355 1418 397 eti
1448 354 1655 399 vincentii
1682 354 1886 396 voluntati
1916 352 2145 400 satisfecisse
2175 361 2257 406 dici
2280 389 2295 412 2
2325 364 2363 405 &

1372 413 1526 458 censeri
1563 414 1715 456 debere
1743 441 1757 465 ,
1786 413 1951 456 irritum
1979 427 2141 471 quoque
2164 446 2180 470 ,
2208 420 2248 461 δι
2284 421 2365 465 ina.

1372 487 1422 517 ne
1437 473 1663 525 decernas,
1683 474 1711 515 si
1735 471 1842 515 secus
1873 470 1991 528 super
2018 473 2080 515 his
2101 475 2335 534 iquoquam
2349 509 2366 531 ,

1369 534 1514 591 quavis
1543 532 1790 576 auctoritate
1814 529 1989 574 scienter
2021 532 2087 574 vel
2126 534 2362 591 ignoranter

1369 593 1587 646 contigerit
1601 591 1793 635 attentari
1811 620 1822 632 .
1847 593 1942 634 Non
1956 590 2205 637 obstantibus
2221 595 2366 639 volun-

1367 661 1452 696 tate
1484 651 1732 708 hujusmodi,
1748 649 1915 705 aliisque
1928 650 2130 706 praemiffis
2147 681 2164 705 ,
2189 667 2236 697 ac
2249 657 2367 698 Con-

1366 710 1642 755 stitutionibus
1658 738 1672 761 ‚
1687 711 1728 753 δι
1741 709 2080 753 Ordinationibus
2106 711 2366 769 Apostolicis²

1365 770 1560 827 dictatque
1573 766 1723 815 Domus
1738 768 1956 825 Regularis
1972 796 1986 819 ‚
2013 770 2137 812 etiarn
2162 769 2367 826 juramen-

1369 842 1414 874 to
1427 831 1506 873 &c.
1533 830 1573 870 &
1592 828 1814 880 innovati-13
1841 828 1986 882 quibus
2014 828 2199 871 omnibus
2222 830 2262 872 δι
2284 829 2364 873 fin-

1373 889 1479 947 gulis
1495 916 1509 940 ‚
1525 886 1673 930 etiamfi
1692 887 1744 931 de
1758 886 1837 930 illis
1857 886 2062 942 specifica,
2089 885 2264 943 expressa
2283 917 2297 940 ,
2327 889 2366 930 &

1372 946 1583 991 individua
1597 947 1754 1003 mentio
1778 946 1816 988 in
1832 947 2087 1001 praesentibus
2104 947 2285 990 facienda
2311 946 2373 989 fo-

1374 1016 1439 1051 ret
1455 1035 1468 1057 ,
1487 1006 1566 1057 illis
1591 1006 1687 1050 alias
1702 1005 1741 1049 in
1757 1003 1824 1046 suo
1838 1005 1989 1048 robore
2008 1008 2292 1061 permansuris,
2309 1005 2369 1048 la·

1375 1065 1519 1111 tiffime
1536 1068 1608 1109 hac
1626 1064 1714 1107 vice
1739 1064 1937 1106 duntaxat
1963 1063 2192 1119 specialiter
2207 1094 2222 1117 ,
2240 1067 2280 1108 δι
2298 1079 2372 1108 cx-

1376 1124 1508 1184 presse
1521 1126 1761 1182 derogamus
1775 1150 1789 1174 2
1807 1121 2040 1178 caeterisque
2067 1124 2262 1167 contariis
2279 1125 2368 1180 qui-

1377 1186 1620 1240 buscumque
1637 1213 1650 1226 .

1492 1245 1644 1286 Datum
1674 1243 1812 1287 Romae
1830 1239 1943 1296 apud.
1967 1240 2150 1285 Sanfftam
2165 1239 2370 1284 Mariam..

1375 1302 1575 1358 Maiorem
1607 1298 1676 1344 sub
1711 1299 1878 1343 Annulo
1919 1299 2130 1345 Piscatoris
2174 1299 2242 1343 die
2286 1312 2312 1341 x
2329 1313 2366 1342 x.

1366 1362 1466 1419 Julii
1499 1377 1531 1404 M
1549 1377 1577 1404 u
1594 1375 1619 1403 c
1636 1373 1658 1402 x
1674 1372 1700 1400 x
1715 1373 1738 1401 v
1755 1373 1790 1401 1.
1817 1357 2077 1403 Pontificatfis
2108 1359 2228 1403 nostri
2260 1371 2368 1401 anno

1374 1431 1528 1464 tertio.

1431 1538 1604 1592 Exempl.
1629 1539 1673 1579 In
1698 1536 1869 1579 Archino
1883 1535 2068 1590 generali
2083 1536 2248 1580 Ordinis
2275 1537 2364 1582 Ar·
2384 1544 2387 1547 ”

1489 1598 1615 1639 mario
1640 1593 1860 1639 Provincia
1883 1595 2131 1639 Cataloniae.

1380 1827 2381 1958 Lttz‘z‘fss‘cffissmfaitssssfinitatis:

1453 1989 1596 2043 prope
1629 1975 1805 2025 Villam
1848 1975 2173 2025 Balneola'rum
2203 2006 2220 2030 ,
2257 1987 2379 2024 com·

1452 2056 1635 2095 mutat.

1383 2182 1853 2238 URBANUS
1919 2185 2126 2235 PAPA
2189 2183 2374 2231 V111.

1466 2298 1704 2343 Venerabilis
1732 2300 1881 2343 Frater
1896 2328 1911 2350 ,
1921 2298 2009 2359 five
2035 2298 2168 2343 ditem
2192 2295 2309 2352 Fili,

1576 2357 1761 2415 salutem
1785 2383 1800 2405 ⁵
1840 2358 1888 2407 ὅ
1918 2357 2175 2412 Apostolicoru-

1707 2415 2021 2460 Benediffioncw
2031 2445 2047 2456 .

1491 2535 1628 2591 Xponi
1643 2534 1772 2580 Nobis
1793 2549 1919 2591 nuper
1932 2533 2121 2579 fecerunt
2146 2533 2286 2578 dilecti
2319 2533 2384 2578 1³1-

1510 2595 1553 2638 lii
1580 2623 1596 2648 ,
1627 2594 1884 2639 Gna-rdianus
1908 2621 1922 2642 ‚
1953 2595 1993 2636 δι
2027 2597 2193 2637 Fratres
2225 2592 2382 2635 Domus

1380 2654 1679 2700 conventualis
1695 2656 1883 2700 Fratrum
1909 2652 2226 2697 Ordinisszneti
2252 2655 2386 2696 Fran-

1380 2711 1475 2757 cisci
1491 2714 1797 2769 Capucinorurn
1824 2723 2148 2768 nuncupatorum
2170 2726 2325 2768 prope,
2343 2711 2382 2752 δε

1381 2778 1496 2815 extra
1529 2772 1684 2818 Villam
1724 2771 2013 2818 Balneolarum
2041 2799 2055 2821 ‚
2099 2769 2380 2817 Gerundenfis

1380 2830 1584 2874 Dioecefis
1601 2860 1616 2884 ,
1634 2832 1743 2891 quod
1758 2857 1772 2880 2
1788 2846 1881 2874 cum
1900 2830 2004 2874 dieta
2024 2832 2180 2875 Domus
2213 2831 2385 2889 prope-Le

1382 2891 1587 2946 quoddam
1607 2891 1782 2945 stagnum
1800 2891 1967 2941 existat,
1997 2900 2039 2932 ut
2058 2890 2109 2934 ab
2131 2890 2236 2938 aeris
2267 2888 2378 2932 illius

1383 2949 1464 2993 loci
1500 2950 1784 3006 intemperiem
1827 2949 1850 3006 (
1878 2959 1998 3005 prout
2036 2949 2216 3005 plurium
2244 2961 2376 2993 anno·

1385 3024 1472 3052 rum
1496 3010 1667 3057 decursu
1684 3019 1872 3054 notatum
1887 3008 1994 3067 fuit)
2015 3018 2097 3052 tam
2113 3022 2161 3052 ex
2187 3018 2383 3065 aquarum

1384 3067 1564 3123 ejusdem
1587 3070 1710 3125 stagni
1744 3067 1959 3124 vaporibus
1974 3096 1988 3118 ,
2003 3117 2005 3119 ,
2019 3068 2059 3111 &
2078 3067 2237 3117 nebulis
2257 3095 2271 3119 ‚
2301 3065 2387 3111 fre.-

1385 3127 1679 3184 quentibusque
1699 3128 1813 3172 dictae
1830 3126 1982 3174 Domus
2009 3125 2160 3173 recessu
2175 3154 2191 3177 ‚
2219 3127 2258 3168 δι
2275 3123 2395 3173 illius.

1385 3187 1465 3230 loci
1497 3186 1751 3242 depressione
1791 3186 2112 3242 procedentibus
2139 3213 2154 3236 ‚
2183 3180 2384 3237 Religiost

1384 3258 1461 3302 pro
1478 3255 1662 3300 tempore
1679 3248 1718 3291 in
1730 3245 1834 3292 dieta
1850 3247 1986 3294 Domo
1999 3241 2384 3294 commorantes,di-

1385 3302 1508 3350 verfis
1526 3303 1820 3351 infirmitatibus
1835 3304 1908 3347 fint
1922 3303 2085 3346 obnoxii
2101 3315 2119 3359 ⁸,
2142 3311 2381 3359 propterea·

1383 3379 1460 3421 que
1473 3362 1610 3407 dilecti
1637 3363 1758 3413 Filii,
1775 3359 2014 3405 Univerfitas
2028 3357 2105 3416 2'&
2120 3362 2302 3406 homines
2322 3361 2387 3403 di·-

1382 3427 1452 3467 &ae
1471 3422 1587 3470 Villae
1601 3451 1615 3474 2
1633 3437 1706 3464 nec
1734 3434 1816 3468 non
1839 3420 1979 3465 Abbas
1996 3420 2232 3465 monasterii
2249 3420 2385 3464 Sancti

1386 3482 1582 3539 Stephani
1605 3480 1795 3537 praedifiae
1814 3479 1936 3525 Villae
1962 3478 2273 3534 iurisdietionem
2303 3477 2388 3522 for-

1385 3539 1450 3584 san
1480 3539 1726 3599 spiritualem
1741 3569 1755 3591 ,
1767 3540 1807 3585 δι
1825 3540 2097 3594 temporalem
2112 3540 2152 3583 in
2166 3539 2273 3586 dicta
2295 3537 2385 3582 vn.

1384 3602 1423 3645 la
1442 3614 1662 3652 exercens,
1689 3598 1837 3644 eisdem
1865 3598 2170 3655 Exponentibus
2202 3610 2383 3643 commo·

1383 3661 1571 3713 diorem‚
1593 3664 1631 3706 &
1659 3660 1866 3703 meliorem
1893 3658 2010 3703 situm
2042 3659 2081 3701 in
2112 3660 2219 3702 dieta
2245 3656 2383 3710 Villa,

1383 3720 1444 3762 seu
1466 3735 1590 3777 prope
1607 3718 1719 3763 illam
1740 3749 1752 3771 ,
1767 3719 1815 3761 ad
1831 3717 2015 3763 effectum
2041 3719 2162 3762 aliam
2187 3716 2283 3761 dieti
2309 3718 2387 3758 Or-

1381 3779 1485 3823 dinis
1501 3782 1682 3825 Domum
1697 3777 2025 3824 Conventuaicm
2042 3776 2214 3821 construi
2229 3773 2382 3874 faegen-

2322 3848 2330 3876 ι
