2592 4094
896 166 971 257 S·
1036 159 1549 259 Ludo'vici.
2019 212 2185 296 177

230 308 287 355 pia
301 305 436 366 consilia
452 308 653 356 plerumque
667 309 701 346 in
722 309 783 345 suo
795 320 968 359 partu,per
980 316 1267 354 contradiffiones
1277 317 1397 364 agitari
1411 317 1626 355 reminiscens
1636 341 1650 362 ,
1671 316 1857 354 feliciorem
1870 318 1918 354 rei
1932 320 2110 360 succeffum
2125 330 2143 362 “a
2155 329 2241 365 San·-

221 356 277 391 fta
291 356 385 392 sede
409 380 420 398 ,
446 358 603 416 adquam
619 370 784 416 recurrere
798 361 935 404 statuit,
962 361 1019 397 fibi
1035 364 1330 408 adpollicebatur.
1358 365 1435 400 Hac
1452 366 1506 412 spe
1529 366 1642 410 freta,
1667 365 1846 402 confilium
1871 367 1904 400 in
1934 368 2088 405 Domino
2116 385 2235 412 conce·

224 412 323 450 ptum
338 406 499 452 prosequi
512 419 624 452 cepit,
643 418 689 443 ita
700 420 736 463 ut
748 408 945 463 personante
957 411 1050 446 illius
1064 421 1212 448 rumore.
1229 415 1342 458 plures
1350 413 1524 450 Civitates
1549 414 1644 450 litum
1657 415 1865 451 fundationis
1879 415 2035 451 certatim
2047 418 2209 457 offerrent

224 453 320 488 Inter
333 454 396 509 has
404 454 566 511 A-quenlis
579 480 591 499 ‚
620 459 814 513 Pro-vinociae
828 457 1037 503 Metropolis
1047 470 1133 493 anno
1154 461 1216 494 162
1226 473 1254 495 i.
1269 471 1315 495 ex
1327 462 1496 495 communi
1521 462 1648 499 confilii
1670 464 1838 508 generalis
1850 461 1992 503 affenru,
2010 474 2067 510 per
2084 448 2235 511 Deputa:

224 509 284 537 tos
298 500 339 536 ad
352 503 541 561 Civitatem
557 504 719 546 Pertulit,
743 516 776 560 in
792 515 858 550 qua
874 504 1007 539 Martha
1028 517 1108 541 tunc
1121 505 1284 543 relidebat
1295 530 1309 548 ‚
1335 507 1393 542 libi
1406 509 1528 546 sortem
1549 511 1683 549 decerni
1701 512 1860 556 rogavit,
1875 510 2085 548 Tulonenlis
2102 523 2232 557 autem,

219 559 296 605 :tion
308 549 419 586 solum
436 562 672 600 opportunum
691 550 823 589 fabrtcae
839 551 984 588 fundum
998 575 1011 597 ‚
1035 554 1091 588 sed
1105 554 1140 589 8(
1155 555 1261 591 6000.
1275 555 1369 591 scuta
1392 568 1468 592 cum
1488 560 1584 594 fonte
1606 561 1650 596 ad
1674 559 1870 597 Monasterii
1894 561 2111 596 commodum
2134 562 2236 596 obtu-

223 597 267 631 lit
283 622 294 632 .
318 598 483 644 Suspexit
495 602 528 636 in
541 602 666 637 aemulo
674 598 846 646 utriusque
861 600 1026 637 Civitatis
1037 601 1201 637 desiderio
1217 603 1347 639 Martha
1360 603 1556 649 fingularem
1568 631 1580 650 ‚
1603 620 1675 655 quo
1689 620 1767 653 erga
1789 607 2010 655 seraphicum
2035 608 2236 646 Ordinem..

221 644 408 702 ferebatur,
418 648 619 702 devotionis
639 649 812 690 affeeium,
830 649 865 684 8(
877 649 978 686 corde
993 650 1086 686 illius
1099 649 1134 685 in
1148 651 1259 685 Deam
1272 652 1392 687 vivum
1406 655 1583 690 exultante
1596 681 1607 696 ‚
1618 656 1768 692 ultimam
1790 655 1967 693 destinavit
1982 655 2138 700 Virginei
2152 657 2239 692 San-

218 690 340 748 Quarii
356 696 580 742 peripheriam
594 721 608 741 ‚
627 699 663 734 in
684 708 753 744 qua
779 697 814 733 &
840 697 1007 741 Crucem,
1039 697 1284 742 illustrissimo,
1307 700 1342 736 8(
1366 701 1663 738 Reverendissimo
1691 705 1845 740 Domino
1866 705 2051 752 Episcopo,
2062 716 2138 740 cum
2157 704 2232 739 Cit-

215 743 333 798 pitulo
346 765 359 786 ,
384 743 418 779 8<
435 745 545 782 Clero
560 746 723 782 affistente
735 769 748 788 ‚
775 756 864 781 anno
883 747 984 781 1622.
999 746 1190 782 solemniter
1210 747 1299 791 erigi
1318 748 1456 784 curavit
1468 772 1482 794 ,
1502 750 1642 788 obtenta
1657 752 1750 798 prius
1779 765 1852 790 tum
1869 753 2072 801 Apostolica
2126 763 2234 792 tum-0

218 789 333 834 Regia
345 791 504 831 facultate
519 818 531 836 ,
554 804 700 841 quarum
711 793 869 830 ultimam
883 793 1049 842 expressit
1069 794 1237 844 Diploma
1251 795 1407 843 sequens.
2085 776 2101 797 ³

286 963 568 1023 Ludovicus,
584 964 673 1014 Dei
701 964 867 1030 gratia,
885 965 1084 1013 Franciae
1110 963 1160 1015 ὃ(
1187 965 1406 1018 Navarrae
1426 970 1543 1023 Rex,
1572 966 1819 1016 Provinciae
1837 968 2171 1035 For-calquerii,=

767 1030 816 1084 ὅ(
832 1033 1082 1084 Terrarum
1098 1035 1396 1100 adjacentium
1412 1040 1583 1088 Comes
1601 1034 1693 1088 διε.
1803 1030 1805 1032 ’

505 1205 672 1248 Ducitis
697 1202 816 1249 Nobis
831 1229 845 1254 ,
868 1202 1062 1262 Mnistris
1093 1203 1223 1249 Curiae
1247 1205 1490 1249 Parlamenti
1515 1203 1699 1260 Aquensis
1713 1233 1727 1256 ‚
1742 1203 1948 1260 [αἰνὴ-ηπ

284 1397 295 1406 .
309 1347 458 1401 Ῥίἶεῑῖα
483 1346 597 1388 Nobis
628 1350 774 1388 Martha
794 1349 830 1386 d’
845 1349 994 1398 Oraison
1007 1371 1020 1392 ‚
1048 1346 1322 1400 Vice-Comitiffb
1342 1347 1504 1388 Valernae
1516 1374 1529 1395 ,
1550 1349 1593 1392 &¹
1612 1345 1788 1398 Baroniffa
1817 1347 2024 1395 Allemaguae
2045 1345 2159 1386 Nobis
2183 1357 2241 1385 ex-

207 1405 293 1447 poni
300 1398 389 1454 feeit
404 1421 415 1442 ,
445 1398 533 1445 quod
544 1399 604 1446 ρὶᾶ
621 1424 632 1439 ,
662 1399 704 1440 &⁶
717 1398 886 1436 laudabili
895 1399 1077 1435 devotione
1091 1399 1192 1436 dusia
1207 1424 1219 1444 ,
1233 1401 1272 1436 in
1288 1398 1397 1448 nostra
1412 1401 1572 1438 Civitate
1589 1396 1709 1434 Toleni
1720 1395 1963 1446 Monasterium
1976 1396 2248 1443 Capuciuarum‚

208 1444 298 1481 alitis
315 1447 336 1481 1*
342 1447 474 1502 iliarum
491 1449 652 1486 Paffionis
667 1457 961 1496 nuncupativum,
968 1447 1074 1496 juxta
1089 1447 1298 1485 contrariam
1307 1459 1382 1484 cum
1403 1448 1608 1496 Consult‘bur
1620 1445 1889 1483 diriaecivitatis
1903 1445 2044 1487 initum,
2056 1455 2115 1479 con
2143 1456 2245 1481 ruere

201 1493 368 1549 statuerat
381 1520 394 1538 ,
424 1495 619 1542 &desuper
635 1494 726 1532 illud
739 1495 953 1545 construendi·
973 1494 1198 1544 facultatem,
1218 1496 1329 1533 ‘Bulla
1352 1495 1557 1548 Illuflriffimi
1582 1492 1804 1544 Vice-Legati
1824 1492 2073 1541 Avenionenfis
2110 1494 2155 1528 ub
2193 1505 2246 1540 ις.

210 1543 324 1590 ''¹²⁷4“
334 1543 485 1591 P70x5m3
493 1545 669 1592 Praeterffi
681 1554 854 1588 emanata,
868 1544 1060 1580 obtinuerit
1075 1570 1085 1585 ,
1100 1545 1143 1586 &⁹
1156 1546 1244 1593 quod
1254 1547 1293 1582 eti
1309 1541 1414 1582 Vobis
1425 1545 1580 1583 exhibita
1594 1569 1606 1588 ‚
1636 1540 1701 1580 Vos
1716 1567 1727 1586 ‚
1756 1551 1796 1579 ut
1804 1542 1868 1590 fibi
1896 1541 1938 1577 de
1971 1539 2102 1578 litteris
2132 1538 2246 1590 noflrae

210 1591 454 1649 declarationis
468 1592 631 1642 intrasex
646 1594 767 1641 menses
776 1592 975 1641 providere,
989 1593 1322 1637 praedifiiaeMarthae,
1331 1602 1392 1642 per
1405 1593 1550 1644 vestrum
1569 1591 1732 1643 arrestum
1745 1590 1897 1639 praediffi
1920 1589 2031 1637 menfis
2046 1589 2244 1638 injunxeri-

208 1649 256 1678 m
269 1666 281 1682 ‚
310 1642 517 1689 interimque
529 1642 759 1679 executionem
771 1642 959 1679 enuntiatae
970 1640 1085 1678 ‘Bullae
1101 1643 1349 1692 permiseritis.
1379 1643 1467 1682 Cum
1478 1643 1550 1692 jam
1568 1651 1680 1679 autem
1694 1637 1828 1683 Nobis,
1843 1648 1905 1688 pro
1929 1638 2029 1674 dietis
2057 1639 2186 1676 litteris
2210 1638 2248 1674 ei

207 1688 427 1725 concedendis
440 1690 483 1725 ab
491 1702 530 1726 ea
540 1689 772 1738 supplicatum
778 1691 914 1738 fuerit,
939 1687 1064 1732 &Nos
1079 1717 1090 1732 ‚
1117 1691 1373 1739 quantumfieri
1383 1693 1536 1740 poterit,
1562 1693 1600 1726 in
1618 1690 1679 1739 pia
1707 1689 1900 1725 intentione
1915 1711 1929 1732 ‚
1957 1687 2000 1728 Ψ
2013 1685 2191 1723 devotione
2213 1687 2247 1722 03

202 1738 329 1786 favere
340 1739 514 1786 cupiamus
530 1764 542 1779 ‚
561 1738 667 1775 difias
683 1738 803 1775 Bullas
818 1740 873 1775 bic
886 1738 1010 1786 Sigillo
1035 1751 1076 1775 no
1104 1751 1149 1775 rae
1176 1740 1399 1777 Cancellariae
1421 1738 1592 1789 injunffas
1607 1762 1620 1783 ‚
1647 1736 1881 1775 ratihabentes
1893 1761 1904 1778 ‚
1931 1735 1973 1776 ἐφ’
2003 1735 2249 1782 approbantes,

205 1786 310 1833 juxta
325 1785 449 1842 harum
465 1796 614 1822 tenorem
624 1787 828 1833 permifimut
841 1810 857 1829 ,
880 1786 923 1826 ὠ*
930 1795 993 1832 per
1006 1787 1050 1820 ha
1066 1798 1102 1821 ce
1109 1787 1288 1832 prasente:
1303 1787 1414 1835 nostrii
1428 1799 1531 1823 manu
1534 1787 1701 1835 signatas,
1710 1782 2058 1832 praediHaeMarthae
2076 1780 2252 1830 permitti-,3

208 1845 282 1869 mus
286 1833 457 1879 fabricam
474 1832 682 1879 Monaflerii
699 1833 750 1869 Ca
774 1834 958 1870 ucinarum
971 1857 982 1874 ‚
1012 1844 1098 1879 quar
1110 1832 1198 1868 alitis
1211 1835 1315 1870 filias
1330 1835 1494 1870 Paffionis
1507 1840 1709 1880 nuncupant
1730 1854 1743 1873 ,
1761 1833 1799 1865 in
1811 1831 1898 1866 aiffa
1924 1829 2080 1867 civitate
2096 1828 2165 1876 sub
2191 1828 2250 1864 di-

208 1880 356 1917 refiiione
372 1879 447 1918 PF.
460 1880 719 1928 Capucinorum
758 1879 827 1915 ἰδία
840 1879 1049 1915 Provincia:
1060 1880 1242 1927 erigendi,
1262 1893 1337 1918 cum
1346 1880 1518 1929 facultate
1532 1890 1605 1917 tum
1625 1881 1723 1915 intra
1735 1902 1746 1918 ,
1774 1887 1847 1915 tum
1859 1887 1958 1914 extra
1982 1879 2244 1914 enunciatamaa'

209 1929 403 1967 Civitatem
417 1928 632 1975 eleemosynas
644 1935 708 1975 pro
714 1926 961 1976 sustentatione
974 1954 985 1970 ‚
1011 1928 1054 1969 &¹
1064 1929 1157 1965 visite
1167 1927 1577 1968 diffarumdldonialium
1593 1926 1790 1974 colligendi,
1813 1926 1906 1963 haud
1918 1924 2035 1966 aliter,
2063 1937 2102 1961 ac
2117 1925 2154 1960 id
2157 1924 2243 1972 fieri

209 1977 387 2024 consuevit
396 1978 436 2011 in
450 1976 560 2023 nostra
571 1977 729 2013 Ciuitate
749 1976 935 2024 Partfienfi.
961 1976 1145 2023 Praefintes
1168 1976 1248 2012 dum
1268 1979 1365 2012 vobis
1388 1978 1557 2013 mittimus
1574 2002 1587 2022 ,
1614 1973 1768 2012 vexilla:
1784 1974 1961 2024 registrari
1979 1998 1993 2017 ‚
2021 1973 2064 2014 &¹
2082 1973 2246 2009 elifium

209 2024 391 2063 Maribam
404 2023 439 2058 d’
449 2022 598 2074 Orffl'sfflf
608 2032 682 2056 tum
691 2033 808 2057 earum
822 2045 835 2062 ‚
859 2031 933 2056 tum
945 2022 1113 2057 dierorum
1126 2022 1308 2057 Baliarum
1319 2033 1436 2058 tenore
1441 2024 1539 2068 plene
1555 2050 1565 2064 ‚
1591 2025 1633 2065 ὠ·
1649 2022 1787 2068 pacifice
1795 2024 1877 2070 frui
1888 2023 2030 2071 facietis
2043 2045 2056 2065 ‚
2085 2033 2151 2056 non
2164 2023 2244 2067 pei-

209 2072 385 2108 mittentes
407 2094 417 2110 ‚
443 2080 515 2105 eam
526 2069 665 2114 desuper
680 2067 847 2105 turbari,
872 2066 1060 2111 impediri,
1084 2075 1147 2100 aut
1160 2067 1331 2112 quidquid
1344 2069 1383 2100 in
1398 2072 1612 2103 contrarium
1626 2069 1708 2113 fieri
1723 2091 1734 2106 ,
1764 2071 1936 2104 dummodo
1963 2070 2001 2102 in
2037 2068 2126 2102 dirici
2142 2068 2247 2104 Bulla

207 2120 350 2203 jtlaerifaus
365 2143 377 2159 ,
405 2115 622 2158 &libertati
637 2112 780 2162 Ecclesia
811 2110 999 2150 Gallicanae
1023 2111 1116 2148 nihil
1138 2113 1354 2150 contrarium
1377 2115 1575 2161 reperiatur
1590 2139 1599 2149 .
1627 2114 1674 2151 Et
1696 2112 1762 2152 haec
1791 2114 1834 2165 est
1856 2114 1965 2165 nostra
1989 2114 2150 2160 veluntas
2163 2139 2176 2157 ,
2201 2117 2244 2157 &-

243 2176 371 2204 acttum
385 2191 394 2201 .
1627 2171 1630 2174 ⁴

203 2177 229 2218 P
305 2216 440 2256 Datum
450 2211 631 2263 Maffiliae
649 2210 684 2249 8.
698 2207 912 2260 Novembris
925 2221 1016 2249 anno
1024 2211 1152 2262 gratior
1167 2209 1270 2250 1622·
1286 2236 1298 2254 ,
1320 2209 1364 2254 ἐγ
1375 2211 1476 2260 regni
1489 2209 1593 2262 nostri
1612 2222 1666 2260 ¹3·

1812 2357 2106 2408 [udovicus.

313 2521 473 2573 Eousque
485 2523 597 2571 coeprii
610 2547 621 2567 ,
636 2523 684 2560 ob
698 2522 863 2560 nonnulla
878 2530 974 2568 ,quae
994 2518 1255 2566 supervenerant
1268 2540 1279 2557 ‚
1293 2516 1515 2561 gravamina,
1534 2516 1750 2562 postmodum
1776 2512 1952 2562 suspendi,
1975 2515 2046 2551 imo
2058 2513 2092 2550 8(
2107 2511 2242 2560 penitus

213 2570 346 2610 tandem
364 2574 470 2620 linqui
484 2574 641 2618 oportuit
654 2598 666 2616 ,
685 2571 905 2608 illustriffimo
919 2569 1074 2606 Domino
1097 2567 1339 2603 Gubernatore
1358 2564 1680 2607 Maffiliae,Guifio‚
1698 2566 1790 2612 apud
1814 2566 1976 2601 Proceres
2006 2564 2107 2599 Aulae
2130 2559 2238 2604 Regis

210 2633 279 2658 rem
297 2622 341 2657 εὸ
358 2626 528 2658 volvente
543 2645 554 2664 ‚
572 2632 606 2656 ut
625 2621 867 2657 Monasterium
885 2629 956 2653 tum
970 2629 1033 2662 pro
1054 2617 1136 2655 suo,
1150 2626 1220 2649 tum
1236 2624 1301 2660 pro
1315 2613 1488 2660 ConjugIs
1503 2613 1567 2649 suae
1587 2613 1708 2650 solatio
1720 2614 1777 2657 ,in
1802 2613 1958 2648 Civitate
1972 2613 2035 2647 suae
2058 2607 2242 2645 residentiae

210 2669 365 2706 Maffiiiae
378 2670 525 2707 construi
539 2669 735 2706 conclusum
749 2667 870 2704 fuerit.
884 2666 1053 2702 Consules
1069 2662 1235 2702 Civitatis
1251 2671 1309 2707 per
1322 2661 1450 2698 litteras
1467 2662 1508 2698 de
1520 2674 1620 2709 capto
1636 2663 1735 2699 Aulae
1749 2660 1889 2698 consilio
1919 2658 2032 2697 edoffi
2042 2663 2061 2703 ς
2072 2658 2122 2703 ad
2138 2655 2242 2692 Vice-

211 2718 427 2754 Comitiffam
445 2730 508 2765 pro
526 2716 747 2754 parthenonis
770 2715 989 2751 translatione
1005 2714 1048 2749 ad
1071 2713 1134 2748 suae
1149 2710 1313 2746 Civitatis
1325 2709 1443 2750 linum,
1461 2711 1629 2758 supplices
1641 2711 1802 2748 dederunt
1819 2710 1961 2752 litteras,
1977 2709 2158 2754 parem'que
2176 2715 2240 2739 vo-

205 2766 251 2801 tis
263 2766 329 2802 suis
349 2768 483 2812 stipem,
498 2777 560 2810 pro
574 2767 704 2801 fabricae
715 2763 861 2799 subsidio
878 2762 1135 2809 spoponderunt
1151 2782 1160 2793 ·
1182 2758 1341 2804 Agnovit
1358 2758 1419 2794 illa
1435 2759 1663 2796 mutationem
1677 2759 1760 2795 hanc
1773 2781 1786 2802 ,
1799 2758 1949 2795 dexterae
1967 2755 2096 2793 Excelfi
2123 2763 2211 2799 opus
2225 2775 2240 2794 ,

206 2814 242 2849 &
259 2813 401 2860 speciale
420 2814 558 2849 Divinae
574 2812 806 2848 Providentiae
818 2809 1014 2847 confilium:
1033 2805 1211 2852 Agnovit,
1232 2806 1475 2843 Monasterium
1496 2807 1678 2843 aretiffimae
1697 2808 1886 2854 paupertati
1904 2806 2030 2842 sacrum
2050 2805 2087 2839 in
2102 2801 2237 2837 Civita-

209 2873 243 2899 te
268 2861 419 2897 Maffiiiae
433 2883 444 2901 ,
465 2872 607 2906 potente
620 2861 653 2895 8(
669 2860 778 2895 divite
790 2882 803 2901 ,
816 2858 1033 2894 excitandum
1048 2856 1134 2900 effe,
1159 2865 1196 2891 ut
1211 2879 1224 2899 ,
1238 2854 1294 2890 ubi
1308 2856 1456 2891 Sorores
1476 2855 1583 2902 major
1599 2867 1764 2901 premeret
1786 2866 1896 2890 rerum
1929 2854 2056 2898 egestas
2074 2876 2085 2894 ,
2109 2849 2239 2886 facilior

208 2907 334 2949 adallet
354 2909 551 2946 necessitatis
571 2907 741 2955 provisio:
754 2907 830 2943 hinc
844 2907 878 2942 8(
890 2905 1080 2942 Consulum
1093 2916 1207 2951 preces
1220 2927 1233 2947 ‚
1253 2904 1287 2939 &
1302 2914 1386 2939 vota
1401 2903 1580 2950 extemplo
1595 2903 1724 2938 admisit
1734 2929 1748 2948 ,
1771 2904 1947 2949 amplaque
1960 2903 2084 2940 domo,
2102 2910 2176 2945 quae
2194 2896 2236 2932 fi-

207 2963 244 2996 ni
257 2958 467 2994 fundationis
487 2958 598 3005 aptior
614 2955 823 2999 censebatur,
838 2966 896 3001 per
918 2954 1109 2989 Dominum
1131 2953 1172 2989 de
1187 2953 1366 2989 Mavallon
1380 2957 1561 2997 coempta,
1576 2952 1697 2987 Crucis
1721 2954 1902 2996 trophaeum
1928 2961 2018 2985 anno
2041 2948 2139 2993 1623.
2162 2946 2232 2981 fuit

206 3007 355 3045 ercstum
368 3032 379 3049 ‚
398 3007 440 3042 ad
455 3006 580 3043 sacram
600 3004 810 3041 funetionem
832 3005 914 3040 RR,
928 3003 1086 3038 Dominis
1108 3001 1266 3037 Abbatiae
1284 3003 1318 3037 S.
1333 3000 1507 3043 vietor-is,
1537 3000 1595 3035 sub
1609 3001 1843 3047 quorumjure
1860 3001 1955 3035 locus
1974 2996 2171 3032 monasterii
2193 2993 2236 3028 li-

207 3068 264 3093 tus
281 3066 355 3093 erat
370 3078 382 3099 ‚
394 3055 689 3101 comparentibus,
703 3066 741 3089 ac
750 3053 883 3090 eosdem
901 3053 930 3087 R
940 3050 1236 3094 R.PP.Minimis,
1250 3048 1456 3086 Reconeetis
1468 3075 1478 3090 ,
1495 3050 1529 3084 8(
1542 3048 1732 3094 Capucinis
1757 3046 2046 3095 processionaliter
2070 3043 2231 3091 sequenti-

206 3108 268 3144 bus
286 3131 297 3141 .
313 3104 393 3141 Fuit
409 3104 443 3139 8(
459 3105 575 3140 eadem
595 3105 652 3139 die
668 3102 794 3148 pofiius
808 3099 961 3138 Ecclesia:
979 3099 1064 3146 lapis
1079 3098 1335 3135 fundamentalis
1349 3122 1361 3142 ,
1374 3109 1476 3143 quem
1507 3098 1590 3132 Vice
1611 3096 1787 3132 Comitiffa
1802 3121 1814 3139 ,
1833 3096 1865 3132 8(
1884 3095 1978 3131 unica
1995 3092 2068 3140 ejus
2088 3092 2184 3135 Filia,
2195 3103 2234 3127 ac

209 3153 426 3192 Marchionis
440 3154 482 3188 de
498 3154 586 3189 Ares
601 3151 743 3198 eonjux
758 3175 770 3194 ‚
782 3163 846 3187 ceu
871 3149 1090 3185 Fundatrices
1103 3171 1114 3191 ,
1130 3161 1169 3184 ac
1186 3147 1431 3197 DD.Joannes
1443 3147 1483 3181 de
1507 3144 1680 3180 Bonis-acio
1695 3169 1706 3185 ,
1718 3146 1759 3180 de
1775 3145 1933 3179 Cabanes
1944 3169 1956 3187 ,
1971 3142 2097 3189 Joseph
2111 3141 2143 3176 8(
2159 3144 2232 3177 An-

207 3205 328 3241 tonius
338 3202 495 3247 Gasquat
513 3226 523 3242 ‚
541 3201 635 3237 illius
651 3200 729 3236 anni
741 3199 914 3235 Consules
926 3221 939 3242 ,
961 3209 1024 3233 ceu
1041 3198 1277 3240 Protectores,
1291 3196 1409 3240 egcstae
1426 3204 1517 3230 terrae
1533 3193 1592 3228 sub
1606 3193 1734 3237 ingenti
1747 3192 1866 3240 populi
1881 3193 2043 3228 concursu
2060 3216 2071 3233 ‚
2095 3190 2234 3227 commi-

208 3262 338 3299 xtoque
355 3251 476 3287 laetitiae
500 3275 511 3290 ‚
526 3254 558 3285 &
574 3248 893 3295 devotionisjubilo
912 3245 1123 3294 injecerunt,
1137 3258 1175 3282 ac
1189 3245 1331 3281 solemni
1347 3243 1389 3277 ad
1409 3243 1594 3279 incruentas
1611 3244 1700 3277 Aras
1714 3241 1806 3277 sacro
1823 3253 1916 3288 ,quo
1933 3241 2020 3276 Rev.
2037 3242 2080 3275 D.
2102 3241 2228 3276 Came-

207 3300 317 3336 rarius
331 3301 369 3336 S.
384 3298 540 3336 νίξὲοτίς
566 3310 690 3334 nomen
709 3296 852 3332 Domini
868 3295 1212 3342 invocavit,duplcx
1233 3291 1404 3329 Crucis&
1421 3290 1540 3335 lapidis
1560 3290 1644 3325 ritus
1668 3291 1892 3326 terminatus.
1911 3291 1965 3324 De
1981 3288 2094 3325 faustis
2114 3287 2229 3322 hisce..

206 3347 364 3394 primitiis
377 3347 600 3383 sicutMartha
616 3347 808 3393 replebatur
822 3345 963 3390 gaudio,
973 3343 1020 3380 ita
1037 3345 1138 3381 celeri
1150 3354 1249 3378 manu
1259 3342 1418 3377 fabricam
1431 3339 1621 3374 continuari
1633 3337 1742 3385 justit,
1763 3338 1904 3374 necdum
1934 3338 2016 3374 licet
2031 3360 2044 3379 ‚
2058 3337 2151 3383 quod
2166 3344 2227 3380 per

208 3394 377 3439 expreffos
396 3397 576 3443 deputatos
591 3396 611 3432 a
625 3397 770 3432 Summo
785 3393 954 3431 Pontifice
967 3391 1200 3440 requisiverat,
1217 3387 1395 3438 spiritualis
1408 3398 1492 3423 curae
1505 3385 1692 3433 Capucinis
1705 3386 1919 3433 injungendae
1931 3387 2076 3422 obtento
2091 3382 2226 3419 manda-

213 3452 250 3477 to
264 3465 278 3486 ,
294 3443 329 3479 8(
347 3442 427 3480 ideo
451 3445 624 3479 retardato
648 3467 661 3487 ,
685 3443 780 3490 quod
808 3442 998 3479 Franciscus
1026 3439 1220 3477 Cardinalis
1241 3437 1442 3475 Barberinus
1466 3462 1477 3477 ,
1506 3434 1686 3471 destinatus
1705 3437 1747 3471 ad
1769 3437 1899 3481 Regem
1920 3431 2230 3470 Christianiffimum

213 3499 370 3538 prototo
384 3492 512 3527 Galliae
532 3493 657 3537 Regno
674 3493 823 3535 Legatos
837 3494 856 3526 a
872 3493 990 3535 latere,
1008 3491 1042 3526 in
1054 3490 1114 3525 suo
1128 3499 1186 3536 per
1202 3487 1420 3524 Provinciam
1441 3482 1592 3524 transitu,
1606 3483 1816 3520 Pontificiam
1830 3494 1970 3519 mentem
1985 3479 2109 3525 exequi
2123 3479 2225 3513 debe-

208 3548 260 3574 ret
276 3562 287 3573 .
312 3537 386 3575 Vix
416 3542 449 3573 &
476 3540 531 3575 hic
546 3539 729 3575 Avenione
746 3542 902 3587 appulit,
926 3540 969 3575 ad
985 3547 1154 3583 receptum
1166 3537 1214 3572 ibi
1231 3537 1250 3571 a
1264 3532 1547 3572 Vice-Comitiffa
1570 3532 1724 3568 libellum
1742 3533 1942 3580 supplicem,
1955 3532 2068 3566 Patres
2082 3525 2227 3562 Provin-

208 3586 282 3629 ciae,
300 3588 380 3622 cura
393 3587 566 3632 praedieta,
579 3599 637 3633 per
654 3588 814 3635 Diploma
829 3588 926 3636 supra
937 3583 1425 3633 fol.174.recenfitum‚ligavit‚
1439 3591 1538 3628 quarn
1550 3581 1586 3616 8(
1598 3581 1789 3618 obedienter
1804 3580 1924 3625 suscipi
1940 3576 2131 3613 PMinister
2145 3574 2223 3610 Ges

213 3635 339 3671 neralis
353 3646 410 3681 per
426 3635 553 3671 litteras
576 3636 650 3672 suas
669 3637 801 3672 monuit
816 3664 823 3672 .
839 3639 918 3673 lnde
935 3638 969 3672 in
982 3637 1091 3683 primo
1102 3658 1113 3677 ‚
1125 3635 1220 3680 quod
1236 3633 1443 3669 celebratum
1456 3629 1503 3664 est
1516 3652 1528 3672 ‚
1541 3629 1707 3675 Capitulo
1718 3655 1728 3671 ‚
1744 3628 1892 3666 unanimi
1903 3624 2078 3665 consensu,
2100 3623 2219 3661 Patres

207 3683 450 3721 Alexandrum
471 3685 513 3719 de
535 3684 687 3719 Castello
705 3685 840 3728 Novo,
854 3686 890 3722 8(
904 3684 1156 3728 Archangelum
1182 3680 1320 3718 Parisios
1341 3679 1489 3714 secedere
1507 3701 1518 3720 ,
1542 3681 1574 3712 &
1587 3688 1631 3714 ex
1660 3679 1721 3714 illo
1737 3678 1943 3714 Parthenone
1964 3674 2108 3710 Sorores
2123 3696 2134 3712 ,
2161 3671 2220 3708 seu

204 3733 337 3771 Matres
350 3756 363 3775 ‚
383 3743 458 3779 quae
471 3742 600 3767 novam
618 3731 848 3768 Maffiliensem
866 3734 1012 3776 Prolem,
1027 3732 1063 3767 iii
1080 3742 1215 3777 gregem
1229 3729 1353 3766 Christi
1369 3725 1526 3762 dileetnm
1540 3726 1720 3763 formarent
1737 3752 1747 3766 ,
1772 3726 1880 3760 secum
1895 3721 2050 3757 reducere
2061 3720 2221 3765 julium...

207 3782 273 3818 est.
290 3780 490 3868 (ῗεῑόἰρἰϋί
504 3779 573 3817 sors
585 3778 725 3817 feliciter
738 3779 837 3827 super
853 3783 1028 3826 Agnetem
1045 3780 1297 3821 Turoncnsem,
1313 3788 1387 3823 quae
1403 3776 1481 3858 logia
1491 3775 1561 3822 jam
1578 3776 1653 3812 vice
1666 3773 1849 3812 Abbatiffae
1866 3769 2028 3810 officium,
2044 3769 2118 3816 pari
2133 3770 2218 3804 sem-

299 3870 307 3873 *³
335 3841 396 3867 om.
410 3872 424 3875 Δ
438 3854 451 3866 .
2120 3829 2183 3865 per
