2612 4100
359 308 416 351 lio
429 311 514 366 pio,
534 326 582 356 ac
597 312 798 369 Religioso
811 312 928 362 Viro,
942 308 1109 367 Joseph,
1127 310 1348 357 Fratrum,

359 372 665 426 Capucinorum
694 370 943 421 Provinciali
974 372 1146 416 Turenae
1180 367 1229 416 ad
1259 373 1346 419 Nos

356 428 472 472 datas
487 457 500 471 .
527 431 771 477 Consulatus
797 443 837 473 es
851 431 938 471 Nos
953 427 1137 486 quidem,
1151 427 1226 476 Fili
1243 427 1346 473 dile·

356 502 417 541 «ste
437 523 450 548 ,
466 492 714 547 summopere
741 486 1027 544 fignificatione
1042 488 1344 543 compositionis

355 557 534 603 omnium
548 549 864 596 differentiarum
878 572 893 595 ‚
915 559 1001 602 qua:
1030 547 1220 596 haQenus
1237 547 1343 604 vige·

356 619 455 662 bant
478 641 492 662 ‚
516 615 557 655 δι
581 607 889 660 confirmatione
917 604 1250 656 defideratiffimae
1275 621 1343 663 pa·

356 680 440 720 cis.
468 674 648 718 Summas
679 670 769 715 Deo
800 661 1158 714 misericordiarum
1192 666 1343 720 gratias

356 728 615 793 egimus‚qui
634 729 709 773 hoc
724 721 969 779 optatiffimo
993 724 1143 774 nuncio
1167 727 1255 771 Nos
1278 738 1344 768 re-

354 791 535 843 creavit,
550 788 815 832 vehementer
839 781 1008 831 afflictos
1021 797 1071 827 ex
1095 783 1346 830 imminenti-

356 855 425 895 bus
457 843 694 902 graviffimis
733 841 923 900 periculis
948 844 968 884 a
1003 841 1180 886 luctuosa
1206 842 1342 898 Regni

354 903 744 954 Galliaediss'enfione
760 927 771 948 ψ
792 900 924 951 Valde
945 915 1106 958 quoque
1132 900 1343 949 laudamus

352 966 546 1023 optimam
563 962 815 1009 voluntatem
829 974 972 1021 ‚quam
990 961 1069 1003 tuis
1085 959 1236 1009 litteris
1253 974 1343 1016 pro-

351 1025 476 1070 fiteris
489 1050 504 1073 2
516 1023 604 1070 satis
628 1021 875 1065 declaratam
890 1018 1119 1074 testimonio
1135 1032 1312 1071 eorurn„
1325 1044 1340 1068 ‚

350 1098 436 1144 quae
450 1082 563 1140 egisti
579 1082 617 1124 in
639 1082 716 1126 hoc
732 1078 932 1136 postremo
963 1079 1214 1129 Conventu‚
1245 1079 1341 1121 ube·-

351 1146 432 1188 rius
447 1154 610 1202 quoque
628 1139 754 1186 Nobis
778 1136 992 1192 expositam
1019 1137 1073 1180 ab
1096 1151 1146 1181 eo
1156 1136 1303 1195 Joseph
1324 1165 1341 1189 ‚

350 1204 402 1246 de
414 1215 508 1259 qua,
522 1198 634 1246 sicuti
662 1197 827 1248 uberem
841 1195 1010 1246 fructum
1023 1198 1152 1240 Nobis
1168 1196 1341 1251 pollice-

349 1276 442 1306 mur
466 1257 518 1306 ad
546 1258 669 1306 totius
695 1255 830 1311 Regni
847 1255 1055 1311 quietem,
1080 1266 1199 1311 atque
1228 1265 1341 1299 tran·

349 1319 632 1378 quillitatem,
657 1317 698 1364 ὃς
727 1314 853 1370 Regis
880 1315 939 1362 tui
969 1315 1230 1363 commodum
1257 1343 1271 1367 ,
1301 1317 1342 1364 8ς

349 1379 474 1426 totius
486 1376 722 1423 Christiana:
738 1373 986 1430 Reipublicae
1009 1374 1258 1423 utilitatem,
1290 1373 1341 1416 fic

348 1449 508 1496 quoque
521 1433 758 1479 confidimus
770 1464 787 1486 ‚
802 1435 863 1482 Te
891 1446 942 1476 ex
957 1446 1003 1475 ea
1018 1433 1200 1490 quotidie
1217 1432 1345 1489 majo·
1369 1449 1371 1451 ¹

347 1511 435 1540 rem
463 1493 782 1544 consolationem
807 1501 1067 1548 accepturum
1092 1490 1169 1535 effe
1187 1522 1198 1534 .
1230 1491 1343 1547 Quid

345 1554 577 1614 praestiteris
591 1568 670 1613 pro
696 1552 811 1610 hujus
840 1553 993 1594 Sanetae
1014 1552 1130 1595 Sedis
1143 1551 1342 1607 dignitate

346 1611 526 1661 tuenda,
549 1613 768 1672 &quanto
789 1610 896 1657 Zelo
925 1613 986 1653 ‘re
1014 1610 1141 1655 Nobis
1155 1612 1343 1657 exhibeas

344 1681 581 1732 promptum
599 1701 613 1726 ,
628 1681 894 1732 paratumque
917 1671 955 1713 in
973 1670 1057 1726 ejus
1072 1671 1342 1714 indemnitate

338 1730 616 1787 ‘procur-anda,
629 1731 790 1778 abunde
813 1729 1109 1777 intelleximus.
1125 1734 1223 1789 Qa
1250 1729 1342 1775 des

344 1802 389 1832 re
411 1787 629 1835 Nobilitati
647 1798 723 1832 tuae
751 1787 974 1838 plurimum
1002 1788 1155 1827 debere
1172 1786 1341 1839 profite-

345 1858 463 1898 mur,
479 1843 643 1893 interim
665 1844 851 1896 ingentes
867 1842 1017 1895 gratias
1032 1843 1186 1894 agimus
1200 1869 1211 1880 .
1229 1845 1344 1882 Sem-

345 1919 418 1962 per
433 1906 494 1945 Te
507 1902 672 1957 quidem
695 1914 746 1942 ex
767 1899 903 1942 animo
915 1897 1160 1950 dileximus,
1190 1895 1255 1941 sed
1271 1899 1347 1941 ob-

345 1961 531 2007 strinxisti
549 1959 644 2004 Tibi
670 1957 837 2012 quidem
861 1959 1035 2001 maxime
1067 1956 1129 1994 liis
1157 1958 1238 2000 tuis
1268 1956 1344 2009 piis

343 2017 488 2067 officiis
502 2012 674 2056 nostram
690 2020 900 2068 paternam
916 2011 1162 2053 charitatem
1175 2035 1191 2057 ‚
1219 2009 1341 2066 idque

342 2074 631 2133 experimento
659 2068 887 2125 comperies
911 2096 928 2119 ‚
963 2067 1124 2123 quoties
1149 2068 1188 2109 se
1211 2068 1341 2114 Nobis

344 2131 502 2180 occasio
514 2129 709 2180 obtulerit
725 2159 737 2177 ,
755 2127 928 2177 Interim
947 2125 1164 2174 Nobilitati
1181 2136 1258 2169 tuae
1272 2127 1340 2168 be·

343 2191 613 2239 nedic‘tionem
634 2189 806 2234 nostram
823 2183 1097 2243 Apostolicam
1126 2198 1177 2226 ex
1192 2186 1340 2234 intimis

339 2249 467 2297 'nostri
485 2249 623 2298 cordis
650 2247 873 2297 visceribus
889 2245 1142 2300 impartimur
1153 2273 1166 2284 .

443 2312 596 2360 Datum
622 2309 763 2351 R'omae
784 2304 888 2360 apud
917 2305 1097 2350 Sant‘tam
1123 2303 1335 2349 Mariam.)

343 2369 546 2426 Maiorem
569 2365 639 2408 sub
666 2365 816 2415 annulo
842 2360 1051 2405 Piscatoris
1073 2370 1220 2417 quarto
1247 2363 1333 2403 No·

346 2444 418 2474 nas
440 2428 535 2485 Julii
564 2439 751 2471 Mocxvr,
787 2418 1051 2465 pontificatus
1072 2420 1200 2470 nostri
1229 2431 1336 2465 anno

343 2487 588 2531 duodecimo
602 2512 615 2525 .

761 2601 764 2604 ⁴
854 2613 1005 2662 Petrus
1023 2609 1194 2652 Strozza
1209 2613 1223 2657 .ζ

409 2768 658 2827 Autograpb,
686 2771 729 2818 in
744 2768 913 2817 Archivo.
927 2770 1072 2816 δεινοί,
1088 2764 1272 2816 Brevium
1288 2762 1338 2806 ad

460 2829 672 2947 Ξὲὓείξὲῗ
689 2827 845 2887 chcsto
855 2826 994 2887 M⁶ff5
1008 2855 1023 2879 ,
1035 2825 1083 2878 (3·
1098 2822 1339 2882 Annipraed.

1107 166 1295 259 Pro
1322 169 1546 260 &inc
1573 171 1683 262 ici

1407 312 1683 371 Adventum
1698 308 1902 379 ejusdem
1915 319 2184 390 Fr.Josephi
2205 320 2283 373 fibi
2304 335 2406 392 gra·

1477 384 1701 441 tiffimum
1726 384 1852 442 fuiffe
1881 406 1896 447 ;
1935 387 2056 438 hunc
2082 395 2285 459 opinioni
2314 397 2404 444 de,

1471 454 1610 524 ipsius
1632 460 1807 515 virtute
1827 473 2046 526 concepta
2070 460 2200 526 plene,
2220 455 2400 532 respon·

1473 526 1611 587 diffe3
1639 547 1691 578 ac
1723 527 1767 578 se
1796 530 1842 578 in
1871 529 1997 579 illius
2028 530 2260 598 colloquio
2288 538 2398 601 plu-

1475 598 1646 655 rimum
1673 598 1951 654 delestatum
1976 598 2058 656 esse
2090 635 2107 659 ,
2152 604 2274 658 Duci
2304 607 2396 655 Ni·

1474 668 1678 723 vernenfi
1699 667 1951 742 fignificat,

1519 808 1677 858 DileHo
1694 810 1795 855 Filio
1807 839 1823 862 ‚
1856 808 1992 853 Nobili
2029 813 2117 855 Viro
2131 841 2147 863 ,
2173 814 2281 861 Duc}

1776 868 2015 935 Nives-netis?
2026 899 2039 913 .

1430 999 1879 1062 PAULUs
1952 1003 2225 1057 PAPA
2299 1003 2380 1053 V.'

1514 1129 1672 1173 Ditene
1692 1127 1799 1180 Fili,
1813 1128 1962 1172 Nobilis
1981 1127 2260 1230 ¹⁷³'Tf’sslus‘m
2272 1159 2290 1187 ,

1577 1189 1626 1245 ᾤ’
1642 1188 1902 1246 Apostolicam
1915 1187 2049 1235 benedt
2089 1201 2230 1235 torrem.

1477 1317 1636 1375 Ngenti
1663 1317 1830 1375 quidem
1845 1316 1969 1360 animi
1985 1314 2109 1358 nostri
2133 1312 2279 1360 solatio
2294 1316 2403 1361 vidi-

1493 1392 1580 1420 mus
1603 1378 1805 1427 Diledium
1834 1376 2011 1423 Filium,
2038 1375 2176 1430 pium,
2204 1376 2399 1419 acReli-

1404 1435 1554 1493 giosum
1570 1434 1923 1493 Virum,Joseph‚
1949 1436 2138 1479 Fratrum
2162 1435 2405 1489 Capucino-

1404 1511 1493 1544 rum
1513 1495 1816 1542 Provincialem
1839 1496 2038 1543 Tmenae,
2055 1493 2123 1547 qui
2147 1494 2170 1536 a
2186 1492 2406 1536 Nobilita-

1405 1566 1448 1600 te
1470 1567 1539 1599 tua
1556 1556 1688 1598 Nobis
1703 1555 1863 1598 litteras
1890 1550 2071 1595 reddidit
2085 1550 2402 1609 jucundiffimas.

1406 1618 1470 1660 Ex
1491 1613 1574 1671 ipso
1596 1627 1766 1671 namque
1793 1610 2070 1659 intelleximus
2085 1624 2164 1652 non
2181 1608 2308 1657 solum
2328 1624 2402 1664 pa-

1406 1672 1679 1725 cificationem
1706 1670 1990 1720 confirmatam
2015 1670 2124 1711 istius
2168 1666 2399 1716 nobiliffimi

1403 1733 1539 1790 Regni
1551 1759 1566 1781 2
1583 1742 1629 1775 ut
1643 1732 1664 1774 a
1682 1735 1775 1775 Deo
1801 1729 1937 1774 nostris
1963 1729 2154 1789 precibus
2177 1726 2407 1774 indefinen-

1406 1803 1471 1837 ter
1488 1790 1730 1843 postulamus
1742 1816 1757 1837 ‚
1774 1788 1840 1830 sed
1853 1789 1979 1832 etiam
1992 1800 2247 1841 quacumque
2261 1786 2300 1827 in
2322 1786 2401 1830 hoe

1408 1845 1581 1900 negocio
1608 1845 1674 1900 pie
1701 1872 1717 1894 ‚
1759 1858 1804 1891 ac
1830 1844 2056 1898 prudenter
2091 1843 2142 1884 ab
2167 1844 2398 1887 amantibus

1408 1903 1635 1953 communis
1658 1901 1755 1950 boni
1771 1928 1787 1954 ‚
1810 1911 1932 1958 atque
1955 1899 2261 1957 tranquillitatis
2291 1900 2399 1958 gesta

1402 1963 1492 2001 sunt
1504 1973 1518 2000 ε
1535 1959 1776 2012 potissimum
1790 1970 1923 2006 autem
1936 1961 1958 2001 a
1977 1961 2037 2001 Te
2049 1983 2064 2007 ‚
2090 1960 2158 2014 qui
2174 1969 2286 2001 tanta
2303 1973 2397 2003 cum

1401 2015 1524 2065 laude
1540 2013 1669 2063 Fidei,
1681 2015 1720 2055 &
1742 2014 1987 2070 Religionis,
2001 2025 2127 2070 atque
2143 2017 2396 2070 prudentia„

1401 2088 1478 2130 pro
1493 2071 1618 2128 Regis
1637 2072 1697 2115 tui
1714 2072 1935 2122 commodo
1946 2101 1961 2125 ,
1976 2083 2097 2127 atque
2111 2072 2330 2128 dignitate,
2347 2090 2395 2120 ac

1400 2132 1529 2183 divini
1546 2132 1739 2183 honoriS,
1762 2142 1888 2188 atque
1917 2132 2144 2178 Catholicae
2161 2134 2400 2190 Religionis

1401 2191 1556 2240 tutela,
1572 2204 1728 2247 proque
1756 2190 2025 2239 indemnitate
2052 2192 2303 2239 aufitoritatis
2325 2194 2403 2235 hu·

1399 2251 1461 2311 jus
1475 2251 1619 2299 Sanstaej
1633 2249 1872 2305 Apostolicae
1887 2248 2002 2297 Sedis
2018 2248 2174 2306 semper
2189 2250 2396 2296 laborasti:

1397 2311 1552 2355 Cuncta
1582 2308 1689 2353 enim
1714 2308 1932 2363 diligenter
1947 2334 1961 2358 2
1985 2308 2025 2349 δι
2041 2311 2232 2353 accurate
2261 2310 2392 2352 Nobis

1398 2368 1612 2425 Fr.Joseph
1627 2365 1950 2424 exposuit-Plani:
1965 2366 2095 2412 Nobis
2113 2367 2216 2414 visus
2245 2369 2301 2418 est
2317 2369 2395 2412 Vir

1395 2425 1618 2472 Christiana
1631 2429 1785 2484 pietate
1800 2456 1814 2479 ‚
1831 2436 1958 2484 atque
1983 2425 2199 2483 prudentia
2219 2427 2395 2486 egregie

1398 2485 1632 2538 instruetus,
1649 2485 1844 2528 ut‘scribis
1862 2512 1876 2536 ‚
1901 2485 2200 2541 plurimumque
2225 2486 2266 2532 in
2302 2486 2390 2541 ejus

1398 2544 1607 2603 colloquio
1632 2544 1825 2588 delectati
1850 2547 2007 2590 sumus:
2027 2542 2254 2599 Respondit
2283 2546 2395 2592 enim

1398 2603 1581 2661 apprime
1594 2603 1806 2661 opinioni,
1818 2616 1935 2660 quam
1954 2601 2008 2649 de
2021 2600 2107 2658 ejus
2124 2601 2276 2650 virtute
2295 2616 2395 2652 con-

1399 2662 1633 2719 ceperamus
1646 2677 1696 2706 ex
1714 2662 1799 2713 his,
1813 2675 1899 2718 quat
1923 2660 1976 2709 de
2001 2675 2050 2705 eo
2077 2659 2285 2707 occafione
2317 2661 2392 2703 hu-

1398 2722 1460 2780 jus
1474 2721 1709 2778 gravissimae
1733 2719 1984 2770 metationis
2014 2718 2143 2762 Nobis
2168 2718 2389 2776 significata

1399 2780 1589 2831 fuerunt,
1619 2778 1874 2827 Gratiffimus
1898 2791 2057 2834 quoque
2073 2778 2204 2822 Nobis
2223 2776 2298 2821 fuit
2314 2777 2394 2831 ejus

1399 2841 1597 2889 adventus
1609 2867 1626 2889 ,
1640 2849 1682 2880 ut
1698 2847 1840 2894 ageret
1867 2835 1921 2879 de
1946 2835 2118 2891 negocio
2131 2845 2214 2877 tam
2230 2836 2398 2892 praecla-

1398 2899 1624 2950 ro‚&tam
1650 2896 1739 2938 utili
1757 2894 1996 2939 Christianae
2020 2893 2297 2949 Reipublicae‘,
2320 2893 2394 2938 iti-³

1401 2956 1515 3014 cujus
1530 2955 1772 2998 executione
1797 2952 2055 2996 alacritatem
2085 2954 2396 3008 generositate,

1403 3026 1470 3060 tua
1484 3015 1648 3070 dignam
1665 3041 1680 3064 ‚
1695 3026 1773 3070 qua
1790 3013 1849 3054 Te
1864 3011 1996 3054 Nobis
2023 3019 2254 3066 promptum
2270 3039 2285 3063 ,
2320 3025 2396 3070 pa·

1401 3084 1620 3130 ratumque
1644 3071 1836 3121 exhibes,
1861 3070 2127 3119 vehementer
2150 3069 2390 3120 laudamus,

1402 3134 1517 3177 ficuti
1530 3133 1653 3181 etiam
1676 3143 1842 3180 eorum,
1866 3141 1966 3183 quos
1993 3140 2072 3169 non
2097 3126 2244 3170 minori
2257 3127 2389 3171 studio

1403 3192 1497 3240 Tibi
1511 3191 1684 3238 comites
1700 3187 1788 3237 fore
1803 3183 1931 3229 asseris
1944 3214 1956 3226 .
1976 3185 2218 3229 Benedie’tus
2245 3188 2360 3229 Deus
2372 3216 2387 3239 ‚

1398 3250 1468 3311 qui
1490 3250 1530 3291 in
1550 3257 1631 3291 tam
1647 3248 1836 3303 gravibus
1851 3243 2200 3298 sollicitudinibus,
2212 3259 2297 3304 quae
2320 3258 2393 3288 nos

1398 3323 1449 3352 ex
1464 3317 1635 3364 paterno
1648 3305 1757 3349 Zelo
1782 3311 1996 3361 tantopere
2017 3301 2200 3352 affisiunt
2214 3333 2228 3360 ,
2243 3302 2391 3352 conso-

1397 3367 1474 3414 lari
1492 3369 1580 3412 Nos
1595 3364 1769 3408 voluerit
1784 3370 1897 3405 tanta
1930 3361 2211 3419 significatione
2239 3361 2391 3406 studio-

1392 3426 1441 3470 sae
1455 3427 1492 3469 in
1507 3428 1592 3469 Nos
1607 3453 1620 3476 ,
1648 3424 1687 3471 δι
1699 3421 1954 3478 obsequentis
1977 3421 2202 3469 voluntatis
2229 3423 2384 3468 nostro·

1393 3499 1484 3529 rum
1503 3483 1700 3530 Filiorum
1714 3511 1725 3523 .
1742 3479 1948 3540 Qantum
1975 3490 2109 3527 autem
2136 3480 2186 3523 ad
2200 3482 2379 3541 propoli-

1399 3555 1487 3588 tum
1502 3543 1716 3598 negocium
1729 3541 1874 3584 attinet
1886 3565 1900 3588 ‚
1919 3542 2005 3583 Nos
2029 3538 2128 3587 nihil
2144 3540 2386 3596 praetermit-

1399 3612 1527 3651 temus
1541 3629 1556 3653 ‚
1579 3599 1688 3658 quod
1704 3613 1796 3641 cum
1812 3598 1992 3646 Domino
2019 3598 2200 3655 praestare
2223 3598 2380 3652 poteri·-

1397 3674 1517 3713 mus,
1530 3659 1628 3702 ficut
1654 3658 1818 3703 uberius
1844 3671 1894 3700 ex
1920 3656 2384 3716 eodemJosephintelli-

1395 3733 1490 3775 ges,
1505 3719 1571 3776 qui
1591 3720 1629 3761 &
1643 3717 1696 3761 de
1724 3718 1803 3761 hoc
1816 3745 1831 3770 ‚
1847 3718 1887 3759 δι
1908 3716 1960 3759 de
1975 3715 2163 3773 singulari
2183 3715 2315 3760 nostra
2341 3717 2381 3757 in

1397 3781 1460 3830 Te
1484 3776 1779 3824 benevolentia
1803 3802 1818 3827 2
1857 3777 1897 3818 δι
1922 3775 2212 3833 existimatione
2230 3804 2247 3826 ‚
2269 3787 2380 3831 qua..

2206 3847 2309 3890 prae-
