2638 4088
980 183 1555 303 Appendix.

2080 209 2235 310 385

285 346 356 390 pro
371 327 643 372 declaratione
659 326 885 383 hujusmodi
902 324 1167 381 subreptionis
1185 358 1198 378 a
1221 333 1261 372 &
1320 333 1406 375 filio
1434 333 1653 376 fraternam
1671 332 1916 377 charitatem
1934 349 2185 390 exercentes,
2203 343 2311 382 suum

287 389 509 446 Apostolici
523 387 672 429 indulti
689 388 953 434 revocatione
966 422 977 433 .
1009 393 1150 447 Quare
1162 404 1259 447 pro-
1298 392 1585 450 .praestiterunt
1602 391 1834 435 consensum
1852 423 1862 434 .

286 449 413 509 pnfito
428 450 465 488 St
482 446 639 491 mature
653 444 818 491 discusso
831 445 956 498 dubio
968 481 984 503 ‚
995 452 1135 492 eadem
1157 452 1271 490 Con.

286 508 473 568 gregario
486 507 552 548 die
566 507 812 562 27.Januarii
834 510 934 568 1673
945 543 955 554 .
972 508 1156 552 decrevit
1173 507 1245 548 lite
1256 528 1268 536 ·

285 583 348 612 ras
368 565 647 625 primodietas‚
675 577 879 622 tamquam
902 568 1173 625 subreptitias,
1189 578 1269 608 non

286 626 361 672 effe
375 625 628 681 exequendas
640 651 655 674 >-
683 627 722 670 &
736 626 930 685 quidquid
950 628 1088 682 vigore
1105 624 1269 666 illarum

287 696 378 732 erat
393 685 570 744 gestum,
603 696 790 740 tanquam
802 699 1048 735 attentatum
1065 683 1140 725 effe
1154 696 1269 730 revo-

285 745 457 789 candum
472 773 487 797 ,
514 758 557 786 ac
571 743 784 787 servandas
801 745 876 795 effe
901 744 1204 791 ordinationes,
1233 743 1269 782 &

286 809 467 851 Decreta
479 803 574 848 alias
588 801 690 859 faeta
703 831 713 843 .
729 805 907 863 Iterumq
915 821 964 852 ue
981 803 1186 861 propofito
1198 800 1272 845 du·-

284 866 352 907 bio
366 864 433 906 die
449 875 516 911 27.
533 861 681 916 Aprilis
698 862 876 916 ejusdem
901 865 992 909 anni
1006 893 1020 916 ‚
1047 860 1216 918 perstitit
1231 861 1269 903 in

283 923 422 966 dccifis
438 950 452 973 ,
474 923 511 962 δι
527 930 768 975 perpetuum
794 924 983 978 imposuit
1003 921 1239 964 silentiuma
1258 946 1271 969 ,

282 980 576 1033 mandavitque
595 980 689 1023 Tibi
706 1006 719 1029 ‚
746 982 810 1026 stu
842 992 938 1026 tune
961 980 1147 1023 existenti
1178 977 1271 1035 Epi.

283 1041 402 1097 scopo
416 1037 664 1092 Majoricenfi
681 1067 696 1088 ‚
725 1050 766 1079 ut
783 1041 918 1083 omnia
942 1040 1050 1095 gesta
1068 1042 1107 1083 in
1124 1050 1270 1082 execu-

283 1101 433 1145 tionem
447 1095 778 1154 primodidtarum
803 1099 1037 1147 litterarum
1067 1094 1270 1150 Apostoli-

1899 396 2040 452 Quare
2066 398 2157 438 dieu
2175 402 2312 454 Expo-

1330 462 1470 493 nentes
1494 451 1620 496 Nobis
1637 453 1850 496 humiliter
1866 447 2080 507 supplicari
2106 453 2313 505 fecerunt,

1329 521 1373 550 ut
1385 509 1453 552 fibi
1468 508 1509 549 in
1536 509 1730 563 praemiffis
1753 512 1980 567 opportune
1996 511 2239 566 providere,
2261 517 2314 562 δι,

1331 578 1375 609 ut
1389 565 1507 615 infra,
1521 567 1732 625 indulgere
1747 571 1799 614 de
1819 571 2065 630 benignitate
2091 569 2317 627 Apostolica

1331 625 1589 680 dignaremur
1604 655 1616 669 .
2131 628 2133 630 ’

1448 688 1534 727 Nos
1564 687 1690 740 igitur
1717 686 1818 742 ipsos
1834 689 2100 743 Exponentes
2135 686 2322 743 speciali-

1332 744 1405 786 bus
1439 744 1646 788 favoribus
1671 774 1687 795 ,
1724 750 1764 787 &
1786 747 1927 801 gratiis
1969 746 2154 802 prosequi
2179 746 2322 789 volen-

1332 814 1420 853 tes,
1443 805 1481 847 δι
1504 816 1644 847 eorum
1659 805 1873 858 fingulares
1901 808 2088 860 personas
2116 809 2139 849 a
2158 803 2321 862 quibus-

1332 863 1394 906 vis
1410 862 1838 906 excommunicationis
1853 866 1931 906 &c.
1958 867 2098 907 harum
2131 864 2225 906 serie
2251 865 2322 904 ab·

1333 920 1569 968 solventes,
1595 922 1634 961 δε
1659 920 1861 963 absolutas
1888 922 1973 965 sore
1999 926 2235 972 censentes,
2253 924 2322 965 hu—

1331 978 1500 1037 jusmodi
1532 979 1888 1033 supplicationibus
1914 983 2097 1025 inclinati
2128 1013 2142 1033 ,
2171 984 2210 1026 δε.
2236 995 2323 1024 me-

1332 1051 1499 1082 moratae
1538 1036 1720 1092 specialis
1750 1042 2093 1096 congregationis
2130 1041 2324 1085 Cardina-

1331 1097 1429 1143 lium
1447 1095 1628 1149 consilio,
1644 1099 1809 1139 attentis
1830 1099 1942 1154 supra
1959 1100 2144 1157 expressis
2158 1127 2171 1148 a
2197 1113 2241 1142 ac
2260 1110 2325 1139 no.

284 1172 424 1201 carum
441 1184 454 1207 ‚
479 1164 626 1211 utpote
639 1166 835 1199 attentata
852 1188 867 1208 ,
885 1158 1066 1200 revocari
1083 1155 1238 1201 faceres
1251 1180 1265 1202 ‚
1328 1150 1436 1200 vite'r
1450 1155 2011 1204 deduffisffiraternitatiTuae
2029 1175 2102 1215 per
2114 1153 2324 1215 praesentes

284 1218 350 1262 seu
362 1216 537 1259 faceret·
565 1217 666 1272 Qae
680 1217 842 1272 quidem
869 1216 1048 1272 ejusdem
1075 1219 1263 1271 Congre-

284 1275 458 1336 gationis.
472 1275 738 1329 Decreta‚per
752 1275 850 1321 alias
860 1272 1274 1334 ejusdemClementis

285 1332 589 1381 Praedecefloris
607 1332 762 1379 litteras
779 1333 957 1382 (imiliter
974 1335 1012 1377 in
1027 1333 1155 1377 forma
1172 1335 1272 1379 Bre—

286 1391 591 1449 visexpeditas‚
620 1395 898 1451 appprobata‚
932 1396 970 1437 &
1001 1391 1272 1438 confirmata-2

286 1456 477 1504 fuerunt,
501 1451 629 1506 &pro
658 1452 938 1507 praedictorum
967 1454 1147 1498 omnium
1178 1465 1275 1494 exe.-

284 1512 451 1559 cutione
463 1539 478 1562 ,
495 1510 762 1557 monitorium
779 1513 800 1554 ἑ
815 1512 966 1559 ἀίῐεξὶο
980 1507 1109 1563 Filio,
1133 1511 1281 1556 Causa«

285 1587 372 1615 rum
387 1570 518 1613 Curiae
534 1570 566 1612 A
573 1569 775 1624 postolicae
790 1571 972 1626 generali
988 1570 1191 1615 Auditore
1206 1583 1274 1614 re-

284 1632 491 1680 laxatum,
515 1630 553 1669 &
579 1627 667 1683 ipsis
696 1630 903 1675 Fratribus
930 1629 1150 1685 Capucinis
1182 1630 1275 1672 inti-

285 1701 434 1734 matum
446 1685 541 1728 fuit.
559 1687 709 1731 Verum
724 1688 918 1731 stantibus
934 1687 1132 1745 praemiffis
1148 1717 1162 1740 ‚
1178 1701 1273 1731 cum

283 1748 380 1795 dieti
403 1748 566 1792 Fratres
579 1747 774 1802 Capucini
786 1778 800 1801 ‚
823 1747 888 1800 ea,
901 1762 985 1804 quae
998 1763 1069 1804 par
1085 1748 1142 1792 est
1153 1776 1166 1799 ‚
1181 1748 1280 1794 obe·

284 1803 726 1860 dien·tia‚Apostolicis
763 1808 963 1850 mandatis
995 1809 1284 1862 obtemperan-

284 1878 344 1910 tes
365 1895 378 1918 ‚
408 1865 483 1910 &a
497 1863 683 1919 praedicta
702 1864 834 1909 Insula
851 1866 892 1908 in
914 1863 1146 1924 Hispaniam
1177 1875 1281 1908 tras-

283 1926 510 1973 fretantes,
539 1925 833 1978 Conventum,
860 1937 983 1981 quem
1007 1954 1023 1975 ‚
1053 1934 1098 1966 ut
1132 1922 1281 1977 supra-2

287 1986 439 2028 dietum
455 1982 534 2034 est,
550 1993 792 2032 erexerant,
826 1997 996 2027 vacuum
1025 1981 1253 2026 dimisissent
1269 2009 1286 2031 ,Α

284 2042 444 2088 Civitas
461 2039 732 2098 Majoricenfis
752 2041 890 2090 videns
907 2042 945 2083 se
971 2052 1053 2087 tam
1078 2042 1153 2097 piis
1168 2041 1283 2084 Reli·

284 2102 401 2162 giofis
414 2100 633 2148 orbatam,
659 2109 744 2145 tota
770 2101 809 2141 in
836 2100 1154 2144 amaritudinem
1180 2113 1282 2144 con.-

284 2160 396 2206 versb.
422 2159 504 2207 est,
528 2159 568 2199 δε
594 2158 643 2199 ad
670 2170 941 2204 memoratum
973 2158 1276 2198 Clementem.)

282 2214 618 2266 Praedecefforem
655 2216 858 2261 recursum
902 2213 1042 2257 habuit
1069 2213 1282 2260 humiliter

284 2273 579 2334 supplicando,
613 2283 660 2316 ut
689 2283 849 2315 attento
881 2271 1073 2312 consensu
1114 2281 1285 2312 caetero-

284 2347 374 2380 rum
395 2331 582 2373 omnium
620 2327 925 2382 Religiosorum
957 2327 1282 2372 Mendicantium

284 2393 480 2448 supremae
492 2386 569 2429 suae
593 2386 757 2441 pietatis
786 2386 893 2430 dona
917 2385 1119 2439 impertiri
1145 2386 1290 2440 digna·-

234 2484 242 2500 ,Ἰ
286 2461 402 2499 retur
414 2476 428 2501 ‚
454 2448 494 2489 Sc
507 2443 657 2488 eisdem
674 2445 879 2489 Fratribus
896 2442 1117 2499 caput-inis,
1132 2442 1285 2499 specia-

261 2501 367 2559 ssem
385 2505 588 2563 gratiam,
612 2506 653 2550 δι
680 2504 864 2548 favorem
890 2501 1028 2547 facere
1053 2501 1255 2548 retinendi
1272 2527 1287 2550 0

288 2570 355 2617 seu
370 2568 420 2615 de
437 2578 544 2608 novo
557 2562 757 2611 fundandi
771 2562 923 2609 ibidem
937 2564 1199 2605 Conventum
1214 2588 1229 2610 a
1246 2561 1287 2602 in

284 2642 368 2689 quo
380 2623 604 2673 duodecim
620 2622 819 2679 Religiofi
840 2636 1079 2678 permanere
1100 2618 1254 2677 possent
1272 2630 1290 2674 3¹

287 2686 377 2747 Ipse
391 2683 492 2728 verb
507 2681 707 2726 Clemens
718 2681 1002 2733 Praedeceffor‚
1015 2681 1174 2725 devotis
1189 2694 1288 2736 prae-

290 2749 404 2796 dietae
435 2741 630 2785 Civitatis
646 2770 663 2794 ,⁴
687 2743 728 2788 &
755 2742 893 2798 Regni
917 2741 1103 2801 precibus
1122 2768 1136 2791 ‚
1159 2753 1289 2795 quan-

292 2807 378 2851 fflm
393 2801 572 2861 aequitati
602 2800 922 2845 consentaneum
949 2799 1084 2846 foret,
1109 2811 1288 2844 annuere

293 2864 457 2921 cupiens
475 2887 489 2909 ‚
516 2856 667 2917 praevifi
693 2858 776 2905 oris
794 2858 1043 2913 aperitione,
1073 2856 1291 2909 specialem

292 2918 670 2977 Congregationem
727 2917 1022 2964 nonnullorum
1062 2916 1288 2960 Venerabi-

293 2985 393 3031 lium
421 2981 610 3027 fratrum
640 2976 899 3027 nostrorum,
929 2987 1025 3019 tunc
1057 2976 1290 3027 suorum-2,

295 3040 474 3097 eiusdem
499 3037 650 3078 Sanan
676 3037 866 3080 Romanae
883 3034 1294 3085 EcclefiaeCardina-

298 3104 395 3151 lium
417 3094 592 3150 benigne
618 3094 834 3149 deputavit
867 3126 883 3147 ,
910 3096 948 3140 in
974 3107 1054 3156 qua
1075 3123 1091 3145 ‚
1119 3093 1218 3138 dum
1244 3106 1289 3154 u·

297 3157 476 3216 triusqoe
492 3154 616 3210 partis
633 3155 836 3199 rationum
868 3162 1128 3200 monumenta
1156 3151 1290 3199 discu-

300 3220 531 3266 tiebantur,
560 3213 831 3258 benedicente
850 3215 1026 3256 Domino
1044 3241 1056 3262 ‚
1078 3225 1143 3257 res
1159 3212 1198 3253 in
1215 3224 1286 3264 pa-

301 3293 347 3326 ce
362 3274 586 3328 compofitae
601 3272 689 3315 sunt
704 3301 717 3323 ,
745 3276 784 3316 δε
801 3273 952 3328 praefati
970 3275 1130 3315 Fratres
1163 3270 1296 3310 Mino·

302 3350 365 3387 tes
384 3331 603 3382 Striftioris
628 3331 903 3376 Observantiae
916 3361 932 3383 ‚
946 3330 1182 3374 discretiore
1198 3341 1296 3376 con.

1334 1215 1622 1262 committimus
1640 1244 1652 1265 ,
1667 1218 1702 1256 &
1727 1218 1961 1262 mandamus
1976 1247 1989 1268 2
2013 1230 2056 1261 ut
2077 1246 2090 1266 s
2116 1217 2327 1274 postquam

1336 1275 1431 1321 Tibi
1455 1275 1682 1317 constiterit
1702 1301 1715 1324 ³
1747 1276 1938 1322 fabricam
1964 1279 2060 1322 novi
2087 1271 2329 1321 Conventus

1335 1331 1566 1390 hujusmodi
1591 1348 1685 1379 cum
1708 1335 1886 1379 Ecclefia
1903 1363 1917 1386 a
1945 1339 2096 1384 choro,
2124 1332 2294 1378 sacristia
2314 1359 2329 1382 ,

1332 1393 1577 1438 dormitorio
1603 1421 1618 1442 ·,
1654 1392 1900 1444 refectorio,
1932 1395 2098 1450 aliisque
2131 1393 2327 1440 officinis,

1338 1452 1464 1497 hortis
1478 1479 1493 1501 ‚
1520 1454 1561 1498 ὃς
1588 1454 1720 1507 spatiis
1734 1451 1810 1494 effe
1825 1453 2001 1498 numeris
2016 1454 2200 1494 omnibus
2215 1448 2327 1494 abso-

1340 1512 1494 1561 lutam,
1521 1513 1558 1553 &
1586 1511 1899 1566 supellectilibus
1926 1521 2009 1555 tam
2039 1512 2186 1562 sacris,
2210 1510 2330 1566 quam

1340 1569 1517 1626 profanis
1547 1568 1796 1614 sufficienter
1834 1571 2062 1614 instructam
2088 1599 2101 1622 ‚
2141 1569 2247 1625 quod
2264 1580 2312 1608 ex

1333 1630 1496 1687 piorum
1511 1629 1808 1675 benefactorum
1824 1631 2088 1686 eleemosynis
2102 1628 2261 1673 duodec
2278 1626 2333 1669 im

1342 1687 1541 1744 Religiofi
1573 1687 1779 1734 sustentari
1811 1690 2026 1734 commode
2055 1686 2199 1744 poffint
2226 1716 2241 1739 ,
2282 1681 2332 1727 ad

1343 1749 1569 1803 praedictam
1589 1750 1864 1800 creationem,
1887 1751 1927 1794 &-
1952 1746 2231 1802 fundationem
2264 1757 2334 1786 au·

1342 1807 1533 1852 ctoritate
1550 1809 1683 1851 nostra
1709 1808 1943 1862 Apostolica
1970 1821 2042 1862 pro
2066 1817 2134 1849 tuo
2161 1803 2334 1848 arbitrio

1342 1865 1571 1922 procedas.
1603 1868 1699 1911 Non
1728 1867 1974 1911 obstantibus
2002 1864 2231 1920 supradietis
2252 1865 2336 1905 De-

1343 1925 1499 1973 cretis,
1523 1925 1563 1965 &
1589 1925 1835 1979 Apostolicis
1861 1926 1901 1966 in
1930 1927 2058 1966 forma
2077 1923 2216 1966 Brevis
2242 1922 2337 1964 lite-

1345 1984 1400 2026 ris
1416 2012 1431 2034 ,
1458 1984 1497 2025 &
1514 1981 1730 2038 praesertim
1747 1985 1841 2026 dieti
1857 1982 2084 2029 Alexandri
2113 1977 2338 2028 Praedeces-

1346 2044 1444 2090 soris
1461 2071 1475 2093 ‚
1491 2043 1654 2099 aliisque
1670 2043 2005 2088 Ordinationibus
2026 2074 2040 2094 ,
2076 2043 2116 2086 δι
2128 2041 2339 2085 Constitu-

1345 2102 1524 2146 tionibus
1554 2103 1796 2158 Aposlolicis
1819 2132 1830 2151 ‚
1857 2116 1902 2145 ac
1935 2099 2139 2159 quibusvis
2168 2131 2182 2152 ,
2212 2101 2335 2146 etiam

1344 2159 1607 2214 juramento,
1636 2159 1949 2204 confirmatione
1976 2161 2211 2217 Apostolica
2229 2189 2243 2210 ,
2273 2157 2337 2200 vel

1343 2217 1485 2270 quavis
1526 2216 1718 2260 firmitate
1747 2219 1826 2262 alia
1855 2221 2056 2261 roboratis
2083 2218 2238 2261 statutis
2264 2246 2278 2266 ,
2301 2217 2340 2256 &

1346 2273 1709 2321 consuetudinibus
1727 2300 1742 2323 a
1766 2275 1988 2330 privilegiis
2018 2290 2180 2333 quoque
2206 2275 2342 2318 indul-

1344 2329 1428 2379 tis,
1451 2331 1490 2372 δε
1520 2331 1667 2374 litteris
1695 2333 1943 2385 Apostolicis
1981 2337 2021 2375 in
2050 2336 2342 2376 contrarium-³

1346 2384 1629 2441 praemifforum
1653 2388 1969 2442 quomodolibet
1996 2392 2216 2440 εοηεεῆῖε,
2245 2405 2342 2431 con-

1346 2443 1542 2495 firmatis,
1567 2446 1822 2490 &innovatis
1838 2466 1862 2486 .·
1879 2448 2040 2502 Quibus
2063 2449 2247 2491 omnibus
2262 2475 2275 2497 a
2303 2450 2341 2488 &

1348 2503 1538 2558 fingatis,
1567 2502 1733 2546 illorum
1772 2516 1936 2549 tenores
1971 2507 2228 2560 praesentibus
2268 2519 2341 2558 pro

1350 2563 1499 2617 plene,
1527 2564 1567 2607 δι,
1593 2562 1839 2607 sufficienter
1869 2563 2084 2619 expretus,
2104 2565 2144 2607 δι
2168 2565 2219 2608 ad
2250 2576 2342 2605 ver·

1352 2622 1448 2667 bum
1465 2620 1626 2668 insertis
1654 2622 1878 2673 habentes,
1906 2622 1983 2664 illis
2009 2623 2106 2666 alias
2133 2623 2174 2665 in
2188 2622 2257 2665 suo
2274 2636 2342 2663 ro-

1352 2681 1454 2725 bore
1471 2680 1739 2736 permansuris
1755 2711 1770 2732 ,
1785 2682 1833 2725 ad
1849 2678 2128 2735 praemissorum
2142 2679 2342 2732 effectum,

1353 2742 1426 2784 hac
1442 2740 1531 2781 vice
1557 2738 1767 2782 dumtaxat
1798 2738 2028 2796 specialiter
2046 2767 2060 2791 ‚
2088 2741 2128 2784 δι
2154 2737 2341 2793 expresse

1350 2799 1596 2855 derogamus
1623 2827 1639 2853 2
1678 2800 1907 2859 caeterisque
1936 2799 2154 2844 contrariis
2181 2796 2331 2853 quibus
2333 2821 2345 2843 e·

1349 2870 1551 2912 cumque.

1469 2918 1621 2958 Datum
1653 2917 1793 2959 Romae
1808 2917 1913 2972 apud
1933 2919 2119 2959 sanctum
2139 2917 2342 2956 Petrum

1352 2972 1622 3021 sub⁹Annulo
1652 2974 1872 3018 Piscatoris
1895 2976 1962 3017 die
1996 2989 2057 3016 1x.
2097 2971 2342 3016 Novembris

1352 3046 1600 3083 mocnxxvt.
1620 3033 1888 3081 Pontificatus
1905 3033 2024 3079 nostri
2043 3036 2163 3075 Anno
2178 3031 2314 3072 Primo
2330 3060 2343 3071 .

1407 3151 1709 3206 Autographum
1726 3149 1770 3194 in
1801 3150 1972 3192 Archino
1996 3152 2140 3191 secret.
2157 3148 2344 3191 Brevium

1462 3208 1768 3260 Apostolicorum
1782 3208 1936 3261 Regello
1951 3207 2123 3267 mens&
2135 3210 2230 3250 anm·
2237 3215 2345 3261 prae·

1468 3266 1563 3313 diH.
1570 3266 1652 3332 sol.
1662 3271 1765 3323 548,

2131 3857 2293 3900 ULYS·
