2592 4094
939 258 1535 376 Insulenfis.

2032 294 2195 376 237

251 401 649 453 FF.Clementide
667 404 984 474 tigny,1voni
1002 401 1236 463 Insulensi,
1295 403 1572 456 Monasteria
1596 402 1869 454 Monialium
1887 403 2037 454 Tertii
2070 408 2259 456 Ordinis

317 488 371 521 ac
403 474 643 524 Leonardo
662 478 797 523 Laico
814 473 1118 538 Sepulchrum
1137 476 1233 521 Do·

315 543 460 600 mini,
489 545 664 612 aliaque
684 546 804 592 Loca
821 541 983 592 Sancta
1016 538 1230 590 transma-

313 612 411 661 rina
428 610 634 663 vifitantli
661 611 925 662 facultatem
955 612 1152 679 largitur
1170 645 1183 660 .

247 750 418 792 nili-&is
442 749 558 795 FiIiis
587 751 777 794 Clementi
795 749 840 791 de
869 751 1020 805 lagny,
1045 761 1090 790 ac
1118 748 1222 792 lvom‘

276 807 471 865 Insidens?
487 807 598 852 Verbi
627 810 703 849 Det·
732 808 1013 858 Praedicator-i,
1039 818 1105 848 nec
1121 820 1195 848 non

306 867 505 909 Leonardo
517 865 810 916 Laico,ord1·nis
827 868 1018 908 Fratrum
1032 863 1166 907 Mino-

359 922 597 978 rumsanb‘t's'
612 921 814 978 Francis&
830 926 1112 975 Capacinorum

416 988 728 1033 nuncupatorum
747 978 1024 1037 profi-fflm'bus
1038 1008 1049 1020 .

278 1097 698 1152 URBANUS
741 1098 944 1147 PAPA
991 1099 1186 1148 VIII.

302 1213 455 1257 nibem
477 1212 817 1268 Filii,st21utem,
849 1214 898 1262 δ’
913 1214 1163 1272 Apostolicam

559 1270 864 1315 Benedimmem
877 1301 889 1314 .

350 1385 486 1441 Xponi
505 1386 634 1430 Nobis
658 1402 783 1444 nuper
805 1387 979 1441 fecistis,
1005 1387 1115 1446 quod
1131 1390 1216 1430 Vos

366 1445 430 1502 pia
444 1446 662 1488 devotione
676 1447 782 1488 ducti
798 1447 1064 1503 Sepulchrum
1081 1447 1219 1490 Domi-

238 1503 371 1544 nicum
386 1531 400 1553 ,
414 1506 453 1546 δι
465 1503 542 1545 alia
559 1508 696 1547 Sansta
727 1505 986 1548 transmarina
1014 1506 1102 1548 loca
1130 1504 1219 1546 vifi-

241 1571 330 1602 rare
342 1561 560 1616 plurimum
571 1562 824 1614 defideratis‚
836 1566 862 1605 fi
885 1564 934 1605 ad
949 1563 988 1604 id
1004 1563 1129 1606 Vobis
1145 1577 1218 1606 no-

239 1618 316 1660 stra
330 1647 344 1670 ‚
356 1621 442 1662 &A
450 1620 650 1676 postolicae
661 1621 774 1663 Sedis
791 1621 953 1666 licentia
967 1619 1215 1677 suffragetur,

238 1677 278 1717 δι
290 1675 487 1732 facultas3
514 1679 607 1722 ideo
634 1680 761 1722 Nobis
788 1680 993 1723 humiliter
1005 1678 1215 1736 supplicari

236 1728 473 1787 fecistis,ut
491 1751 565 1792 pro
579 1737 709 1779 vestro
732 1737 930 1782 defiderio
953 1739 995 1780 in
1018 1736 1214 1793 praemiffis

239 1806 414 1835 annuere
429 1824 444 1845 ,
464 1795 614 1836 &alias
641 1794 811 1848 desuper
837 1795 1069 1850 opportune
1083 1794 1219 1848 provi-

236 1849 334 1891 dete
349 1850 402 1893 de
422 1851 670 1906 benignitate
685 1852 918 1905 Apostolica
945 1852 1213 1908 dignaremur.

238 1910 325 1950 Nos
347 1909 471 1964 igitur
489 1912 571 1951 Vos
585 1909 819 1966 specialibus
835 1909 1056 1959 favoribus,
1072 1911 1111 1951 ἃ.
1126 1922 1216 1964 gra-

236 1965 306 2007 tiis
318 1968 505 2023 prosequi
523 1967 722 2014 volentes,
741 1969 782 2009 &
799 1966 969 2010 vestrum
987 1968 1213 2023 quemlibet

235 2025 259 2066 ὲ
283 2024 482 2080 quibusvis
513 2026 940 2066 excommunicationis
954 2027 1031 2065 διε.
1045 2021 1212 2065 censen·

235 2090 299 2122 tes
313 2110 329 2131 ‚
356 2080 709 2136 supplicationibus
739 2081 871 2121 vestro
898 2080 1048 2120 nomini
1081 2080 1212 2120 Nobis

234 2137 446 2180 humiliter
467 2137 663 2194 porrectis
679 2136 891 2187 inclinati,
908 2136 1059 2183 Vobis,
1088 2146 1132 2177 ut
1159 2135 1212 2176 de

232 2195 499 2251 superiorum
515 2195 735 2239 vestrorum
761 2194 927 2237 licentia
944 2193 1211 2249 Sepulchrum

149 2274 153 2277 ·
232 2254 492 2296 Dominicum
517 2280 532 2302 ‚
569 2253 725 2308 aliaque
757 2256 896 2296 Sancta
921 2250 1213 2296 transmarina-0

233 2311 327 2354 loca
349 2311 574 2365 hujusmodi
602 2310 760 2353 vifitare
782 2339 796 2362 ,
821 2312 858 2353 δι
887 2309 1000 2359 inibi,
1022 2308 1214 2364 quamdiu

233 2370 455 2412 volueritis
473 2370 774 2418 ,commorarh
800 2369 838 2410 &
871 2366 1024 2422 degere
1048 2393 1063 2415 a
1092 2367 1132 2407 &
1161 2366 1210 2408 ad

232 2427 340 2469 hunc
357 2425 541 2469 effectum
555 2437 714 2469 tantum
736 2424 991 2481 pecuniarum
1006 2450 1020 2473 ‚
1051 2424 1209 2478 aliaque

232 2483 445 2530 necessaria
476 2485 693 2527 Vobiscum
715 2485 861 2528 habere
882 2511 896 2533 ,
918 2484 958 2524 δι
981 2483 1143 2525 deferre
1165 2481 1209 2522 li-

232 2543 331 2586 bere
348 2572 363 2594 ,
381 2546 422 2586 δι
446 2542 747 2598 licite‚absque
762 2540 934 2598 alicujus
964 2555 1120 2594 poena,
1143 2539 1206 2582 vel

233 2603 409 2644 censurae
426 2599 874 2644 Ecclefiasticaeincursu
889 2599 1037 2654 poffitis
1049 2628 1062 2650 ,
1089 2599 1128 2639 &
1145 2611 1210 2639 va-

232 2658 350 2703 leatis
365 2686 379 2705 2
392 2659 614 2703 dummodo
628 2669 762 2702 tamen
779 2658 980 2714 prohibita
1007 2657 1056 2699 ad
1073 2664 1210 2710 partes

231 2717 468 2761 Infidelium
491 2716 682 2761 deferatis
698 2745 713 2769 ,
744 2715 973 2771 Apostolica
999 2714 1210 2758 auctorita—

226 2786 297 2824 ιε,
327 2786 471 2818 tenore
493 2772 736 2830 praesentium
764 2774 969 2818 licentiam
985 2801 999 2823 ‚
1027 2774 1064 2813 &
1083 2770 1208 2814 facul·

224 2843 352 2875 tatem
378 2832 633 2886 impertimur
655 2859 668 2872 .
700 2834 796 2874 Non
821 2831 1068 2872 obstantibus
1092 2833 1208 2873 Con-

230 2890 510 2933 stitutionibus
524 2919 539 2941 ‚
555 2891 593 2931 ἃ.
605 2887 938 2931 Ordinationibus
955 2887 1209 2940 Apostolicis,

231 2962 277 2989 ac
301 2946 503 3005 quibusvis
545 2947 882 3003 prohibitionibus
906 2945 1078 3002 desuper
1110 2960 1210 3003 quo·

230 3007 457 3049 modolibet
471 3003 580 3049 factis
593 3034 608 3058 ,
619 3004 851 3061 caeterisque
867 3005 1091 3047 contrariis
1121 3005 1210 3061 qui·

232 3064 504 3120 bustumque.

349 3126 501 3166 Datum
535 3123 673 3164 Romae
698 3122 802 3178 apud
830 3122 1013 3163 Sanctam
1039 3122 1207 3164 Mariam

233 3180 433 3238 Maiorem
467 3181 539 3223 sub
560 3179 726 3223 Annulo
758 3181 972 3233 Piscatoris
1014 3179 1081 3222 die
1117 3192 1208 3221 111.

229 3239 400 3296 Augusti
420 3252 641 3282 mocxxiv.
666 3237 930 3283 Pontificatfis
955 3238 1076 3281 nostri
1101 3251 1207 3280 anno

233 3300 394 3352 primo.

291 3414 536 3467 Auxograpb.
551 3417 595 3456 e'n
618 3412 788 3458 Archino
811 3417 954 3457 Secret-
981 3415 1206 3457 Bra-vitum,

347 3470 646 3525 Apostolicorum
673 3473 827 3530 Regesto
847 3473 1003 3530 mensis,
1034 3473 1082 3522 Θ·
1111 3475 1206 3515 ann!

341 3527 659 3586 pred-fol.487.

1363 476 1702 540 Capucinarum
1740 476 1943 543 primum
1970 475 2014 522 in
2061 476 2257 523 Dioeceii

1359 542 1737 603 S.Audomari,&
1754 543 2043 613 postmodum
2058 560 2135 611 per
2152 545 2257 592 alias

1356 611 1585 664 Dioeceses
1610 616 1755 664 eresta
1781 613 2004 683 gubernio
2021 649 2038 672 ,
2060 612 2109 665 ἃ
2126 610 2259 676 juris-

1354 681 1541 730 dictioni
1561 681 1815 751 Episcopali
1834 682 2040 747 subjicit,
2058 682 2106 737 ἃ
2125 677 2258 732 Nun-

1351 753 1467 800 tium
1501 749 1819 816 Apostolicum
1842 770 1999 803 eorum
2031 752 2260 804 Proteflo-

1350 836 1449 869 rem
1467 853 1484 876 ,
1502 816 1550 869 ὅ(
1566 820 1952 872 conservatorem
1971 823 2224 875 constituit.
2259 842 2262 846 ·

1315 960 1734 1014 URBANUS
1781 963 1996 1013 PAPA
2034 965 2251 1014 VIII.-

1454 1084 1522 1128 Ad
1523 1094 1748 1141 perpetuam
1761 1086 1821 1129 rei
1835 1092 2056 1132 memoriam
2070 1118 2082 1130 .

1392 1215 1430 1255 X
1457 1210 1598 1255 debito
1624 1214 1833 1257 Pastoralis
1863 1215 1983 1259 officii
2010 1218 2134 1260 nostri
2150 1229 2259 1273 ,quo

1281 1216 1376 1328 E
1407 1270 1792 1327 divinadisponente
1819 1274 2033 1318 clementia
2056 1277 2260 1317 universa-

1279 1329 1326 1371 lis
1355 1328 1539 1372 Ecclefiae
1561 1332 1747 1386 regimini
1768 1331 2016 1386 praefidemus
2031 1358 2045 1380 ‚
2075 1334 2124 1374 ad
2138 1348 2183 1375 ea
2202 1333 2260 1374 se-

1277 1387 1377 1431 dulo
1409 1388 1654 1431 intendimus
1671 1417 1684 1440 ,
1704 1401 1775 1444 per
1800 1403 1885 1444 quae
1908 1389 2218 1433 sanctimoniales
2239 1415 2253 1437 ‚

1278 1461 1362 1502 quae
1382 1446 1532 1488 relictis
1556 1448 1694 1489 mundi
1715 1447 1920 1490 illecebris
1949 1447 2086 1489 Divini
2112 1446 2259 1491 Numi·

1279 1507 1338 1547 nis
1359 1504 1555 1561 obsequiis
1575 1505 1614 1547 se
1629 1507 1667 1547 se
1682 1505 1974 1560 manciparunt,
1990 1505 2180 1562 prospere
2195 1506 2260 1547 di·-

1277 1565 1464 1618 rigantur
1479 1588 1492 1612 ,
1505 1564 1545 1604 δι
1560 1564 1866 1620 gubernentur,
1889 1579 1933 1608 ac
1954 1563 2200 1607 felicioribus
2217 1564 2259 1606 in

1276 1625 1363 1664 dies
1386 1619 1598 1678 proficiant
1613 1622 1896 1666 incrementis.
1920 1623 2027 1664 Hinc
2042 1623 2124 1675 est,
2151 1621 2258 1676 quod

1273 1694 1343 1722 nos
1372 1680 1563 1735 prospero
1596 1678 1781 1737 felicique
1809 1680 2143 1723 Monasteriorum
2167 1679 2259 1730 Mo-

1276 1737 1441 1781 nialium
1465 1740 1763 1793 Capucinarum
1787 1764 1802 1787 2
1837 1740 1900 1781 seu
1924 1737 2258 1781 Poenitentium,

1277 1805 1591 1849 nuncupatarum
1609 1795 1738 1838 Tertii
1761 1795 1927 1838 Ordinis
1944 1798 2072 1838 Sandis
2091 1796 2256 1837 Franci-

1276 1849 1435 1902 semum
1449 1865 1521 1907 per
1536 1853 1603 1893 bo:
1617 1853 1898 1907 me:Jacobum
1923 1853 2069 1896 Blazcn
2082 1881 2096 1904 ‚
2121 1852 2259 1896 olim.)

1281 1909 1518 1964 Episcopum
1550 1910 1887 1952 Audomarensem
1915 1911 1954 1952 in
1978 1910 2042 1952 sua
2082 1911 2256 1954 Dioecefi

1274 1969 1472 2023 primum,
1503 1977 1588 2010 tum
1616 1968 1664 2008 ab
1691 1967 1778 2010 aliis
1798 1966 1999 2025 Episcopis
2022 1970 2157 2024 postea
2189 1984 2259 2024 per

1273 2024 1450 2066 diversas
1474 2026 1680 2067 Dioeceses
1704 2028 1928 2067 erestorum
1949 2057 1964 2078 ,
1987 2029 2107 2083 quam
2141 2028 2258 2082 inpo-

1273 2081 1416 2120 sterum
1431 2080 1596 2121 servatis
1610 2084 1808 2123 servandis
1822 2083 2106 2135 erigendorum
2122 2086 2255 2135 statui,

1272 2150 1318 2178 ac
1339 2137 1552 2191 regimini,
1565 2138 1606 2178 δι
1629 2138 1843 2192 guberniO,
1859 2141 2052 2193 quantum
2066 2155 2158 2183 cum
2174 2143 2258 2181 Do-

1271 2195 1385 2235 mino
1401 2191 1600 2248 possumus
1617 2222 1631 2245 ‚
1658 2195 1869 2238 consulere
1898 2198 2080 2240 volentes
2107 2199 2257 2254 suppli-

1271 2253 1499 2295 cationibus
1520 2254 1775 2297 Venerabilis
1799 2256 1949 2297 Fratris
1965 2284 1978 2307 ,
1994 2255 2138 2308 Pauli,
2160 2259 2257 2312 Epi—

1273 2309 1381 2365 scopi
1399 2311 1694 2354 Attrebarenfis
1713 2312 1837 2355 Nobis
1862 2313 1977 2367 super
1997 2314 2075 2356 hoc
2098 2315 2257 2358 humili-

1273 2377 1338 2409 ter
1364 2368 1562 2421 porrectis
1594 2369 1802 2418 inclinati,
1833 2370 1884 2410 de
1913 2372 2254 2416 venerabilium

1270 2427 1457 2467 Fratrum
1484 2424 1706 2466 nostrorum
1737 2431 1778 2468 S.
1809 2427 1860 2466 R.
1887 2426 1933 2466 E.
1973 2427 2252 2473 cardinalium

1269 2483 1440 2537 negotiis
1458 2482 1720 2536 Regularium
1734 2485 2038 2536 praepofitorum
2054 2485 2220 2529 consilio
2234 2513 2248 2536 ,

1269 2538 1377 2595 quod
1403 2539 1455 2581 de
1487 2549 1636 2582 caetero
1650 2540 1852 2595 perpetuis
1879 2538 2027 2582 futuris
2054 2545 2250 2598 tempori-

1267 2595 1494 2640 bus'ornnia
1522 2599 1561 2639 δι
1594 2596 1744 2654 singula
1768 2597 2004 2639 Monasteria
2033 2602 2249 2651 praedieta,

1269 2655 1539 2711 superioritati
1555 2681 1569 2704 a
1586 2656 1875 2710 jurisdictioni,
1893 2657 2162 2706 correctioni,
2178 2674 2250 2701 cu-

1269 2728 1319 2756 rae
1334 2742 1349 2764 ,
1361 2715 1401 2756 δι
1419 2715 1617 2770 gubernio
1631 2715 1669 2756 in
1684 2713 1973 2770 spiritualibus,
1990 2714 2029 2756 δι
2044 2724 2247 2770 tempora-

1267 2773 1375 2815 libus·
1390 2774 1478 2815 Ord
1485 2775 1542 2814 ina
1551 2774 1698 2815 riorum
1724 2773 1903 2815 locorum
1919 2773 2152 2825 dumtaxat,
2167 2789 2244 2818 non

1269 2841 1402 2873 autem
1429 2833 1689 2886 Regularium
1729 2831 1928 2874 Ordinum
1956 2833 2244 2886 superiorum,

1269 2888 1417 2944 absque
1439 2887 1615 2944 expreffa
1639 2889 1754 2932 Sedis
1788 2887 2028 2943 Apostolicae
2054 2890 2243 2941 licentia,

1269 2947 1444 2996 subsint,
1468 2946 1666 2991 &subesse
1689 2948 1885 2995 debeant,
1914 2948 2142 3000 Apostoliea
2175 2963 2242 2990 au·

1269 3006 1485 3057 ctoritate,
1515 3017 1657 3050 tenore
1681 3004 1929 3060 praesentium
1955 3006 2171 3057 volumus,
2203 3008 2242 3048 δι

1270 3065 1517 3108 decernimus
1541 3079 1556 3117 ;
1595 3079 1667 3106 nec
1689 3077 1766 3105 non
1791 3060 1934 3104 eisdem
1963 3063 2211 3106 Monasteriis
2227 3092 2240 3115 ‚

1269 3123 1512 3178 illorumque
1533 3138 1607 3178 pro
1629 3133 1810 3175 tempore
1841 3121 2092 3163 existentibus
2116 3126 2239 3176 Supe-

1268 3182 1439 3223 rioribus
1453 3210 1468 3231 ‚
1486 3180 1721 3234 nuncupatis
1739 3179 1978 3222 Monialibus
1993 3208 2007 3231 ‚
2033 3180 2207 3235 personis
2225 3209 2237 3230 ‚

1266 3241 1407 3286 rebus-2
1422 3240 1461 3280 δι
1474 3237 1587 3279 bonis
1602 3238 1924 3293 quibuscumque,
1945 3251 2022 3281 nec
2034 3251 2113 3280 non
2131 3242 2238 3282 Con-

1267 3295 1424 3339 feffariis
1448 3322 1463 3345 a
1499 3298 1535 3337 &
1563 3295 1792 3350 Capelianis
1817 3298 1950 3338 omnia
1966 3325 1981 3349 ‚
2007 3298 2043 3338 &
2060 3296 2237 3351 lingula-2

1267 3355 1502 3410 privilegia,
1531 3353 1829 3406 immunitum,
1851 3355 2155 3411 exemptiones,
2189 3358 2237 3397 li-

1264 3414 1439 3456 bertates
1463 3441 1477 3465 ‚
1508 3413 1652 3465 gratias
1670 3440 1684 3462 ‚
1709 3412 1979 3467 indulgentias
2001 3441 2014 3463 ,
2041 3417 2081 3457 &
2107 3413 2239 3455 indul·-

1265 3483 1304 3515 ta
1320 3500 1335 3524 ,
1363 3485 1446 3526 quae
1474 3471 1561 3512 aliis
1574 3470 1667 3512 disti
1682 3470 1844 3512 Ordinis
1862 3471 2129 3520 Monasteriis,
2150 3475 2238 3513 Mo—

1262 3530 1441 3580 nialium‚
1456 3530 1693 3583 illarumque
1712 3530 1993 3584 Superioribus
2019 3527 2235 3578 Muribus,

1259 3588 1501 3633 Monialibus
1514 3612 1528 3633 2
1547 3586 1724 3630 Personis
1735 3614 1748 3636 ,
1763 3589 1882 3630 rebus
1896 3615 1909 3637 ‚
1923 3589 1962 3627 ἃ
1974 3588 2086 3629 bonis
2101 3586 2234 3630 haete-

1260 3659 1331 3690 nus
1351 3643 1660 3700 quomodolibet
1682 3644 1857 3688 conceffa
1873 3647 1957 3686 fiant
1973 3671 1987 3694 ,
2013 3643 2235 3687 dummodo

1262 3713 1395 3747 tamen
1410 3702 1644 3754 antinum,
1660 3716 1735 3745 nec
1751 3711 1940 3746 revocata
1954 3728 1967 3750 2
1993 3712 2062 3744 aut
2075 3703 2146 3747 sub
2159 3705 2234 3747 ali-

1261 3762 1402 3818 quibus
1428 3761 1748 3805 revocationibus
1770 3760 2071 3811 comprehensa,
2089 3765 2234 3811 Sacris-

1264 3834 1311 3863 ve
1324 3819 1551 3865 canonibus
1563 3847 1581 3870 ,
1596 3820 1635 3864 86
1650 3819 1826 3862 Concilii
1847 3818 2076 3862 Tridentini
2090 3819 2232 3866 decre-

2105 3890 2152 3921 ‘IS
2167 3907 2178 3921 Q
