2612 4100
893 232 1523 354 Parisien'sis'.

178 380 390 426 manissime,
414 390 451 420 ut
463 385 653 431 Capucinos
666 382 808 424 Gallosg
833 385 877 420 ad
898 394 1008 429 partes
1025 388 1172 422 Thraciae
1185 410 1195 426 ,
1223 389 1259 422 δε
1275 387 1331 421 sub
1343 389 1379 423 P.
1389 387 1523 434 Josephi
1543 399 1617 424 cura
1632 387 1802 432 ablegaret
1823 389 1834 428 ,'
1859 387 1983 433 eosque
2005 391 2222 430 oratorum}

171 430 411 469 &Consulum
425 434 559 468 suorum
577 432 781 479 protectioni
796 435 1069 472 commendaret,
1101 434 1265 469 efficacius
1288 435 1476 480 scripserit.

275 480 513 528 Evangelicum
527 481 678 518 baculum
693 504 705 520 ,
719 482 756 517 &
769 492 882 525 peram
899 481 1158 526 Capucinorum
1171 485 1408 520 convertendo
1421 485 1551 531 populo
1575 483 1682 520 feroci
1705 485 1861 528 imparem
1875 486 1938 519 esse
1953 485 2059 529 probe
2084 495 2222 522 noverat

167 528 332 574 josephus
359 544 370 571 ;
408 531 484 566 hinc
522 530 704 575 potentiam
732 539 906 565 armorum
940 540 1002 564 ceu
1027 529 1177 564 medium
1204 532 1416 567 neceffarium
1445 535 1591 578 judicans
1623 557 1634 574 ,
1675 534 1883 569 erestionem
1914 533 2072 579 Cruciate
2111 535 2223 578 supra-

174 576 273 614 dietae
287 577 463 622 disponere
483 579 580 622 coepit
592 602 603 618 ‚
616 589 677 612 nec
693 578 790 614 etiam
805 577 963 613 duntaxat
975 578 1108 619 Regem
1122 601 1132 617 ,
1149 577 1316 613 Caesarem
1330 603 1341 619 ,
1366 579 1572 625 Hispaniam,
1598 581 1774 619 Poioniam
1788 606 1800 621 ‚
1822 581 2012 617 Sabaudiam
2024 607 2034 622 ,
2049 582 2203 617 Venetias
2214 606 2224 621 ,

174 627 215 662 ἃ
228 626 340 670 plures
353 626 470 664 Galliae
483 629 519 664 δι
532 625 718 662 Germaniae
741 626 919 669 Principes
929 650 940 666 ,
954 627 993 661 ad
1010 637 1084 661 earn
1100 636 1230 670 pronos
1247 627 1394 669 reperit,
1408 631 1527 663 verum
1542 630 1639 664 etiam
1653 643 1696 665 ex
1714 630 1859 666 factione
1874 653 1886 670 ,
1910 642 1985 675 quae
1999 630 2225 666 Ottomanum

173 672 360 719 Imperium
371 684 444 712 tum
455 676 501 712 ob
513 681 654 710 mortem
668 673 806 710 Osmani
822 697 834 714 ‚
844 674 1090 718 depositionem
1116 673 1298 718 Mustaphae
1315 700 1325 716 .
1341 676 1375 711 δι
1391 675 1628 712 exaltationem
1644 678 1816 714 Amuratis
1829 680 1871 713 ad⁴
1888 678 2014 713 Solium
2026 703 2037 719 ‚
2050 678 2227 714 violenter

173 726 359 769 agitaverat
371 749 382 766 ‚
394 733 525 769 tempus
540 721 700 769 optimum
715 723 824 757 tenuit
836 734 846 762 ;
860 723 936 757 hinc
949 723 1066 758 varios
1080 722 1240 757 tractatus
1253 731 1319 758 tum
1330 724 1373 756 de
1387 723 1653 767 dispositionibus
1673 727 1750 763 belli
1766 736 1884 763 contra
1909 727 2050 762 Turcam
2062 752 2073 767 ‚
2088 736 2162 761 tum
2180 726 2226 762 de

168 771 390 808 ‘instructione
407 783 472 818 pro
491 770 699 816 Principibus
711 795 722 811 ,
736 779 808 806 tum
821 771 863 805 de
877 771 1069 806 commodo
1082 771 1120 805 iis
1142 782 1186 805 ex
1199 771 1258 807 hac
1273 770 1493 814 expeditione
1503 773 1711 808 accrescente
1727 800 1736 815 ‚
1751 776 1873 810 tumde
1890 775 2010 811 misero
2024 775 2101 811 statu
2118 773 2222 810 Chri·

171 819 397 857 nianorumin
409 817 599 869 captivitate
618 820 828 864 gementium
844 820 903 860 ,δε
922 819 1027 853 modo
1050 817 1124 854 illos
1145 829 1188 854 ex
1199 819 1258 854 hac
1269 818 1453 859 liberandi,
1480 828 1551 854 tum
1577 821 1619 854 de
1634 821 1838 857 institutione
1862 822 1985 860 militiae
2008 824 2224 863 Christianae,

169 868 524 915 ejusquestabiliendae
541 870 577 903 &
589 867 826 904 conservandae
842 867 887 908 ,ἦ
902 866 934 900 se
951 866 1128 911 dispositos
1143 867 1217 903 hinc
1234 868 1312 902 inde
1329 867 1550 911 dispensavit.

208 936 210 938 ·
274 918 442 955 Fervente
456 925 522 951 tarn
537 913 677 950 feliciter
689 915 787 950 initio
800 940 810 955 ,
828 924 919 960 opus
935 913 1066 951 Ordine
1084 913 1216 952 Militiae
1229 916 1420 951 Christiana
1432 940 1442 956 ,
1458 927 1531 962 quae
1550 916 1609 952 sub
1629 917 1791 964 Magistro
1807 919 1953 956 elective
1967 933 2014 957 ex
2036 918 2225 958 Nobilitate

171 964 424 1002 Catltolicarum
439 963 626 1003 Nationum
644 963 814 998 constituta
827 964 845 998 ὲ
857 961 974 998 Sancta
986 963 1072 998 Sede
1091 964 1278 999 immediate
1293 964 1527 1008 dependeret,
1543 966 1577 1001 δι
1598 974 1667 1001 tum
1683 978 1745 1010 pro
1760 967 1820 1001 Rei
1825 968 1964 1012 publicae
1977 970 2160 1006 Catholicae
2173 969 2224 1004 in.

168 1023 349 1049 cremento
362 1037 374 1052 ,
403 1021 472 1046 tum
492 1022 557 1055 pro
583 1011 751 1058 gementis
761 1011 938 1047 Christiani
953 1011 971 1045 ὲ
988 1010 1176 1055 mancipatu
1195 1013 1378 1049 'furcarum
1392 1011 1594 1049 liber-atione
1611 1014 1760 1059 gladium
1776 1014 1952 1061 stringeret
1965 1017 2145 1057 ,facilitate
2156 1027 2224 1053 eoe·

175 1062 226 1108 pit
236 1085 246 1097 .
261 1059 407 1099 Carolus
421 1060 584 1104 Gronzaga
597 1083 608 1099 ‚
625 1057 772 1094 Niverni
793 1059 878 1096 Dux
888 1083 901 1100 ‚
915 1059 996 1095 sicut
1010 1061 1089 1096 zelo
1102 1061 1276 1097 dilatanda:
1288 1059 1365 1095 fidei
1388 1060 1601 1106 singulariter
1615 1063 1748 1097 ardebat
1759 1087 1770 1103 ,
1785 1062 1830 1098 ita
1847 1064 1946 1108 operi
1961 1065 2063 1100 socias
2071 1077 2158 1110 opes
2172 1067 2223 1101 in-

173 1110 278 1147 dilate
286 1109 415 1145 addixit
429 1132 439 1143 .
459 1107 534 1143 Fuit
546 1106 691 1143 Niverni
704 1107 911 1144 Cathedralis
924 1107 1116 1153 gloriosum
1135 1110 1216 1146 illud
1230 1111 1394 1146 theatrum
1409 1133 1424 1149 ,,
1439 1110 1470 1144 in
1491 1121 1562 1153 quo
1581 1122 1670 1146 anno
1690 1115 1789 1153 1619.
1803 1112 1970 1157 Josephus
1984 1114 2002 1148 a
2015 1121 2223 1159 congregata

172 1159 358 1196 Nobilitate
369 1161 591 1205 juramentum
603 1155 917 1203 excepit,haneque
940 1158 1100 1201 promisso
1119 1159 1158 1193 ad
1180 1160 1269 1193 duos
1282 1169 1386 1193 annos
1403 1158 1569 1194 exercitiis
1585 1159 1750 1203 stipendio
1765 1183 1775 1199 ‚
1791 1161 1825 1196 &
1839 1159 2048 1207 Evangelico
2063 1162 2222 1198 sermone

170 1208 221 1245 ita
231 1208 392 1244 animavit
404 1231 415 1248 ,
429 1215 463 1242 ut
473 1204 605 1251 sanguis
620 1203 654 1243 in
678 1205 773 1239 venis
787 1206 918 1240 nonnisi
936 1205 975 1239 ad
990 1206 1117 1250 praedas
1132 1232 1142 1247 ,
1160 1209 1196 1243 &
1209 1208 1316 1243 caedes
1338 1207 1517 1241 Turearum
1539 1207 1695 1243 ebulliret
1706 1228 1722 1237 ·.
1732 1207 1808 1244 Hoc
1823 1210 1946 1245 eodem
1961 1218 2113 1256 tempore
2128 1208 2220 1246 Olo-

174 1257 274 1293 nuncii
289 1254 475 1301 Adolphus
488 1254 618 1290 Comes
629 1250 789 1289 d’Althan
809 1253 897 1291 idem
912 1254 1046 1288 sancivit
1063 1254 1171 1290 foedus
1186 1281 1196 1296 ,
1221 1256 1255 1291 δι
1274 1254 1463 1300 Principem
1486 1254 1658 1295 Radzevil‘,
1677 1255 1845 1292 polonum
1858 1283 1869 1298 ,
1897 1258 2028 1293 Ducem
2050 1254 2223 1294 Saxo-La-

173 1305 446 1350 venburgensem
458 1305 524 1340 διε.
538 1302 647 1337 eidem
661 1301 777 1342 univit,
790 1303 972 1346 Capucinis
989 1302 1065 1338 hinc
1079 1303 1157 1339 inde
1172 1304 1389 1343 Nobilitatem
1404 1305 1444 1339 ad
1458 1304 1646 1339 societatem
1656 1304 1775 1351 Militie
1789 1305 2043 1342 stimulantibus.
2068 1304 2220 1340 Machina

172 1354 254 1389 dum
274 1353 334 1390 vix
345 1364 412 1389 non
428 1351 573 1398 perfecta
586 1350 786 1388 credebatur
798 1375 811 1391 ,
823 1351 945 1387 Satban
958 1352 1081 1392 deiecit
1100 1363 1172 1388 eam
1183 1377 1195 1393 ‚
1208 1362 1278 1388 turn
1298 1353 1388 1389 inter
1404 1352 1575 1398 Principes
1590 1352 1678 1398 ipsos
1697 1353 1818 1388 semina
1830 1354 2001 1390 discordiae
2013 1351 2201 1399 spargendo
2211 1373 2224 1390 ,

172 1402 462 1438 tumGermaniam
475 1412 518 1435 ex
529 1399 687 1444 praetenss
699 1401 717 1436 a
728 1399 916 1442 Friderico,
927 1399 1079 1437 Palatino
1091 1400 1265 1441 Electore,
1275 1401 1444 1437 Bohemiae
1461 1413 1588 1437 corona
1598 1426 1608 1442 ‚
1619 1410 1763 1436 cruento
1776 1401 1867 1438 bello
1882 1400 2084 1446 implicando
2099 1424 2109 1434 .
2127 1399 2226 1435 Simi-

169 1449 242 1488 Jem
251 1450 374 1486 Davidi
388 1450 420 1485 se
431 1447 782 1494 Josephusingemuit,
793 1449 874 1485 dum
888 1447 1051 1494 templum
1062 1474 1072 1491 ‚
1086 1461 1152 1495 pro
1171 1462 1242 1498 quo
1254 1450 1431 1488 materialia
1445 1452 1510 1490 iam
1523 1451 1751 1495 congesserat,
1777 1450 1940 1497 perficere
1955 1449 2013 1486 fibi
2024 1450 2136 1486 datum
2149 1459 2221 1484 non

171 1498 240 1536 tait
251 1524 262 1541 ,
276 1498 370 1535 aiteri
386 1497 534 1544 gloriam
554 1497 634 1533 hanc
651 1497 843 1533 asservatam
860 1498 923 1535 effi:
934 1521 945 1538 ,
958 1497 1098 1534 confuso
1111 1497 1329 1536 cumdolore
1354 1499 1473 1535 solatio
1485 1499 1644 1536 conclusit
1660 1523 1670 1531 .

273 1547 336 1583 Ubi
351 1546 474 1583 bellum
491 1545 629 1582 Domini
642 1546 730 1582 inter
752 1545 962 1584 inimicorum
977 1558 1104 1582 cuneos
1122 1547 1264 1592 praeliari
1285 1560 1354 1584 non
1369 1546 1477 1592 potuit
1495 1572 1505 1588 ‚
1525 1549 1612 1593 pacis
1632 1559 1720 1592 opus
1748 1548 1780 1584 in
1803 1548 1889 1584 Aula
1911 1547 2021 1594 Regia
2035 1545 2222 1592 assumpfir3

174 1595 307 1634 inritato
329 1594 439 1635 animo
465 1593 594 1640 Regina
622 1603 768 1632 mortem
786 1594 978 1631 Marecbaili
994 1597 1144 1632 d'Ancre
1157 1621 1169 1637 ,
1183 1597 1262 1632 ficut
1277 1596 1559 1634 &Ministrorum
1574 1597 1613 1632 ab
1639 1596 1694 1632 illa
1721 1597 1953 1642 depositorum
1977 1596 2161 1640 regressum
2182 1595 2224 1630 ad

172 1644 329 1692 gubernii
341 1653 451 1689 partes
464 1642 626 1687 suspexit3
645 1655 686 1679 ne
701 1653 809 1678 tamen
826 1650 956 1680 motum
970 1646 1117 1681 excitare
1132 1646 1259 1689 posset,
1277 1645 1432 1683 Bleffium
1449 1657 1492 1682 ex
1516 1645 1665 1681 instinctu
1688 1645 1805 1681 Caroli
1821 1646 1973 1682 d'Albert
1990 1669 2001 1686 ,
2023 1645 2128 1681 Ducis
2150 1644 2224 1682 dc,

173 1697 314 1741 Luynes,
323 1693 467 1737 primum
485 1691 581 1728 Aulae
600 1691 788 1728 Minissrum
808 1699 887 1727 tunc
910 1693 1039 1738 agentis
1053 1718 1064 1734 ,
1095 1694 1252 1730 secedere
1271 1695 1407 1730 debuit.
1433 1696 1621 1731 Armandus
1654 1693 1833 1739 Episcopus
1855 1693 2070 1729 Luconienfis
2093 1717 2105 1734 ‚
2130 1694 2224 1734 cujus

168 1741 255 1778 >fidei
271 1742 415 1789 Regina,
423 1741 546 1777 secreta
565 1739 616 1775 sua
629 1740 764 1777 consilia
776 1742 984 1778 commiserat
999 1766 1011 1783 ,
1018 1744 1220 1790 jungebatur
1232 1741 1363 1778 itineris
1381 1744 1490 1779 socius
1502 1768 1512 1784 ‚
1526 1753 1561 1779 ut
1575 1744 1615 1779 ab
1629 1742 1716 1779 Aula
1735 1752 1885 1779 remotus
1899 1741 2037 1779 consilia
2049 1741 2153 1778 Ducis
2166 1751 2223 1784 pe·

172 1799 313 1828 neti-are
328 1791 435 1826 minus
451 1790 556 1834 poss‘et
569 1811 579 1822 ·
594 1788 725 1833 Regina
739 1788 848 1824 Bleffii
867 1790 1015 1825 cunctari
1040 1791 1148 1826 noluit
1161 1814 1172 1830 ‚
1190 1791 1356 1826 Lochium
1371 1793 1462 1836 prius
1475 1815 1486 1831 ‚
1507 1793 1542 1827 δι
1557 1793 1635 1826 dein
1652 1790 1858 1826 inculismam
1882 1792 2005 1826 seceffit
2017 1814 2030 1830 ,
2050 1786 2224 1824 Armando

180 1839 302 1873 ordine
330 1837 431 1882 regio
446 1835 657 1871 Avenionem
670 1837 827 1878 relegato
838 1856 846 1863 ι
868 1836 1038 1876 Praesagiit
1053 1836 1143 1870 Aula
1164 1839 1240 1870 exin
1255 1846 1345 1871 certa
1357 1838 1439 1872 mala
1455 1851 1468 1877 3
1481 1838 1558 1872 hinc
1572 1838 1662 1871 Duci
1683 1838 1724 1870 ad
1749 1844 1867 1871 tetram
1880 1861 1890 1877 ‚
1916 1847 1989 1882 quae
2009 1834 2223 1879 agglomera-

180 1885 278 1920 batur
288 1909 299 1924 ‚
311 1885 434 1920 nubem
445 1882 657 1926 diffipandam
667 1904 676 1919 ‚
687 1879 826 1915 consilio
841 1880 879 1914 P.
895 1879 1025 1915 Berulli
1041 1905 1051 1920 ,
1063 1882 1253 1924 Superioris
1273 1879 1449 1918 Generalis
1461 1884 1745 1929 presbyterorum
1759 1883 1912 1918 Oratorii
1924 1907 1933 1922 ,
1959 1883 1994 1917 &
2010 1882 2220 1925 postmodum

179 1932 216 1968 S.
231 1933 272 1968 R.
285 1931 319 1967 E.
333 1928 535 1969 Cardinalis‚
556 1929 592 1966 δι
611 1926 748 1971 Ιρΐερὴί
774 1927 820 1961 uti
848 1926 972 1961 suasum
994 1927 1039 1962 est
1055 1952 1068 1968 ‚
1093 1929 1151 1974 qui
1179 1928 1343 1973 Reginam
1356 1954 1366 1970 ,
1386 1929 1427 1963 de
1453 1930 1554 1976 Regis
1572 1941 1653 1974 erga
1676 1941 1748 1964 eam
1768 1929 1910 1970 affectu,
1933 1930 2220 1974 perDecanumJ

177 1978 392 2017 Cathedralis
407 1975 625 2012 Luconienfis
635 1977 674 2008 de
688 1975 723 2008 la
744 1974 1042 2010 cocheze‚intimum
1059 1977 1215 2009 Armandi
1227 1978 1385 2010 Amicum
1399 1999 1410 2013 ,
1423 1979 1621 2010 monendam
1644 1979 1708 2010 effe
1725 1977 1885 2013 statuere.
1909 1979 1984 2012 Rex
1997 1978 2076 2012 dum
2090 1978 2123 2011 id
2140 1976 2220 2010 rati-

177 2026 289 2062 habuit
313 2047 325 2064 ‚
355 2023 517 2064 Iosephus
552 2020 696 2054 reditum
720 2017 882 2051 Armandi
912 2019 953 2049 ad
979 2017 1144 2057 Reginam
1176 2019 1292 2052 callide
1323 2020 1389 2052 hoc
1420 2021 1540 2054 medio
1565 2021 1679 2054 effecit
1701 2042 1713 2052 .
1742 2023 1957 2063 ,Beneficium
1987 2031 2024 2055 ut
2053 2023 2218 2056 beneficio

172 2073 233 2108 hic
251 2071 453 2107 alternaret,
479 2067 537 2101 sub
552 2072 737 2109 praetextu,
759 2062 850 2116 quod
874 2061 1004 2098 consilia
1020 2063 1163 2107 Reginae
1192 2064 1232 2098 ab
1247 2076 1294 2099 eo
1308 2065 1412 2099 danda
1436 2067 1565 2109 possent
1591 2067 1770 2113 aliquoties
1800 2072 1864 2103 esse
1889 2067 2033 2113 suspefla
2049 2093 2060 2109 ,
2088 2069 2222 2104 cursum

177 2117 420 2167 negotiationis
441 2114 555 2153 alteri,
574 2114 592 2148 it
605 2123 676 2157 quo
689 2120 802 2165 tamen
814 2107 869 2145 ille
883 2111 1158 2146 communionem
1177 2122 1291 2148 rerum
1307 2113 1436 2156 sperare
1455 2116 1560 2158 posset
1581 2141 1593 2157 ‚
1611 2115 1778 2151 committi
1790 2117 1902 2153 suasit.
1925 2116 2054 2163 Selegit
2069 2118 2145 2153 Rex
2163 2118 2226 2153 Jo-

177 2169 314 2251 sephutsn
325 2192 349 2249 ,ι
367 2164 458 2250 {iad
473 2160 637 2210 Reginam
651 2159 841 2207 ablegavit,
861 2157 1027 2196 tamfelici
1042 2171 1149 2205 opere
1161 2184 1172 2201 ,
1193 2171 1231 2197 ut
1245 2161 1396 2201 Tarona:
1413 2162 1481 2201 haec
1494 2163 1625 2209 Regem
1642 2165 1839 2201 conveniret
1855 2189 1867 2207 ‚
1883 2168 1919 2202 &
1935 2166 2090 2212 utrinque
2104 2176 2221 2212 pacem

178 2216 267 2254 inter
295 2227 314 2251 e
327 2218 337 2250 i
350 2227 368 2250 -a
395 2214 402 2248 i
419 2214 530 2248 irent.

275 2263 379 2310 Rupit
393 2262 491 2302 huius
509 2259 675 2297 vinculum
694 2260 767 2306 post
781 2261 887 2299 breve
904 2269 1037 2307 tempus
1066 2273 1197 2297 novum
1210 2260 1340 2298 schisma
1352 2263 1488 2310 Regem
1506 2262 1593 2299 inter
1613 2264 1650 2300 <Se
1663 2262 1829 2308 Reginam
1858 2264 2002 2301 Matrem
2029 2263 2189 2298 obortum
2206 2276 2219 2305 3

177 2325 258 2352 cum
266 2312 353 2349 enim
365 2311 444 2353 Rex
453 2309 547 2346 ducis
564 2309 700 2358 Luynes
712 2310 894 2355 potentiam
912 2322 980 2348 non
993 2311 1156 2350 αι’ἃειτει,
1174 2310 1228 2346 hic
1243 2312 1330 2347 vero
1345 2322 1451 2349 artem
1466 2312 1653 2348 fimulandae
1667 2312 1853 2349 ambitionis
1869 2325 1934 2349 non
1950 2311 2103 2352 calleret,
2118 2312 2217 2349 Prin-

178 2361 358 2409 cipemque
372 2360 558 2396 Condaeum
571 2383 584 2399 ,
606 2370 707 2406 quem
721 2359 853 2403 Regina
874 2368 1029 2405 tempore
1048 2359 1095 2394 sui
1122 2358 1280 2405 gubernii
1299 2359 1331 2394 in
1353 2362 1460 2397 castro
1474 2361 1642 2405 Vincenne
1665 2361 1808 2396 detineri
1837 2362 1972 2403 iusserat
1987 2385 1998 2401 ,
2021 2359 2146 2395 affensu
2162 2358 2216 2394 vel

171 2411 320 2446 dissensu
333 2411 427 2452 huius
449 2419 519 2444 non
534 2407 725 2451 expectato,
738 2407 879 2444 libertati
897 2408 1087 2446 restituisset
1101 2432 1111 2447 ,
1135 2419 1172 2443 ac
1195 2406 1342 2443 edietum
1356 2433 1370 2449 ,.
1395 2421 1466 2455 quo
1488 2408 1621 2454 Regina
1647 2409 1679 2443 se
1699 2421 1765 2444 non
1783 2409 1924 2453 amplius
1942 2417 2045 2443 tutam
2060 2408 2216 2447 credidit,

180 2459 348 2506 vulgasset
359 2481 372 2498 ‚
386 2458 455 2494 haec
468 2456 611 2491 irritatos
623 2458 688 2496 iam
704 2456 781 2494 alias
795 2456 967 2502 Principes
987 2458 1026 2493 ad
1041 2466 1150 2502 partes
1176 2456 1248 2491 suas
1262 2456 1364 2492 traxit
1376 2482 1388 2498 ,
1405 2459 1439 2493 ὃς
1455 2468 1521 2493 non
1537 2458 1664 2492 tantum
1685 2456 1820 2500 publico
1846 2457 1961 2492 edicto
1981 2456 2137 2490 authores
2163 2457 2216 2491 di·

180 2508 325 2546 scordiae
337 2505 504 2551 castigavit
519 2529 531 2545 ,
559 2506 614 2540 sed
631 2505 988 2543 &eosa00nfilio·&
1003 2505 1088 2542 Aula
1103 2531 1114 2546 ,
1140 2516 1201 2539 ceu
1217 2504 1326 2539 status
1341 2504 1639 2541 inimicosalienari
1659 2529 1668 2544 ,
1688 2506 1705 2539 a
1731 2505 1827 2550 Rege
1847 2505 2021 2548 poposcit.
2206 2520 2209 2523 ·

278 2556 410 2591 Timere
424 2555 523 2599 coepit
535 2554 614 2589 Dux
627 2554 766 2601 Luynes
780 2555 920 2591 eandem
932 2567 1008 2591 cum
1023 2552 1229 2590 Marechallo
1246 2553 1274 2587 d·
1290 2557 1404 2589 Ancre
1416 2555 1539 2589 sortem
1553 2576 1564 2593 ,
1589 2554 1623 2588 &
1636 2552 1758 2598 publici
1771 2553 1838 2587 odii
1856 2552 2045 2588 Ministrum
2059 2563 2133 2588 cum
2145 2552 2215 2586 rui-

179 2618 221 2644 na
233 2604 487 2651 Regni'aRege
499 2614 567 2639 non
585 2604 776 2647 protectum
796 2603 836 2638 iri
852 2605 892 2640 ab
905 2604 1018 2641 amicis
1034 2602 1127 2638 varie
1140 2601 1247 2636 audiit
1262 2613 1272 2633 ε
1300 2601 1375 2637 hinc
1395 2602 1627 2638 auctoritatem
1654 2601 1811 2644 potentiae
1827 2601 1857 2635 in
1879 2600 2107 2645 cogitattones
2125 2599 2213 2644 pacis
2251 2638 2255 2642 sp

180 2653 351 2691 convertit
363 2678 375 2694 ‚
397 2654 433 2689 &
444 2652 484 2688 ad
496 2653 578 2688 hanc
589 2652 788 2689 firmandam
801 2652 1073 2697 operaujosephh
1096 2661 1195 2696 quem
1214 2649 1355 2694 Reginae
1368 2652 1404 2687 δε
1418 2651 1583 2696 Episcopo
1597 2648 1798 2686 Luconiensi
1812 2648 1968 2684 dilee’rum
1981 2672 1990 2687 ,
2009 2649 2044 2683 &
2063 2648 2102 2683 ab
2120 2649 2213 2683 lncu-

182 2701 335 2738 lismensis
351 2702 438 2748 pacis
451 2701 610 2746 exemplo
624 2699 764 2738 habilem
780 2710 942 2742 noverat,
970 2709 1017 2735 uti
1032 2700 1255 2734 decreverat.
1278 2697 1393 2742 Regio
1406 2699 1487 2740 jussu
1501 2699 1659 2744 Iosephus
1678 2697 1856 2742 Angeriaci
1875 2697 2039 2743 Reginam
2065 2697 2212 2735 arcessit,

179 2763 321 2797 eamque
337 2751 378 2786 ad
394 2751 512 2795 regios
525 2749 717 2793 Deputatos
731 2748 943 2791 recipiendos
958 2747 1087 2782 induxit
1101 2770 1111 2780 .
1138 2744 1277 2781 Dumhi
1292 2746 1451 2781 articulos
1468 2759 1566 2784 novae
1590 2748 1677 2790 pacis
1699 2746 1909 2786 formarunt,
1937 2746 2013 2780 Rex
2045 2745 2213 2780 militem..-

179 2798 273 2835 suum
288 2797 513 2844 Angeriacum
526 2798 646 2832 versus
660 2796 831 2835 duxit‚ubi
844 2798 879 2831 &
895 2795 983 2831 illam
998 2793 1183 2830 conclusam
1192 2793 1331 2829 audivit.
1345 2794 1431 2830 Cum
1450 2804 1556 2831 tamen
1575 2795 1666 2831 illico
1677 2805 1713 2830 ac
1731 2804 1799 2829 erat
1815 2792 2043 2837 fignata,Regi
2058 2804 2124 2827 non
2140 2790 2214 2826 fuis·

178 2847 226 2882 set
243 2845 477 2890 ailatffiagmen
488 2843 628 2888 Reginae
642 2845 680 2878 ad
696 2851 837 2887 pontem
850 2842 1050 2890 Cesar-isael
1064 2842 1100 2878 ce
1120 2840 1230 2877 invadi
1244 2841 1561 2881 iussit-Exacerbavit
1575 2844 1739 2889 Reginam
1757 2843 1879 2883 strages
1893 2841 1985 2876 militi
2004 2840 2213 2883 suo,signato

177 2897 245 2938 iam
255 2895 342 2939 pacis
354 2893 471 2938 pacto,
489 2891 608 2928 inflicta
620 2904 630 2932 ;
644 2892 679 2927 &
690 2889 824 2925 consilia
838 2891 994 2927 vindicta:
1009 2899 1044 2925 ut
1058 2899 1287 2936 exequeretur
1302 2889 1492 2931 pictavium,
1509 2893 1702 2935 Angeriaco
1725 2892 1756 2926 in
1772 2890 1937 2925 vic‘timam
1955 2887 2053 2922 hostis
2071 2886 2207 2937 relifio,

177 2944 334 2980 secedere
356 2941 488 2977 statuit.
514 2939 688 2984 Inceperat
697 2942 762 2982 jam
775 2937 915 2979 eiulatus
926 2939 1097 2975 mulierum
1117 2938 1314 2973 exeuntium
1330 2939 1520 2982 castrophen
1543 2963 1554 2978 ,
1578 2938 1654 2974 dum
1668 2939 1828 2981 Josephus
1848 2936 1984 2980 Reginae
1998 2934 2083 2977 capti
2103 2934 2211 2968 consi-

180 2992 214 3030 lii
227 2991 409 3038 perniciem
423 2989 512 3024 foeia·
523 2987 672 3032 Episcopi
687 2988 908 3025 Luconienlis
921 2988 1121 3033 operatione
1145 2987 1379 3023 demonstravit
1391 3011 1401 3026 ,
1425 2996 1490 3022 tam
1516 2985 1659 3021 feliciter
1676 3009 1687 3024 ‚
1714 2994 1749 3019 ut
1776 2985 1855 3024 iussa
1872 2983 2039 3018 tradendae
2055 2981 2211 3016 Civitatis

177 3039 395 3081 revocaverit
412 3063 423 3079 ‚
450 3037 596 3083 gemitus
611 3035 727 3080 populi
741 3036 773 3071 in
789 3047 911 3072 vocem
924 3035 1027 3072 laudis
1045 3060 1055 3076 ‚
1077 3048 1141 3083 qua
1151 3036 1312 3081 ,Iosephus
1330 3036 1486 3070 Salvator
1499 3034 1681 3081 Angeriaci
1695 3033 1929 3076 praedicabatur
1942 3054 1954 3070 ,
1979 3029 2081 3082 fuerit
2098 3038 2207 3065 muta-

181 3099 236 3125 tus
248 3113 259 3130 ,
285 3086 474 3134 negotiatio
490 3086 576 3132 pacis
587 3087 624 3123 &
637 3086 740 3129 regiae
753 3085 886 3122 unionis
901 3084 1113 3130 reassumpta,
1122 3084 1276 3121 conclusa
1290 3107 1302 3123 ‚
1326 3085 1362 3120 &
1375 3083 1503 3118 Briffaci
1518 3084 1602 3118 inter
1619 3089 1754 3116 mutuos
1768 3080 1873 3122 Regis
1885 3081 1920 3115 &
1935 3079 2074 3125 Regmae
2087 3077 2213 3123 ample·

181 3150 247 3175 xus
260 3138 455 3175 confirmata
472 3157 482 3168 .

278 3189 333 3224 De
350 3185 484 3231 gloria,
509 3195 585 3231 quae
597 3193 646 3219 ex·
662 3192 731 3220 tam
748 3182 853 3218 fausbo
868 3182 1011 3218 successu
1021 3181 1168 3218 Authori
1184 3181 1390 3220 debebatur,
1414 3179 1576 3223 ,Iosephus
1603 3176 1681 3213 nihil
1703 3177 1759 3213 fibi
1786 3176 1945 3216 retinuit,
1971 3182 2079 3211 totum
2093 3174 2124 3208 in
2138 3173 2213 3218 Epi-

182 3235 318 3282 scopum
332 3235 468 3278 reiecit,
495 3237 642 3278 eumque
654 3231 803 3268 Ecclesia
825 3230 1233 3276 purpuradignumDuci
1246 3231 1382 3275 Luynio
1397 3227 1640 3264 commendavit
1651 3249 1663 3262 .
1690 3225 1786 3262 Aulae
1803 3225 1952 3260 Minister
1965 3222 2114 3269 promisit
2136 3222 2211 3276 qui-

184 3285 260 3320 dem
273 3283 380 3321 officia
393 3283 448 3318 sua
463 3305 475 3322 ,
501 3281 586 3317 serio
598 3290 704 3318 tamen
721 3280 776 3316 illa
787 3291 856 3315 non
872 3280 966 3316 fuiffe
979 3280 1123 3324 impensa
1134 3303 1145 3319 ‚
1171 3279 1264 3324 regia
1277 3275 1526 3320 Archiepiscopi
1544 3273 1698 3310 Tolosaui
1714 3275 1747 3309 in
1761 3272 1976 3309 Cardinalem
1991 3281 2211 3325 praenomina-

188 3333 240 3368 tio
255 3333 424 3378 probavit.
452 3328 628 3366 Simulavit
650 3331 736 3365 hunc
752 3329 905 3365 abortum
914 3328 1081 3374 Josepbus
1094 3352 1104 3367 ‚
1119 3329 1154 3364 ὅτ
1168 3327 1250 3362 sicut
1264 3326 1443 3371 extirpatio
1464 3323 1629 3359 haereseos
1644 3323 1709 3358 fuit
1733 3324 1863 3367 semper
1876 3319 2092 3374 principalior
2106 3318 2211 3354 ae‘ho-

188 3391 266 3416 num
281 3382 408 3417 suarum
421 3378 497 3414 finis
509 3403 519 3419 ,
538 3380 581 3415 ita
593 3389 670 3414 cum
681 3377 823 3425 Luynio
835 3376 1121 3421 desuper-iterato
1131 3376 1205 3421 egit
1215 3399 1226 3415 ‚
1248 3376 1283 3411 &
1308 3377 1338 3410 in
1354 3372 1524 3417 praesentia
1537 3370 1723 3407 Cardinalis
1737 3372 1779 3406 de
1795 3371 1878 3406 Retz
1894 3394 1904 3409 ‚
1934 3367 2212 3422 Nuntii-Aposto-

188 3427 263 3468 lici,
278 3427 461 3466 &aliorum
482 3437 553 3464 tum
566 3439 740 3464 enormem
762 3425 996 3463 hereticorum
1010 3424 1198 3463 audaciam,
1233 3423 1293 3469 qui
1314 3424 1344 3457 in
1363 3422 1427 3456 sinu
1446 3419 1652 3456 Monarchiae
1674 3421 1814 3464 speciem
1837 3417 2036 3463 Reipublicae
2052 3418 2210 3458 indepen-

186 3475 294 3511 dentis
313 3476 497 3513 formarent
509 3500 519 3516 ‚
538 3486 608 3511 turn
623 3475 771 3521 planctus
788 3477 823 3511 <Se
841 3485 959 3518 preces
969 3474 1209 3518 Episcoporum
1225 3494 1237 3512 ‚
1264 3473 1298 3507 &
1317 3468 1410 3507 Cleri
1426 3467 1631 3504 Bearnienfis
1647 3493 1658 3510 ,
1679 3468 1736 3515 qui
1758 3467 1999 3501 restitutionem
2011 3466 2178 3498 bonorum
2191 3460 2211 3493 a

183 3523 449 3568 Reginaloanna
469 3526 500 3559 d’
518 3523 646 3559 Albret
657 3525 868 3567 direptorum
883 3530 1069 3568 urgerent,
1098 3529 1170 3557 tum
1187 3519 1395 3554 vacillantem
1418 3517 1527 3551 statum
1539 3538 1550 3556 ‚
1565 3517 1596 3551 in
1618 3528 1685 3562 quo
1700 3518 1773 3552 Rex
1786 3516 1822 3550 &
1845 3516 2001 3560 Regnum
2019 3512 2063 3545 ob
2078 3517 2210 3543 contra·

184 3571 273 3607 &um
285 3581 400 3605 eorum
411 3583 488 3607 curn
501 3573 569 3608 aliis
585 3571 747 3608 haereticis
759 3571 868 3607 foedus
886 3570 1069 3607 versaretur
1086 3594 1096 3610 ‚
1126 3569 1233 3613 longo
1254 3568 1406 3602 sermone
1426 3564 1592 3600 recensuit
1604 3588 1614 3598 .
1640 3564 1820 3609 Proposuit
1835 3562 1986 3614 Luynius
2001 3583 2020 3613 ‚¹
2038 3566 2136 3602 quem
2152 3555 2208 3614 sor

185 3618 290 3658 lidum
303 3618 569 3664 audivitJosephi
587 3620 763 3655 discursum
777 3643 789 3661 ,
807 3619 918 3663 Regi,
932 3619 990 3666 qui
1005 3620 1040 3654 &
1051 3617 1118 3662 ipse
1134 3615 1295 3652 concluso
1309 3622 1427 3650 contra
1440 3611 1625 3649 Haereticos
1645 3613 1734 3648 bello
1746 3637 1757 3652 ‚
1781 3613 1878 3648 misso
1895 3609 2080 3645 Pistavium
2094 3612 2209 3638 versus

186 3667 312 3708 milite,
333 3677 411 3702 eum
431 3669 646 3709 approbavit,
670 3680 707 3704 ac
725 3669 756 3704 in
778 3670 838 3703 suo
853 3667 1038 3710 Burdigalae
1063 3663 1195 3709 appulsu
1213 3688 1224 3704 ,
1250 3662 1465 3699 Parlamento
1476 3660 1546 3696 Pali
1562 3660 1774 3698 Catholicam
1791 3660 1903 3695 Fidem
1927 3659 1960 3691 δι
1977 3652 2125 3706 Ecclesiae
2147 3652 2210 3686 bo·

186 3715 384 3752 naBearniae
400 3713 519 3750 restitui
539 3717 703 3752 mandavit
719 3742 730 3754 .
754 3715 920 3754 Obedivit
940 3715 1056 3751 dolosa
1071 3714 1198 3755 semper
1216 3711 1367 3756 iniquitas
1383 3722 1394 3751 3
1419 3708 1482 3744 vix
1495 3717 1604 3744 autem
1620 3709 1695 3744 Rex
1710 3708 1850 3744 Parisios
1868 3706 1981 3742 rediit,
1995 3699 2212 3755 Reafmensffl

185 3766 219 3800 ἃ
231 3765 270 3800 ad
286 3774 449 3800 vomitum
466 3761 594 3799 rediisse
607 3758 736 3802 audivit
752 3787 762 3798 .
788 3763 933 3799 Domuit
945 3761 1139 3807 versipelles
1158 3761 1273 3796 iterata
1285 3758 1390 3794 militis
1405 3757 1580 3802 expeditio
1596 3782 1606 3798 ,
1630 3758 1665 3793 δε
1684 3755 1869 3799 trophaeum
1880 3749 2064 3787 Catholicae
2081 3746 2210 3792 profes-

181 3813 283 3851 fionis
308 3812 442 3850 solidius
452 3835 463 3853 ,
476 3813 575 3858 quam
585 3811 678 3857 prius
686 3811 827 3858 positum
838 3818 925 3853 erat,
937 3811 980 3848 ibi
995 3811 1070 3848 fixit
1080 3834 1091 3845 .
1118 3809 1211 3845 Cum
1226 3810 1261 3844 &
1271 3806 1410 3845 pictavii
1427 3806 1462 3842 &
1476 3805 1615 3842 Turonii
1638 3803 1743 3850 plebis
1757 3802 1869 3842 zelus,
1893 3800 2213 3877 Hug⁰⁶¹¹⁰f1f22¹ssn⁴
