2592 4094
987 221 1567 340 Insulenfis.

379 361 809 415 CAPUT
915 363 1108 412 VIII.

316 478 380 517 De
399 480 512 519 soror
518 476 601 519 ibus
616 477 785 534 Infirmis
799 504 814 527 ,
845 478 894 526 θ’
906 478 952 518 de
963 477 1079 536 officio
1090 479 1168 522 illis

359 536 586 594 prfstando,
600 535 698 587 &dc
710 539 775 586 it‘s,
785 547 870 591 qua·
879 541 1118 594 moriuntur,

366 654 574 712 Qoniam
587 652 759 697 charitas
773 654 827 697 est
840 654 943 696 alma
953 655 1086 698 Mater
1098 654 1222 696 totius

251 710 412 754 virtutis
436 711 626 767 religiosae
651 740 667 763 ‚
697 726 783 767 quae
808 723 890 756 tam
917 727 1012 768 erga
1042 725 1189 768 corpus
1205 743 1221 764 ,

249 770 367 823 quam
405 784 502 825 erga
537 771 711 812 animam
747 784 968 827 pauperum
995 775 1221 815 Sororum„

247 829 431 871 exerceri
447 829 593 880 debet,
622 829 718 872 ideo
733 829 964 878 hortamur,
984 832 1024 872 δι
1037 831 1223 873 obsecra-

244 900 330 928 mus
356 887 394 928 in
409 886 672 942 ChristoJesu
686 890 858 930 Sorores
872 917 888 938 ,
918 898 962 930 ut
977 901 1115 931 omnes
1130 887 1222 933 (ω

247 945 464 987 exhibeant
478 945 758 993 charitativas,
790 943 1067 995 confidentes,
1099 947 1224 988 &do-

245 1002 424 1045 mesticas
449 1002 627 1043 invicem
638 1026 652 1049 ,
662 1002 822 1043 &omni
835 1001 1067 1054 securitate,
1080 1005 1120 1045 &
1133 1017 1227 1045 con-

245 1057 412 1102 fidentia
425 1060 609 1113 aperiant
625 1057 890 1115 Superioriffae
902 1088 916 1112 ,
949 1071 1019 1104 aut·
1034 1062 1221 1113 Vicariae,

242 1115 350 1160 dieta
378 1114 639 1172 Superioriffa
663 1117 854 1172 impedita
883 1147 898 1170 ,
940 1129 1010 1161 aut
1052 1129 1222 1175 propter

245 1174 523 1218 infirmitatem
567 1175 607 1217 in
645 1175 875 1220 Infirmario
897 1175 1062 1220 detenta
1085 1206 1098 1229 ,
1129 1192 1218 1220 om-

240 1249 313 1278 nes
329 1233 411 1276 suas
425 1232 688 1285 neceffitates,
702 1243 784 1276 tam
811 1236 1043 1291 corporales
1056 1262 1070 1285 ,
1101 1238 1218 1292 quam

233 1290 471 1347 *spirituales
487 1319 502 1342 ,
531 1294 570 1333 &
591 1291 661 1334 illa
685 1293 857 1348 benigne
874 1321 888 1344 ,
917 1295 1216 1337 &charitative

242 1351 334 1404 illas
367 1351 536 1398 audiat,
568 1352 607 1391 δι
631 1351 783 1394 tantum
810 1352 1103 1395 benevolentiae
1130 1353 1213 1395 illis

244 1408 457 1458 exhibeat,
488 1409 644 1452 tantum
665 1409 952 1465 benignitatis,
984 1413 1024 1453 &
1049 1413 1216 1454 materni

243 1464 406 1509 affeafis
422 1495 436 1518 ,
465 1467 621 1510 tantum
635 1468 871 1511 humilitatis
884 1497 898 1520 ,
919 1471 956 1512 &
973 1471 1217 1525 promptitu-

240 1525 345 1568 dinis
371 1524 422 1566 ad
449 1524 528 1566 illis
554 1523 880 1575 inserviendum,
911 1527 1110 1581 utpoffint
1123 1542 1217 1570 cum

238 1582 309 1626 illa
322 1583 458 1627 verbis
473 1582 949 1638 agere,quemadmodum
966 1587 1076 1628 Hera
1093 1599 1140 1627 cu
1148 1601 1216 1630 m..

240 1641 411 1684 Ancillis
426 1641 532 1693 suis3
565 1654 654 1682 nam
668 1643 723 1685 ita
739 1642 996 1697 Superioriffa
1007 1644 1129 1686 debet
1143 1642 1219 1688 effe

243 1699 405 1742 Ancilla
428 1699 609 1741 omnium
628 1701 817 1742 Sororum
835 1701 1024 1744 :&certe
1041 1731 1055 1753 ,
1085 1701 1109 1742 fi
1134 1717 1218 1744 ma-

238 1765 303 1799 ter
317 1757 509 1800 naturalis
524 1765 664 1807 amet,
694 1758 899 1800 &nutriat
925 1758 1050 1801 filiurn
1074 1758 1214 1803 suum„

237 1815 440 1857 carnalem
460 1842 475 1863 ,
509 1815 662 1868 quanto
684 1815 914 1869 diligentius
939 1829 1217 1871 unaquaeque„

235 1871 415 1918 nostrum
429 1871 602 1926 diligere
615 1897 630 1919 ,
659 1874 700 1913 δι
714 1872 869 1914 nutrire
883 1872 1008 1915 debet
1023 1877 1215 1916 Sororem

232 1932 338 1973 suam
381 1928 629 1985 spiritualem
656 1932 670 1972 ?
703 1933 871 1987 Quare,
903 1933 928 1972 s1
962 1931 1103 1987 aliquae
1138 1935 1212 1974 So-

235 2003 350 2033 rores
380 1986 636 2029 infirmentur
662 2016 677 2036 ,
719 2002 855 2029 omnes
887 1990 971 2030 aliae
1001 1989 1214 2043 Religiosae

234 2047 384 2089 debent
411 2044 502 2086 illas
529 2042 758 2093 consolari,
788 2044 956 2097 juvare,
988 2047 1027 2084 δι
1047 2047 1127 2085 illis
1148 2047 1210 2085 in-

234 2104 387 2146 servire
410 2127 424 2149 ‚
455 2098 793 2155 quemadmodum
819 2101 856 2140 in
886 2099 1120 2142 neceffitate
1145 2101 1212 2141 fibi

232 2160 440 2210 succurri,
469 2156 703 2199 &inserviri
719 2155 894 2205 vellent,
925 2159 1113 2200 &Mater
1125 2161 1211 2200 An-

234 2218 329 2262 cilla
344 2248 359 2268 ,
391 2232 435 2260 ac
452 2224 626 2272 quatuor
640 2216 993 2271 Discretae‚primae
1021 2216 1102 2258 tale
1123 2214 1210 2258 offi-

233 2278 340 2321 cium
355 2274 616 2330 impendant,
647 2274 903 2328 providentes
933 2274 1014 2314 illis
1032 2274 1070 2314 in
1083 2273 1212 2314 omni—

237 2337 311 2378 bus
326 2362 341 2388 ,
372 2347 455 2388 quae
470 2331 642 2386 postulat
658 2328 867 2372 infirmitas
882 2345 896 2372 ε
928 2332 968 2371 &
980 2357 995 2381 ,
1013 2341 1058 2372 ut
1075 2330 1112 2370 in
1130 2342 1214 2369 me-

237 2392 314 2436 lius
341 2390 413 2432 fiat
442 2419 456 2442 ,
487 2388 672 2430 statuitur
696 2399 790 2430 ante
818 2389 950 2430 onmia
976 2414 991 2435 ,
1021 2396 1064 2429 ut
1090 2390 1215 2429 Soro-

235 2466 279 2495 re
306 2451 348 2491 in
374 2447 604 2490 infirmitate
631 2445 849 2489 decidente
874 2475 888 2498 ,
920 2446 979 2488 illi
995 2447 1121 2488 statim
1137 2445 1212 2488 de-

240 2511 415 2568 putetur
440 2520 518 2549 una
532 2519 582 2546 ex
596 2505 768 2548 maxime
783 2505 939 2547 idoneis
955 2534 970 2555 ,
996 2518 1078 2560 quae
1093 2503 1154 2545 illi
1172 2505 1210 2545 in

236 2566 421 2611 omnibus
447 2565 523 2606 suis
557 2562 853 2605 necessitatibus
881 2562 1096 2605 famuletur
1120 2587 1134 2609 ,
1175 2563 1215 2602 δε

236 2627 349 2684 juxta
380 2622 623 2678 exigentiam
655 2623 694 2663 in
721 2620 946 2664 infirmario
960 2619 1212 2670 collocetur,

237 2688 276 2727 &
291 2686 402 2740 juxta
418 2679 691 2725 neceffitatem
723 2694 813 2721 cum
825 2682 894 2722 illa
908 2678 1154 2733 dispensetur
1168 2678 1208 2719 in

234 2741 421 2800 jejuniis,
451 2742 489 2780 δε
507 2738 800 2780 austeritatibus
816 2736 1067 2792 Religionis,
1096 2735 1212 2776 &di-

242 2801 416 2855 ligenter
440 2797 492 2838 de
518 2799 722 2845 nonore,
753 2797 791 2836 &
821 2793 983 2838 Medico
1011 2793 1047 2834 ei
1071 2794 1210 2848 provi..

240 2859 387 2900 deatur
417 2867 429 2895 :
460 2852 571 2908 cujus
611 2852 884 2895 ordinationes
911 2855 1043 2894 Mater
1075 2851 1213 2894 Ancil-

240 2917 307 2967 la,
337 2916 377 2956 &
395 2910 622 2954 Infirmariae
638 2907 825 2952 Praefedta
860 2910 965 2966 sequi
997 2918 1212 2953 teneantur

237 2975 281 3018 in
297 2970 509 3018 omnibus,
541 2971 662 3023 &per
674 2968 835 3011 omnia:
866 2971 903 3011 &
927 2978 970 3011 ut
989 2969 1208 3020 Doctores,

234 3029 431 3084 Chirurgi
456 3056 470 3079 ,
501 3029 541 3069 &
561 3026 888 3081 Pharmacopulae
916 3055 931 3077 ,
977 3028 1117 3082 quibus
1145 3041 1211 3069 ne-

236 3089 336 3135 ceffe
365 3087 514 3130 habent
534 3088 701 3128 Sorores
717 3113 731 3137 ,
761 3087 834 3135 srnt
865 3085 957 3127 boni
979 3082 1214 3136 Catholici,

236 3151 276 3192 &
291 3148 455 3202 integrae
470 3143 507 3186 fa
514 3158 581 3188 mae
591 3173 603 3185 .
1160 3166 1162 3169 ·

350 3206 518 3258 Insuper
535 3207 668 3246 Mater
680 3201 840 3244 Ancilla
868 3203 908 3244 δι
921 3205 1089 3244 Sorores
1104 3228 1118 3251 ,
1135 3200 1211 3243 fin-

240 3263 371 3319 gulari
393 3262 489 3305 cura
502 3260 726 3316 advigilent
740 3289 756 3311 ‚
787 3268 833 3302 ut
847 3260 895 3302 ad
911 3261 1183 3315 patientiam-2
1196 3285 1211 3308 ,

238 3324 280 3363 δι
303 3322 609 3376 resignationem
637 3333 703 3361 eas
726 3319 991 3360 exhortentur
1009 3347 1022 3369 ,
1052 3319 1090 3359 &
1120 3317 1212 3359 dili-

242 3388 382 3434 genter
408 3387 549 3421 oretur
571 3391 647 3432 pro
667 3376 746 3419 illis
763 3406 776 3428 ,
807 3377 929 3419 &ubi
956 3376 1214 3432 periculum..-

244 3437 367 3479 fuerit
378 3464 395 3486 ,
424 3434 519 3478 fiant
536 3448 678 3490 preces
691 3436 777 3492 post
793 3437 970 3491 vesperas
986 3464 1000 3486 ,
1031 3437 1070 3475 &
1086 3443 1214 3475 matu-

241 3497 371 3538 tinum
395 3520 410 3543 ,
443 3500 679 3536 moneantur
706 3493 827 3536 etiam
854 3494 1020 3536 Sorores
1034 3491 1211 3543 infirmae,

245 3555 298 3597 de
315 3552 512 3605 frequenti
536 3549 799 3601 confeffione,
824 3553 870 3593 ¹&
883 3550 1215 3595 communione.-

243 3623 426 3667 tempore
453 3608 691 3651 infirmitatis
707 3637 723 3659 ,
751 3609 852 3651 &ad
867 3610 994 3653 minus
1022 3607 1138 3650 semel
1166 3607 1206 3649 in

244 3668 592 3715 hebdomada,&,
608 3675 649 3708 ut
663 3667 736 3709 fint
764 3667 803 3707 in
820 3665 1111 3709 infirmitatibus
1137 3665 1211 3706 suis

241 3729 469 3787 patientes,
498 3727 539 3767 &
563 3725 802 3768 charitatem
830 3724 896 3767 fibi
922 3726 1139 3769 exhibitam
1165 3737 1214 3766 ex

242 3789 375 3832 animo
388 3786 599 3841 agnoscant
616 3812 628 3825 .

2035 262 2194 347 235

1390 364 1688 408 Decedentibus
1701 380 1750 408 ex
1762 368 1832 409 hac
1842 365 1922 408 vita
1935 370 2256 420 Sororibus,cha·

1284 426 1380 466 ritas
1394 425 1625 478 praestetur,
1658 438 1737 467 non
1765 425 1892 467 miuus
1917 424 2003 480 post
2024 436 2227 472 mortem„
2242 457 2255 479 ,

1286 484 1402 537 quam
1418 483 1457 522 in
1474 482 1554 523 vita
1574 509 1588 523 .

1402 541 1545 598 Quare
1554 541 1678 596 prima
1689 541 2172 597 opportunitate,Sorores
2185 540 2259 581 lin-

1286 597 1385 652 gulae
1417 600 1555 654 legant
1598 614 1672 654 pro
1698 601 1804 642 illius
1830 601 1959 642 anima
1986 598 2142 655 vigilias
2165 613 2255 640 cum

1280 670 1424 699 novem
1452 658 1716 708 lectionibus,
1741 660 1779 698 &
1809 659 1848 701 in
1875 660 2014 700 Choro
2038 667 2255 699 cantentur

1280 714 1426 756 eaedem
1457 714 1600 768 vigiliae
1642 726 1732 757 ante
1768 716 1853 772 ejus
1879 716 2124 771 sepulturam
2144 744 2158 766 ,
2185 729 2255 757 ce-

1283 772 1431 814 lebrari
1446 771 1805 815 facientessacrum
1821 775 2009 830 praesente
2026 787 2257 830 corpore-a,

1284 831 1323 872 in
1335 845 1415 886 quo
1427 833 1593 873 Sorores
1606 843 1743 871 omnes
1758 830 1906 874 sacram
1919 832 2258 875 Communionem

1284 887 1434 930 facient
1462 902 1536 942 pro
1575 886 1760 930 defanata
1782 916 1796 938 ,
1836 892 1874 930 8(
1901 890 2042 932 eadem
2065 890 2260 932 intentio-

1283 959 1332 988 ne
1348 947 1605 988 continuetur
1618 948 1860 988 Communio
1872 950 1997 989 tribus
2012 949 2152 990 diebus
2166 961 2260 990 cum

1286 1004 1430 1045 astuali
1472 1002 1738 1058 applicatione
1771 1004 2122 1060 Indulgentiarum
2159 1020 2258 1047 con·

1282 1061 1493 1110 cessatum,
1511 1075 1583 1114 pro
1597 1060 1838 1105 liberatione
1853 1067 2073 1106 animarum
2088 1065 2140 1107 de
2158 1066 2261 1106 Pur-

1284 1121 1444 1176 gatorio
1458 1147 1472 1168 ,
1496 1118 1634 1161 iisdem
1653 1121 1792 1164 diebus
1811 1123 1990 1164 adhibita
2005 1120 2259 1177 disciplinao:

1278 1182 1316 1220 &
1331 1193 1406 1234 pro
1422 1178 1579 1232 singulis
1598 1179 1805 1233 Religiofis
1833 1179 2028 1229 defunctis
2046 1180 2260 1222 celebren-

1280 1247 1349 1280 tur
1364 1236 1528 1292 triginta
1540 1233 1656 1278 Missae
1671 1262 1684 1284 ,
1711 1238 1749 1277 &
1764 1238 1830 1279 die
1845 1237 2121 1281 anniversario
2136 1239 2259 1280 etiam

1278 1310 1356 1339 una
1374 1294 1502 1347 Miffa,
1533 1308 1612 1350 quo
1641 1295 1708 1336 die
1737 1297 1958 1338 recitentur
1982 1297 2022 1336 in
2035 1297 2176 1337 Choro
2192 1295 2253 1337 vi-

1275 1355 1379 1409 giliae
1394 1368 1484 1394 cum
1501 1366 1647 1395 novem
1663 1352 1902 1394 lenionibus
1914 1355 1936 1394 a
1953 1355 2190 1401 Sororibus,
2208 1365 2252 1392 ac

1274 1413 1409 1454 denuo
1423 1410 1491 1454 fiat
1504 1409 1611 1454 sacra
1623 1411 1863 1455 Communio
1881 1436 1895 1458 ,
1923 1411 1963 1451 &
1977 1407 2179 1465 disciplina
2194 1437 2206 1449 .

1392 1469 1474 1514 Sed
1501 1469 1590 1512 loco
1612 1470 1842 1526 vigiliarum
1855 1478 2111 1511 mortuorum
2127 1497 2140 1519 ,
2162 1480 2257 1523 quas

1278 1532 1446 1571 Sorores
1462 1529 1637 1570 recitant
1655 1557 1669 1579 ,
1684 1529 1768 1584 post
1782 1525 1985 1569 deceffum
1997 1525 2166 1581 alicujus
2183 1528 2261 1566 So·

1278 1588 1382 1628 roris
1409 1585 1584 1643 ejusdem
1599 1584 1860 1634 Conventus,
1887 1588 2055 1628 Sorores
2070 1585 2179 1626 laicae
2196 1582 2259 1623 di-

1281 1654 1376 1687 cent
1418 1655 1580 1688 centum
1619 1647 1741 1688 Pater
1778 1646 1818 1685 &
1846 1646 1934 1686 Ave
1956 1671 1970 1693 ,
2000 1645 2040 1683 &
2062 1638 2255 1697 Requiem

1279 1714 1468 1746 aeternam
1484 1705 1560 1745 &c-

1362 1763 1526 1813 lniuper
1548 1759 1766 1814 diligenter
1780 1759 1930 1800 mentio
1951 1758 2002 1799 de
2023 1765 2158 1798 morte
2177 1758 2258 1805 Def

1278 1817 1418 1859 functae
1446 1815 1517 1859 fiet
1540 1816 1628 1859 aliis
1645 1817 1926 1858 Conventibus
1958 1815 2123 1856 Ordinis
2149 1843 2165 1864 ,
2209 1822 2253 1854 ut

1277 1875 1534 1931 participatio
1567 1873 1636 1914 fiat
1655 1873 1926 1927 suffragiorum
1944 1901 1955 1913 .
1991 1871 2254 1914 Monitione.)

1277 1931 1441 1987 recepta
1468 1933 1520 1976 de
1534 1942 1666 1973 morte
1684 1931 1850 1987 alicujus
1876 1930 2087 1986 Religiosae
2102 1928 2256 1971 Refor-

1277 1991 1464 2031 mationis
1490 1992 1639 2040 nostrae,
1653 1991 1692 2030 in
1711 1990 1870 2043 singulis
1890 1988 2167 2031 Conventibus
2188 2000 2254 2028 ce-

1276 2048 1489 2088 lebrentur
1508 2058 1593 2089 tres
1627 2046 1743 2088 Miisae
1773 2062 1843 2099 pro
1858 2048 1987 2088 anima
2015 2044 2249 2092 Defunetae,

1273 2104 1312 2141 δι
1334 2101 1473 2141 eadem
1502 2104 1724 2143 intentione
1750 2104 1908 2155 fingulae
1937 2106 2103 2144 Sorores
2129 2104 2252 2156 tertio

1273 2158 1420 2200 faciant
1434 2159 1598 2200 Sacram
1609 2160 2062 2209 -Communionem,cum
2078 2160 2254 2214 applica-

1271 2218 1379 2259 tione
1405 2216 1556 2258 actuali
1587 2217 1939 2271 Indulgentiarum
1954 2217 2255 2261 necessariarum

1275 2274 1325 2314 ad
1343 2274 1628 2317 liberationem
1652 2276 1872 2317 animarum
1902 2275 1953 2317 de
1979 2277 2253 2332 Purgatorio,

1273 2334 1313 2372 δι
1351 2332 1474 2373 tertio
1510 2331 1758 2384 disciplinam
1786 2358 1800 2379 ,
1835 2334 1874 2372 δι
1913 2333 2072 2387 insuper
2094 2335 2252 2375 recita-

1276 2390 1376 2430 bunt
1391 2387 1576 2442 privatim
1593 2388 1769 2430 officium
1797 2391 2054 2430 Mortuerum
2068 2404 2157 2432 cum
2173 2393 2249 2432 tri·

1271 2449 1341 2488 bus
1361 2445 1610 2495 lectionibus,
1624 2444 1732 2500 cujus
1760 2445 1853 2485 loco
1868 2448 2039 2487 Sorores
2056 2447 2164 2487 laicae
2182 2462 2251 2489 re-

1270 2504 1455 2546 citabunt
1471 2503 1764 2557 quinquagesies
1782 2503 1905 2542 Pater
1921 2503 2048 2545 noster
2061 2533 2076 2554 ,
2097 2507 2133 2545 &
2157 2504 2245 2547 Ave

1274 2561 1404 2604 Maria
1420 2588 1434 2611 ,
1449 2574 1539 2600 cum
1556 2559 1752 2615 Requicm
1768 2568 1956 2600 aeternam
1979 2562 2058 2601 ἃς.
2135 2610 2138 2613 ¹

1388 2618 1613 2660 Ordinatur
1627 2645 1641 2668 ,
1656 2627 1700 2659 ut
1723 2630 1860 2658 omnes
1884 2622 2050 2660 Sorores
2065 2618 2250 2674 (implici—

1270 2686 1331 2719 ter
1343 2675 1581 2731 sepeliantur
1599 2676 1636 2716 in
1659 2675 1850 2717 claustro
1863 2699 1877 2722 ,
1894 2685 1962 2717 aut
1985 2674 2024 2716 in
2039 2689 2165 2731 parvo
2181 2681 2250 2718 Sa·

1268 2734 1397 2785 cello,
1426 2733 1482 2789 (fi
1501 2732 1568 2775 fiat
1594 2733 1643 2774 ad
1661 2733 1937 2788 sepulturam)
1957 2747 2043 2775 cum
2066 2734 2215 2776 Habitu
2230 2762 2244 2785 ,

1269 2796 1308 2834 δι
1323 2806 1443 2847 parva
1459 2794 1597 2833 Cruce
1621 2791 1752 2847 lignea
1768 2793 1805 2832 in
1820 2805 1940 2833 manu
1954 2817 1968 2839 ,
1992 2791 2070 2832 fine
2089 2792 2239 2840 locuit,

1275 2859 1547 2897 monumento,
1565 2858 1634 2892 aut
1649 2850 1890 2906 Epitaphi03
1913 2849 1960 2890 Et
1975 2851 2000 2890 fi
2026 2849 2090 2904 qui
2105 2849 2243 2892 exfin-

1271 2910 1399 2964 gulari
1417 2908 1655 2958 devotione,
1677 2907 1905 2951 defiderent
1922 2906 2080 2961 sepeliri
2102 2908 2138 2950 in
2166 2911 2244 2950 Ec-

1269 2968 1386 3010 clelia
1400 2968 1590 3008 exteriori
1605 2966 1730 3012 nostra
1742 2996 1758 3016 ,
1773 2966 1885 3020 super
1905 2966 2035 3006 omnia
2053 2978 2131 3007 non
2146 2979 2239 3020 per-

1273 3028 1455 3067 mittatur
1471 3023 1556 3066 fieri
1577 3025 1712 3066 tumba
1728 3024 1871 3077 aliqua,
1885 3032 1952 3063 aut
1967 3023 2239 3078 Epitaphium,

1275 3085 1357 3127 imo
1380 3096 1455 3127 nec
1481 3081 1727 3124 concedatur
1744 3081 1819 3122 illis
1836 3081 2051 3133 sepultura,
2067 3081 2146 3123 fine
2170 3096 2238 3123 ex·

1275 3141 1398 3197 pressa
1423 3140 1585 3183 licentia
1613 3138 1798 3193 Episcopi
1829 3138 2053 3181 Dioecesani
2080 3167 2095 3190 ,
2125 3142 2233 3181 inter

1270 3214 1362 3253 quas
1384 3209 1516 3241 tamen
1533 3197 1682 3238 censeri
1709 3210 1787 3238 non
1807 3195 1955 3239 debent
1979 3206 2062 3238 tam
2089 3198 2235 3239 Eccle-

1271 3258 1406 3300 fiastici
1424 3285 1438 3307 ,
1458 3257 1576 3311 quam
1590 3253 1803 3298 Saeculares
1817 3282 1831 3305 ,
1855 3254 1920 3309 qui
1935 3254 2125 3298 actualem
2139 3257 2237 3307 chaf-

1271 3318 1429 3358 ritatem
1445 3312 1625 3370 praestant
1642 3341 1657 3362 ,
1671 3314 1706 3354 &
1721 3313 1758 3354 in
1779 3312 1940 3354 servitio
1964 3311 2115 3355 Domfis
2144 3328 2234 3368 per-

1273 3373 1453 3415 severant
1469 3401 1482 3422 ‚
1507 3371 1573 3427 qui
1599 3369 1847 3413 decedentes
1877 3369 2000 3413 limile
2022 3370 2236 3413 officium.»

1273 3432 1477 3475 charitatis
1491 3429 1732 3487 percipient,
1742 3429 1792 3471 ad
1807 3426 2059 3484 refrigerium
2087 3431 2235 3471 anima·

1271 3505 1358 3533 rum
1382 3489 1652 3538 suarum,cum
1669 3486 1878 3542 Religiolis
1903 3488 2037 3530 nostris
2055 3513 2068 3525 .

1390 3544 1675 3602 Expreffiffime
1697 3545 1917 3596 inhibetur,
1932 3560 1980 3587 ne
1995 3545 2075 3586 ulla
2089 3541 2234 3586 funda-

1266 3607 1323 3649 tio
1339 3606 1540 3655 obituum,
1554 3612 1622 3646 aut
1637 3602 1875 3658 Vigiliarum
1890 3602 2126 3646 admittatur
2139 3617 2236 3658 qua-

1271 3677 1438 3721 cumque
1459 3660 1577 3706 causa
1592 3690 1603 3704 .

2065 3838 2183 3878 CAP.
2225 3826 2229 3832 '
