2756 4074
443 317 779 373 Proceffionem
820 319 879 370 ad
923 322 1126 371 Crucem
1167 331 1254 384 pro
1298 329 1429 367 novae

511 389 955 462 Donnfis.Regu1aris
973 393 1186 439 Fratrum
1201 387 1249 438 in
1265 388 1427 458 Regno

512 463 681 513 Galliae
694 461 1029 512 construstione
1048 456 1315 526 erigendam
1332 494 1349 518 ,
1366 459 1432 510 in-

510 531 640 597 stitui
668 531 848 584 solitam
877 530 1236 599 comitantibusr,
1270 529 1429 583 Indul-

512 597 720 673 gent-iam
741 602 990 675 plenariam
1015 599 1250 653 concedit.

472 701 922 790 PAuLu's
988 684 1270 785 ntia
1341 735 1406 785 v.

479 852 673 919 Universa
690 859 1010 921 Chresstyi'dclibus
1019 852 1229 917 presentes
1241 859 1399 904 litteras

542 920 773 979 irgspcbl'uris
787 924 958 964 salutem
968 948 981 970 ,
1006 920 1054 968 ὅ
1071 919 1332 979 Apostolicam

791 977 1087 1025 benediffionem
1097 1007 1109 1020 .

561 1093 642 1135 Um
659 1119 672 1142 ,
687 1090 783 1133 sicut
798 1088 1021 1146 accepimus
1038 1118 1053 1142 ,
1079 1088 1117 1132 in
1136 1089 1239 1132 locis
1251 1115 1270 1140 Ἀ
1283 1089 1332 1134 ad
1344 1089 1430 1133 Do—

577 1163 662 1192 mus
679 1151 859 1192 Fratrum
881 1148 1047 1193 Ordinis
1072 1150 1282 1193 Minorum
1297 1148 1431 1191 Sancti

440 1209 644 1252 francisci
657 1209 964 1262 Capucjnorum
988 1218 1315 1264 nuncupatoaum
1332 1222 1421 1253 con-

439 1268 643 1312 struendas
659 1264 868 1310 destinatis
880 1297 896 1319 ,
925 1281 1072 1324 magno
1086 1267 1430 1312 Christifidelium

439 1327 650 1379 concursu,
661 1328 697 1368 &
713 1326 934 1373 devotione
949 1326 1296 1383 proceffionaliter
1311 1331 1429 1372 Crux

437 1384 540 1445 erigi
557 1385 711 1434 soleat,
743 1389 826 1430 Nos
841 1387 1065 1431 animarum
1090 1385 1430 1431 Christifidelium

438 1443 555 1488 saluti
581 1444 753 1503 paterni
784 1446 983 1489 charitate
1010 1446 1158 1489 intenti
1183 1475 1197 1498 ,
1236 1447 1427 1490 omnibus

437 1506 647 1564 utriusq-ue
674 1503 787 1548 sexus
809 1503 1148 1563 Chri'stifidel'ibus
1174 1507 1274 1550 vere
1289 1506 1424 1563 poeni-

438 1564 616 1608 tentibus
627 1566 691 1618 ,Sc
707 1562 908 1617 confessis,
922 1579 970 1609 ac
986 1568 1107 1609 Sacra
1132 1565 1422 1609 communione

439 1623 601 1668 refectis
613 1653 627 1674 ,
655 1626 722 1680 qui
739 1623 1034 1668 Proceffionem
1049 1625 1101 1670 de
1117 1624 1280 1668 licentia
1296 1623 1423 1668 ordi·

436 1683 539 1726 narii
554 1696 629 1740 pro
645 1683 777 1727 Cruce
793 1685 843 1726 hu
849 1682 1021 1740 jusmodi
1038 1686 1076 1727 in
1091 1683 1208 1727 dictis
1223 1684 1325 1728 locis
1342 1685 1423 1727 eri·

436 1742 567 1844 fienda
582 1744 735 1786 devote
750 1744 932 1788 comitati
949 1743 1101 1787 suerint
1116 1771 1130 1793 ,
1155 1745 1195 1787 &
1208 1758 1283 1803 pro
1297 1744 1424 1788 Chri-

472 1804 651 1844 ianorum
682 1803 913 1856 Principum
939 1802 1157 1845 concordia
1185 1831 1200 1854 ,
1231 1802 1424 1846 haeresum

436 1860 711 1916 extirpatione
737 1886 754 1910 2
789 1858 829 1897 δε
854 1857 1006 1897 δεῃέἶε
1046 1859 1188 1897 Matris
1231 1855 1424 1898 Ecclefiae

436 1919 686 1964 exaltatione
700 1916 781 1973 pias
795 1914 844 1956 ad
863 1917 998 1956 Deum
1014 1926 1156 1967 preces
1170 1912 1423 1966 effuderint,

437 1978 658 2032 plenariam
683 1972 867 2010 omnium
891 1977 1154 2020 peccatorum
1171 1969 1332 2011 suorum
1353 1971 1421 2009 In-

439 2030 697 2089 dulgentiam
713 2056 728 2078 ,
750 2027 791 2068 &
804 2023 1077 2066 remiffionem
1104 2025 1429 2068 misericorditer·

439 2096 478 2137 in
507 2087 688 2134 Domino
714 2083 976 2130 concedimus
1003 2113 1014 2124 .
1050 2083 1316 2128 Praesentibus
1350 2085 1423 2128 ἰὼ

437 2155 587 2205 Regno
613 2147 790 2191 Franciae
805 2172 821 2200 2
842 2143 883 2186 δι
905 2141 955 2185 ad
985 2142 1234 2202 septennium
1262 2144 1428 2188 tantum

435 2209 621 2259 ¹valituris
641 2237 655 2249 .
1291 2216 1292 2220 ¹

557 2270 705 2310 Datum
724 2268 862 2310 Romae
889 2264 995 2322 apud
1012 2264 1202 2311 Sanctam
1211 2264 1428 2309 Mariam.»

436 2329 641 2388 Majorem
670 2327 739 2370 sub
756 2326 924 2369 Annulo
942 2324 1153 2369 Piscatoris
1168 2353 1182 2376 ,
1203 2325 1270 2368 die
1287 2325 1426 2379 xv-Ju·

436 2390 493 2434 nii
526 2403 559 2430 M
577 2400 679 2430 nex
695 2400 788 2431 ιιι.
811 2415 827 2438 ,
858 2383 1122 2430 Pontificatus
1155 2385 1274 2428 nostri
1302 2386 1429 2428 Anno

435 2452 561 2494 Nono
576 2476 587 2488 .

858 2503 994 2560 Scipio
1009 2503 1277 2548 Cobellutius
1299 2535 1312 2548 .

612 2627 794 2726 Exemssdn.
812 2622 991 2667 authent.
1009 2627 1051 2666 in
1065 2623 1242 2668 Archi-vo
1247 2623 1434 2679 generali

674 2690 733 2728 Or
759 2685 815 2727 in.

436 2822 964 2847 ffl———n-

437 2926 495 2974 In
511 2922 641 2974 causa
662 2922 865 2974 Habitus
883 2924 971 2978 ἃς.
1005 2929 1115 2974 RR.
1137 2923 1226 2971 ΡΡ.
1250 2921 1430 2972 Tertia·

509 2995 664 3043 tiarios
690 2994 748 3043 de
767 2995 1040 3047 Poenitentia
1057 3005 1342 3058 nuncupatos
1360 2994 1424 3041 in-

511 3078 579 3111 ter
595 3079 649 3105 =
667 3063 715 3114 ὅ(
735 3067 917 3116 Fratres
942 3065 1116 3116 nostros
1131 3063 1299 3133 agitata
1315 3081 1424 3131 prae-

510 3131 719 3199 scriptam
737 3134 763 3184 ἂ
784 3140 834 3187 8.
855 3135 1229 3207 Congregatione
1246 3131 1338 3184 ὅτε.
1358 3135 1425 3185 di-

511 3200 793 3256 stinffionern
836 3207 1080 3258 confirmat
1112 3242 1129 3266 ,
1178 3202 1227 3256 δε
1273 3222 1423 3274 perpe·

512 3287 648 3325 tuum
665 3274 855 3348 desuper
868 3278 1099 3334 silentium
1115 3277 1312 3345 imponit
1326 3312 1340 3327 .

468 3389 917 3477 PAULUS
990 3422 1271 3473 PAPA
1342 3421 1409 3470 v.

1130 155 1790 273 Mo‘n'mnent‘a

1491 330 1544 374 go
1570 318 1756 364 altiffimo
1788 311 2073 360 famulantium
2104 319 2216 364 votis
2242 348 2259 372 ,
2290 332 2366 377 per
2399 333 2486 377 qut

1489 391 1632 420 eorum
1646 377 1763 435 paci,
1790 373 1970 434 &quieti
1983 378 2211 433 opportune
2233 378 2478 432 consulitur,

1492 436 1673 481 libenter
1685 435 1896 503 annuimus
1912 463 1927 488 ,
1958 450 2087 493 eaque
2116 433 2323 485 favoribus
2345 437 2499 500 prpsev,

1493 497 1653 554 quimur
1667 505 1907 554 opportunis
1921 522 1935 536 .
2436 512 2450 533 v>

1608 555 1769 615 Exponi
1783 551 1978 611 siquidem
1995 555 2126 599 Nobis
2154 567 2279 614 nuper
2294 554 2485 601 fecerunt

1487 614 1627 659 dileeti
1645 613 1921 667 Filii,Fratres
1937 613 2108 659 Ordinis
2125 616 2332 659 Minorum
2350 617 2505 662 saneti.

1495 672 1695 718 Francisci
1721 673 2027 729 Capucinorutn
2055 683 2408 731 nuncupatorum,
2433 689 2483 719 ae
2504 705 2505 710 ,

1493 736 1659 784 Fratres
1675 731 1871 777 Tertiarii
1885 731 2051 777 Ordinis
2073 732 2250 793 ejusdem
2266 735 2307 778 S.
2323 733 2487 778 Franci·

1494 792 1546 837 sci
1560 792 1612 835 de
1628 791 1872 851 poenitentia
1906 789 2087 838 [imiliter
2114 793 2367 851 nuncupati,
2395 792 2485 836 stri-

1490 851 1627 896 &ioris
1651 850 1929 897 Observantioe
1943 880 1956 905 ,
1968 853 2311 908 congregationis
2350 849 2488 909 Regni
2501 887 2504 893 J

1489 911 1697 963 Francus,
1727 912 1835 970 quod
1852 910 2080 955 introducta
2102 911 2201 955 alias
2232 911 2273 955 in
2290 912 2506 968 Congre-.

1492 971 1656 1030 gatione
1669 970 1973 1015 Venerabilium
1991 973 2175 1015 Fratrum
2192 970 2458 1015 nostrorum..-
2468 995 2506 1022 ‚0

1492 1035 1641 1078 Sancta
1662 1032 1855 1075 Romane
1868 1029 2050 1075 Ecclefiae
2061 1030 2343 1075 cardinalium
2358 1041 2486 1084 nego-

1492 1092 1558 1136 tiis
1571 1090 1833 1148 Regularium
1845 1089 2141 1148 praepofitorum
2153 1090 2270 1134 causis
2283 1089 2485 1133 interca-

1491 1152 1663 1210 pucinos
1675 1164 1722 1194 ex
1737 1164 1814 1194 una
1826 1179 1840 1203 ,
1873 1150 1915 1192 &
1927 1149 2130 1206 praedic'tos
2148 1151 2306 1193 FrAtres
2324 1147 2487 1191 Tertia·

1497 1212 1581 1256 rios
1608 1225 1656 1254 ex
1672 1210 1802 1254 altera
1819 1210 2002 1266 partibus
2031 1207 2082 1252 de
2111 1210 2148 1251 δι
2165 1207 2283 1264 super
2311 1205 2506 1250 delatio--

1493 1286 1544 1316 ne
1561 1267 1739 1314 Habitus
1762 1300 1775 1322 ,
1801 1269 1851 1311 ad
1869 1267 2085 1319 effectum,
2117 1277 2158 1309 ut
2187 1266 2311 1311 iidem
2329 1267 2506 1309 Fratres*

1492 1329 1694 1388 Capucini
1730 1331 1754 1374 a
1783 1328 1992 1371 Fratribus
2032 1327 2252 1370 Tertiariis
2283 1321 2495 1382 hujusmo-

1485 1390 1530 1434 di
1560 1387 1850 1445 dignoscantur
1870 1417 1885 1441 ,
1914 1385 2109 1445 pradinae
2138 1382 2492 1442 Congregationis

1486 1448 1731 1495 cardinales
1750 1449 1911 1491 Fratres
1925 1445 2150 1490 Tertiarios
2165 1441 2395 1502 hujusmodi
2409 1453 2508 1485 nont

1485 1507 1679 1555 sandalia
1707 1536 1723 1561 ,
1757 1506 1837 1550 five
1867 1504 2098 1564 Calopodia
2124 1503 2174 1548 ad
2203 1517 2349 1547 eorum
2380 1499 2508 1544 arbi-.

1486 1569 1612 1613 trium
1629 1597 1644 1621 ,
1675 1577 1799 1624 prout
1816 1565 1913 1609 alifis
1926 1567 1984 1610 eis
1997 1561 2224 1607 conceffum
2249 1561 2410 1609 fuerat,
2426 1557 2507 1605 sed.

1484 1625 1716 1683 Calopodia
1738 1626 1950 1670 dumtaxat
1978 1634 2172 1682 portare,
2196 1622 2325 1667 eorda
2348 1629 2507 1665 autem,

1484 1684 1820 1735 crineatantum‚
1846 1700 1926 1730 non
1949 1693 2082 1726 autem
2107 1680 2283 1726 canabefi
2307 1683 2349 1724 in
2376 1678 2490 1722 futu-

1485 1760 1574 1789 rum
1589 1745 1696 1800 cingi
1714 1775 1729 1798 ,
1759 1745 1914 1788 Habitu
1944 1743 2048 1787 verb
2068 1767 2083 1792 2
2109 1741 2306 1798 capuccio
2325 1769 2338 1792 ,
2374 1749 2494 1782 man-

1486 1805 1593 1847 tello
1610 1831 1626 1854 ‚
1651 1805 1692 1846 ἃ
1709 1803 1868 1857 reliquo
1900 1803 2050 1845 vestitu
2072 1815 2124 1844 ex
2152 1810 2311 1856 panno,
2338 1798 2407 1855 qui
2437 1809 2509 1839 ex.

1483 1859 1768 1915 quatuorlanoe
1783 1859 2029 1900 naturaliter
2045 1883 2061 1904 2
2093 1860 2132 1898 δι
2147 1857 2293 1912 absque
2310 1857 2491 1899 tinnun-

1486 1917 1633 1971 nigrae,
1664 1916 1705 1958 8ι
1718 1930 1765 1959 ex
1783 1929 1859 1958 una
1871 1916 2054 1971 partibus
2066 1914 2307 1959 'iana-etiam
2323 1923 2511 1958 naturam

1485 1973 1586 2015 liter
1613 1970 1745 2022 albae,
1779 1973 1821 2011 δι
1844 1974 1943 2014 alias
1971 1972 2082 2027 juxta
2107 1973 2254 2014 eorum
2286 1971 2508 2016 Constitu·-

1487 2029 1623 2072 tiones
1675 2029 1714 2071 in
1749 2027 1935 2072 Civitate
1974 2028 2231 2084 Lugdunenfi
2271 2027 2327 2071 de
2367 2030 2507 2080 Anno.

1487 2099 1676 2131 mncxtx.
1697 2085 1897 2144 impreffits
1913 2085 2097 2130 confecta
2115 2086 2185 2130 tint
2212 2115 2226 2140 ,
2257 2089 2316 2130 uti
2334 2086 2490 2133 debere

1485 2148 1736 2190 censuerunt
1758 2176 1772 2199 ,
1796 2157 1916 2202 prout
1944 2147 1985 2189 in
2006 2149 2183 2190 Decreto
2206 2142 2380 2204 desuper
2418 2148 2492 2193 sub

1485 2205 1554 2249 die
1582 2220 1649 2249 xx.
1665 2205 1858 2250 octobris
1882 2219 2072 2250 mncxtx.
2106 2204 2296 2250 confecto
2328 2206 2495 2263 plenius

1485 2265 1644 2308 dicitur
1657 2265 1862 2308 contineri
1880 2292 1894 2307 .

1603 2327 1711 2369 Cum
1725 2335 1859 2371 autem
1872 2354 1887 2380 ,
1919 2323 2017 2369 ficut
2031 2324 2171 2370 eadem
2187 2325 2383 2384 'expositio
2397 2327 2506 2373 sub-t

1489 2384 1684 2444 jungebat
1708 2395 1732 2438 ,'
1754 2384 1996 2444 capucini,
2039 2387 2077 2429 &
2105 2386 2299 2430 Tertiarii
2324 2388 2505 2432 Fratres

1490 2446 1668 2504 predicti
1683 2446 1901 2502 plurimum
1927 2446 2089 2502 cupiant
2110 2448 2335 2490 Decretum
2350 2445 2501 2503 hujus-⁵

1493 2505 1605 2549 modi
1627 2519 1702 2563 pro
1731 2505 1872 2564 majori
1897 2504 2004 2548 illius
2026 2505 2265 2557 validitate,
2297 2506 2338 2547 &
2359 2504 2507 2548 subii*-⁴

1496 2564 1636 2610 flentia
1665 2565 1910 2622 Apostolicae
1935 2561 2260 2609 confirmationis
2283 2565 2505 2610 robert-v.

1495 2625 1768 2675 communiri,
1797 2638 1843 2668 ac
1857 2623 1957 2668 alias
1984 2637 2126 2667 eorum
2159 2624 2287 2681 quieti
2302 2630 2326 2675 ‚‘
2347 2623 2493 2679 &paci

1491 2699 1565 2743 per
1594 2688 1680 2729 Nos
1701 2711 1716 2736 ,
1741 2691 1786 2726 ut
1813 2681 1914 2726 infra
1942 2711 1956 2735 ‚
1987 2685 2218 2741 opportune
2245 2683 2455 2741 provideri
2474 2695 2490 2727 ε

1491 2751 1580 2790 Nos
1595 2745 1669 2800 piis
1684 2772 1699 2797 ,
1724 2740 2054 2786 &laudabilibus
2069 2742 2237 2787 illorum
2250 2742 2460 2786 desideriis
2472 2770 2505 2796 „

1490 2803 1691 2858 quantum
1717 2815 1809 2844 cum
1840 2801 2017 2844 Domino
2034 2799 2259 2857 possumus,
2279 2799 2493 2847 favorabi-

1491 2863 1590 2905 liter
1605 2874 1782 2903 annuere
1795 2888 1808 2911 ,
1835 2859 2007 2917 illosque
2021 2859 2256 2916 specialibus
2270 2858 2500 2914 favoribus&

1488 2922 1527 2964 δι
1544 2920 1687 2977 gratiis
1704 2918 1887 2975 prosequi
1904 2918 2091 2960 volentes
2110 2947 2123 2969 ,
2147 2921 2185 2961 &
2201 2932 2343 2962 eorum
2359 2918 2493 2975 ungu,

1487 2981 1592 3024 lares
1608 2976 1797 3032 personas
1822 2975 1844 3018 ἃ
1859 2975 2063 3030 quibusvis
2095 2976 2490 3021 excommunicatio-

1484 3040 1543 3083 nis
1557 3034 2485 3093 &c.censentes,sup‘plicationibusCapuccino·

1484 3113 1576 3143 rum
1591 3127 1605 3149 .,
1625 3099 1666 3140 δι
1691 3095 1991 3140 Tertiariorum.
2003 3095 2188 3153 Fratrum
2202 3094 2480 3139 eorumdem„

1485 3157 1617 3203 Nobis
1633 3155 1750 3211 super
1766 3156 1842 3198 hoc
1859 3152 2072 3197 humiliter
2089 3154 2286 3212 porreetis
2307 3154 2482 3198 inclina-

1485 3219 1544 3270 ti,
1569 3217 1790 3259 Decretum
1807 3211 2068 3270 praedictum,
2089 3213 2130 3255 δι
2153 3213 2192 3258 in
2217 3226 2268 3257 eo
2292 3222 2483 3257 contenta

1485 3274 1741 3331 hujusmodi,
1770 3269 2002 3330 Apostolica
2033 3274 2307 3326 auetoritate,
2338 3279 2485 3319 tenore

1486 3334 1737 3394 praesentium
1763 3330 1965 3389 perpetuo
1990 3332 2292 3389 approbamus,
2314 3332 2354 3374 &
2383 3346 2485 3377 con-

1485 3396 1689 3439 firmamus
1715 3422 1728 3446 ,
1767 3390 1925 3449 illisque
1965 3390 2212 3436 inviolabilis
2240 3390 2482 3449 Apostolicae

1487 3454 1692 3500 firmitatis
1720 3452 1845 3495 robur
1871 3449 2083 3508 adjicimus
2111 3481 2127 3504 ,
2158 3463 2211 3496 ac
2239 3465 2381 3495 omnes
2409 3452 2484 3503 ,ὃς

1402 3531 1403 3534 ’
1489 3515 1693 3571 singulos,
1723 3521 1806 3555 tam
1835 3509 1965 3569 juris,
1995 3513 2113 3567 quam
2143 3509 2234 3556 faeti
2265 3509 2476 3564 defectus,

613 3563 912 3619 Adperpetuam
925 3562 985 3605 rei
999 3564 1222 3608 memoriam
1235 3591 1248 3605 .

439 3693 588 3805 EX
618 3695 790 3750 injun6to
818 3695 947 3738 Nobis
983 3694 1154 3751 desuper
1183 3692 1422 3751 Apostolicae

568 3750 764 3797 servitutis
795 3754 930 3798 officio
955 3754 1285 3799 Christifidelium
1321 3768 1422 3810 quo-

1486 3577 1514 3618 ss
1536 3575 1603 3632 qui
1625 3573 1795 3628 desuper
1822 3569 2133 3627 quomodolibet
2156 3570 2476 3616 intervenerint,

1483 3634 1711 3692 supplemus
1726 3659 1738 3672 .
1771 3629 1936 3686 Insuper
1950 3630 2105 3676 causam
2119 3630 2349 3687 praedietam
2369 3628 2476 3671 inter

1482 3694 1715 3751 Capucinos
1730 3718 1744 3742 ,
1776 3689 2052 3733 &Tertiarios
2076 3690 2239 3734 Fratres
2267 3687 2478 3747 predictos

1483 3755 1601 3812 super
1616 3749 1842 3810 praemiffis,
1875 3748 2013 3792 tamin
2042 3748 2149 3793 dicta
2173 3747 2481 3804 congregatio-

438 3811 655 3864 rumlibet,
681 3816 899 3869 praesertim
913 3812 981 3856 sub
996 3813 1106 3857 suavi
1122 3814 1337 3871 religionis
1354 3812 1421 3872 ju·
1478 3828 1556 3863 ne,
1571 3816 1688 3871 quam
1708 3807 1837 3854 forsan
1853 3822 1993 3854 coram
2007 3807 2095 3852 aliis
2106 3809 2316 3867 Judicibus
2339 3805 2481 3849 instru-

2298 3868 2380 3910 Ctas
2401 3891 2416 3916 2
