2638 4088
1039 211 1622 302 Valent-ia.

2116 248 2276 335 335

315 349 498 390 videbitur
522 351 573 387 ad
588 352 724 400 causam
751 344 962 401 istiusmodi:
990 349 1036 387 ad
1058 352 1156 401 cnjus
1183 353 1461 387 terminationem
1490 375 1505 395 ‚
1529 348 1685 399 prada‘ffl‘o
1710 346 1988 399 terrilae-elapso
2009 371 2024 394 ‚
2051 352 2170 400 absque
2192 356 2263 394 alia
2284 355 2341 391 di-

324 400 451 440 tattone
464 422 477 443 ,
502 399 562 436 vel
580 402 741 450 temporis
765 410 860 435 mora
884 401 1114 447 procedetur,
1132 407 1240 449 prout
1261 400 1359 450 juris
1390 396 1452 449 effe
1477 400 1669 447 censebitur
1683 423 1694 436 .
1722 396 1828 437 Vale.
2233 398 2237 403 '

409 449 556 486 ‘Datum
579 448 693 488 Roma
714 458 752 485 z·
774 446 933 485 Onobris
964 449 1066 485 1626.

1242 569 1318 617 Fr.
1337 567 1567 619 Antonius
1593 568 1849 619 cardinalis
1884 570 1932 619 S.
1949 563 2172 620 Honufrii
2189 601 2203 615 .

405 734 930 784 Exemptutriusquesspistoioe
954 734 992 771 in
1013 733 1171 774 Atcbivo
1194 732 1361 771 Generali
1382 732 1532 771 Ordinis
1556 735 1719 771 Armario
1735 735 1931 775 Provincia
1948 731 2116 772 Valentia
2133 753 2147 772 ο

883 874 998 889 -

301 977 393 1025 Pro
438 975 588 1042 quiete
627 972 908 1022 Monialium
950 972 1168 1022 Civitatis
1199 976 1290 1023 Va·

367 1046 515 1094 lentiae
543 1061 627 1092 nec
659 1043 867 1112 regulam
898 1045 918 1100 (
952 1041 1148 1109 quinque
1178 1059 1292 1109 pun-

368 1115 454 1164 stis
481 1115 686 1182 exceptis
712 1121 735 1175 )
766 1129 847 1163 nec
882 1110 1246 1162 Constitutiones
1270 1149 1289 1173 ,

366 1203 442 1234 eas
469 1181 550 1235 sub
579 1199 768 1252 peccato
800 1181 1006 1252 obligare
1025 1217 1042 1240 ,
1066 1180 1287 1249 illasque,

365 1254 448 1305 sub
477 1253 789 1319 jurisdiistione
831 1250 1042 1322 Episcopi
1095 1253 1286 1303 existen-

364 1340 450 1384 tes,
467 1327 716 1396 privilegiis
735 1323 929 1378 Ordinis
950 1320 1041 1373 frui
1056 1323 1186 1394 posse
1206 1324 1280 1375 de-

364 1399 539 1450 clarat-1

296 1539 837 1591 ALEXANDER
892 1539 1102 1588 PAPA
1156 1541 1281 1590 VII.

497 1676 567 1720 Ad
560 1675 756 1736 futuram
770 1679 832 1720 rei
847 1679 1072 1722 memoriam
1082 1705 1097 1720 .

287 1796 382 1906 E
399 1795 534 1848 Xponi
549 1793 676 1838 Nobis
692 1808 818 1849 nuper
843 1792 1032 1837 fecerunt
1063 1793 1221 1837 dilestae
1236 1797 1277 1837 in

416 1853 581 1895 Christo
608 1852 718 1894 Filiae
742 1849 950 1894 Abbatiffa
974 1881 989 1904 ‚
1015 1855 1052 1895 &
1082 1853 1279 1896 Moniales

288 1910 528 1953 Monasterii
545 1913 847 1965 Capucinarum
874 1915 1128 1966 nuncupati,
1160 1914 1276 1954 Civi-

289 1967 384 2009 tatis
414 1970 642 2014 Valentinae
681 1970 719 2011 in
758 1969 949 2025 Hispania
984 1972 1276 2014 Tarraconensi

286 2026 427 2082 primae
459 2029 628 2084 Regulae
652 2030 801 2071 Sanstae
828 2028 961 2070 Clarae
984 2057 996 2079 ‚
1028 2031 1068 2070 ἃ.
1093 2029 1276 2073 secundae

288 2085 668 2136 Sanfflfrancisti,
697 2084 809 2139 quod
827 2113 841 2136 ,
867 2085 963 2127 licet
979 2085 1066 2138 ipsae
1091 2101 1142 2127 ex
1170 2093 1273 2128 anti-

283 2157 360 2198 qua
378 2144 600 2187 traditione
618 2141 792 2185 habeant
806 2171 822 2192 ,
852 2141 1173 2184 Constitutiones
1188 2171 1204 2193 ,
1234 2146 1275 2184 δι

280 2202 428 2245 statuta
442 2232 457 2255 ,
478 2217 565 2258 quae
577 2199 796 2244 observant
809 2229 823 2252 ‚
852 2215 925 2257 per
939 2200 1085 2244 sedem
1104 2202 1273 2255 Aposto-

279 2259 400 2303 licam
414 2261 658 2304 confirmata
675 2258 784 2300 fuisse
805 2260 1099 2308 ‚nihilominus
1115 2260 1154 2299 in
1173 2259 1272 2307 illis,

280 2331 366 2374 quae
381 2319 550 2373 primam
570 2316 771 2370 Regulam
785 2315 933 2358 Sancta:
944 2315 1074 2357 Clara:
1097 2328 1273 2358 concer-

282 2384 385 2418 nunt
401 2403 416 2427 ,
442 2389 593 2431 magno
602 2373 856 2417 conscientiae
870 2372 1055 2429 scrupulo
1066 2384 1272 2416 vexantur

283 2441 453 2490 propter
491 2435 622 2476 varias
652 2430 907 2488 diversasque
944 2431 1243 2475 declarationes
1257 2459 1272 2483 2

283 2506 368 2547 quae
387 2491 503 2548 super
527 2493 597 2535 illa
617 2494 640 2536 a
660 2491 856 2535 Romanis
875 2488 1136 2533 Pontificibus
1162 2493 1271 2534 Prae-

282 2551 554 2594 decessoribus
574 2550 714 2594 nostris
730 2549 995 2598 emanarunt,
1020 2564 1066 2591 ac
1100 2560 1270 2605 propter

279 2607 455 2654 diversas
468 2606 687 2666 'opiniones
701 2637 714 2659 ‚
736 2623 824 2665 quae
839 2623 890 2652 ex
905 2608 1020 2650 caula
1034 2618 1232 2651 tenentur
1248 2620 1264 2660 3

281 2667 388 2712 unde
403 2676 447 2712 ut
463 2670 607 2725 majori
620 2668 837 2710 securitate
855 2697 869 2719 ,
893 2669 933 2710 δι
947 2666 1107 2722 spiritus
1136 2667 1263 2709 liber-

225 2748 228 2751 *
278 2737 363 2770 tate
381 2729 421 2770 in
438 2742 575 2771 earum
602 2728 702 2770 statu
721 2724 906 2780 religioso
926 2740 1000 2780 per
1015 2727 1124 2768 viam
1136 2723 1264 2779 perfe-

278 2787 420 2829 &ionis
438 2815 454 2838 ,
482 2800 528 2827 ac
546 2800 638 2828 cum
667 2784 859 2826 securiori
881 2783 1135 2826 observantia
1150 2784 1264 2827 dictae

276 2844 414 2901 primae
428 2844 597 2898 Regulae
613 2844 763 2885 Sanctae
797 2841 954 2892 Clarae,
984 2843 1103 2897 quam
1130 2841 1264 2898 perfe-

278 2902 562 2945 (teobservare
585 2901 757 2959 cupiunt
774 2929 789 2952 ,
818 2899 1023 2943 ambulent
1040 2929 1054 2952 ,
1078 2901 1263 2943 eamdem

283 2962 486 3016 Regulam
502 2961 658 3004 servare
671 2987 686 3009 ‚
707 2962 748 3002 δι
762 2961 914 3014 semper
938 2957 1046 3016 sequi
1063 2959 1261 3003 decreve-

281 3029 376 3064 runt
393 3019 505 3077 juxta
522 3019 840 3062 declarationem
859 3018 1022 3074 Regulae
1038 3016 1260 3074 hujusmodi

281 3083 305 3124 a
320 3076 387 3121 fel.
402 3078 562 3122 record.
578 3079 760 3133 Eugenio
778 3079 892 3132 Papae
903 3080 978 3121 IV.
999 3076 1263 3121 Praedeceffo·

281 3153 328 3180 re
345 3137 479 3181 nostro
494 3135 638 3180 factam
654 3152 727 3192 per
740 3135 931 3194 quasdam
948 3135 1032 3179 suas
1048 3135 1115 3179 die
1129 3149 1168 3185 5.
1187 3139 1260 3179 Fe·

280 3197 430 3241 bruarii
453 3208 579 3251 1447.
602 3195 962 3250 expeditasliteras
978 3224 992 3248 ‚
1007 3209 1175 3252 quarum
1190 3194 1264 3238 ini-

282 3257 385 3299 tium
398 3256 454 3299 est
466 3284 479 3307 ,
508 3256 667 3298 Ordinis
681 3259 746 3299 tui
760 3256 846 3306 &c-
863 3269 934 3311 per
948 3268 1042 3310 quas
1056 3254 1160 3298 idem
1180 3257 1259 3296 Eu·

282 3314 422 3371 genius
439 3314 706 3358 Praedece'ssor
719 3313 1007 3358 determinavit
1033 3340 1048 3363 2
1074 3312 1259 3356 eamdem

283 3373 462 3427 regulam
478 3374 545 3415 sub
559 3383 727 3428 peccato
741 3374 905 3416 mortali
935 3371 1116 3427 obligare
1134 3371 1257 3417 solum

283 3430 414 3487 quoad
445 3433 623 3487 quinque
647 3436 789 3486 puncta
814 3461 830 3484 ,
866 3446 1007 3487 nempe
1032 3433 1109 3476 tria
1132 3441 1257 3473 vota-³

285 3489 526 3534 obedientiae
538 3519 553 3540 ,
585 3491 828 3546 paupertatis
842 3517 856 3539 ‚
880 3490 1123 3534 &castitatis
1137 3517 1151 3538 ‚
1168 3502 1258 3543 per·

283 3559 446 3606 petuam
459 3547 680 3591 clausuram
696 3576 710 3600 ,
731 3562 777 3590 ac
793 3549 1029 3594 eleffionem
1043 3574 1057 3598 2
1081 3551 1120 3591 δι
1132 3547 1259 3601 depo·

285 3607 467 3650 sitionem
482 3604 694 3648 Abbatiffae
710 3635 721 3646 .
747 3608 853 3649 Cum
879 3617 1040 3659 autem,
1065 3607 1163 3648 sicut
1187 3619 1258 3647 ea·

284 3667 377 3708 dem
392 3662 586 3719 expositio
601 3664 862 3720 subjungebat
875 3692 889 3714 ,
913 3666 1023 3707 dicia:
1037 3669 1254 3719 Exponen-

281 3724 349 3767 tes'
362 3724 573 3766 decretum
592 3750 606 3773 ,
627 3722 705 3766 sive
721 3724 1036 3766 declarationem
1053 3720 1254 3778 hujusmo-

283 3784 324 3826 di
350 3781 575 3840 specialiter
600 3795 673 3835 pro
691 3782 877 3837 praedieto
903 3795 1036 3824 earum
1059 3780 1254 3824 Monaste-

282 3843 343 3885 rio
357 3872 371 3895 ‚
395 3843 435 3885 in
449 3854 531 3898 quo
547 3841 648 3884 ratio
663 3843 750 3884 vitae
765 3841 878 3899 juxta
890 3872 893 3876 ,
905 3839 1048 3883 dietam
1081 3840 1249 3895 primam

1348 970 1563 1026 regulam,
1592 967 1788 1027 ipsiusque
1813 973 2047 1016 Monasterii
2063 972 2342 1017 Constitutio-

1348 1042 1418 1072 nes
1433 1028 1591 1083 semper
1609 1029 1763 1086 viguit,
1793 1032 1961 1076 &Nobis
1981 1029 2212 1075 confirmari
2242 1031 2338 1087 plu-

1348 1088 1495 1130 rimum
1516 1087 1746 1132 defiderent
1760 1102 1775 1142 3
1791 1091 1844 1133 ita
1870 1091 2051 1142 scilicet,
2065 1101 2109 1134 ut
2126 1090 2339 1141 clausulae,

1347 1161 1434 1203 quae
1455 1146 1640 1202 repetitae
1653 1159 1860 1203 ponuntur
1884 1151 1924 1193 in
1953 1149 2096 1192 eadem
2122 1151 2250 1205 prima
2272 1162 2341 1191 re·

1347 1207 1467 1261 gula,
1493 1205 1604 1262 quod
1623 1208 1830 1251 Moniales
1859 1209 2095 1265 obligentur
2123 1209 2173 1251 ad
2199 1209 2344 1252 obser·

1347 1266 1699 1309 vationemtotius
1728 1268 1859 1310 Sanni
1881 1268 2092 1323 Evangelii
2110 1265 2178 1310 sub
2202 1267 2271 1318 vi,
2300 1267 2341 1308 &

1345 1324 1486 1381 rigore
1501 1326 1691 1381 praecepti
1704 1353 1719 1377 ,
1743 1340 1790 1368 ac
1804 1341 1899 1370 cum
1915 1340 2036 1382 poena
2050 1325 2176 1380 culpae
2189 1324 2342 1378 gravis,

1344 1385 1385 1426 δι
1407 1384 1565 1439 peccati
1591 1384 1775 1427 mortalis
1792 1415 1808 1436 ,
1842 1387 1944 1443 ipsas
1969 1385 2231 1440 Exponentes
2257 1396 2341 1424 non

1345 1443 1532 1499 obligent
1554 1444 1603 1487 ad
1628 1443 1820 1487 servanda
1847 1445 1918 1487 sub
1953 1444 2028 1486 hac
2057 1456 2180 1499 poena
2215 1441 2342 1496 culpae

1343 1504 1479 1558 gravis
1505 1530 1519 1553 ,
1545 1504 1584 1544 δι
1615 1505 1776 1560 peccati
1802 1502 1985 1547 mortalis
2006 1516 2081 1554 ea,
2113 1514 2200 1558 quae
2225 1514 2338 1543 non-³

1344 1571 1547 1618 tamquam
1562 1570 1762 1618 praecepta
1774 1562 1813 1604 in
1828 1561 1975 1605 eodem
1991 1563 2135 1604 Sanno
2149 1562 2342 1614 Evange-

1343 1619 1400 1663 lio
1415 1619 1562 1677 scripta
1580 1619 1669 1665 sunt
1685 1650 1700 1673 ,
1724 1635 1800 1664 nec
1822 1621 1973 1663 eaedem
2003 1623 2265 1675 Exponentes
2278 1618 2339 1658 vi·

1340 1693 1442 1735 gore
1463 1694 1605 1724 earum
1623 1681 1819 1738 Regulae,
1844 1679 2241 1723 &constitutionum
2264 1676 2340 1718 illa'

1340 1739 1556 1791 strictiori,
1579 1742 1701 1795 quam
1723 1754 1798 1794 per
1828 1742 2015 1783 Sanctum
2032 1735 2335 1792 Evangelium..

1340 1797 1530 1851 imposita
1546 1825 1559 1848 ‚
1584 1798 1835 1852 obligatione
1849 1797 2007 1838 servare
2020 1805 2252 1845 teneantur,
2268 1792 2336 1835 sed

1341 1864 1540 1910 praecepta
1557 1855 1720 1912 quidem
1738 1855 1984 1910 Evangelica
2005 1853 2079 1896 sint
2105 1854 2164 1896 eis
2184 1866 2337 1909 praece-

1340 1923 1407 1967 pta
1424 1943 1438 1964 ,
1462 1913 1808 1969 quemadmodum
1823 1914 1980 1958 caeteris
2000 1914 2187 1955 omnibus
2215 1911 2340 1954 Chri-

1338 1970 1575 2015 stifidelibus
1599 2000 1614 2023 a
1649 1972 1813 2016 confilia
1841 1975 1942 2016 vero
1978 1972 2224 2028 Evangelica
2259 1971 2336 2011 sint

1339 2033 1489 2086 pariter
1505 2032 1592 2086 ipsis
1609 2032 1913 2087 Exponentibus
1928 2030 2095 2073 confilia
2116 2029 2330 2077 tantum-a,

1337 2092 1522 2142 exceptis
1533 2100 1668 2132 tamen
1683 2091 1857 2146 quinque
1873 2091 2027 2144 punCtis
2039 2088 2155 2144 supra
2169 2085 2330 2143 expres-

1335 2146 1410 2195 s1s3
1435 2155 1558 2198 atque
1575 2148 1629 2186 ita
1646 2175 1662 2194 ,
1687 2148 1788 2187 licet
1804 2149 1918 2189 dic'tae
1929 2151 2192 2202 Exponentes
2212 2146 2331 2200 vigo-

1336 2217 1379 2245 re
1393 2217 1532 2245 earum
1550 2203 1717 2257 Regulae
1727 2203 2028 2246 observantiam
2044 2206 2175 2247 Sancti
2194 2206 2330 2245 Evan-

1336 2262 1434 2314 gelji
1452 2260 1726 2315 profiteantur
1740 2290 1754 2313 ,
1780 2277 1862 2304 non
1878 2273 2013 2305 tamen
2028 2261 2224 2320 majorem
2239 2261 2330 2303 cul-

1335 2331 1426 2370 pam
1442 2342 1456 2365 ,
1483 2320 1603 2371 quam
1617 2321 1757 2359 caeteri
1772 2320 2067 2362 Christifideles
2089 2322 2327 2369 incurrant,

1334 2375 1402 2415 nili
1419 2374 1552 2429 quoad
1581 2375 1760 2429 quinque
1780 2378 1922 2430 puncta
1945 2378 2196 2430 supradicta,
2229 2388 2326 2420 vota

1334 2430 1487 2474 scilicet
1513 2431 1781 2484 obedientiae‚
1809 2434 2059 2488 paupertatis
2073 2460 2086 2482 ‚
2113 2435 2151 2473 &
2169 2433 2328 2477 castita.

1332 2492 1385 2533 tis
1405 2517 1420 2539 a
1447 2488 1673 2533 clausuram
1688 2502 1950 2546 perpetuam,
1977 2504 2023 2531 ac
2048 2490 2291 2544 electionem
2309 2520 2324 2542 ,

1330 2551 1367 2591 &
1383 2547 1676 2604 depositionem
1691 2546 1903 2592 Abbatiffae
1915 2578 1931 2599 ,
1955 2547 2021 2589 seu
2033 2549 2318 2603 Superioriffae‚

1329 2608 1516 2664 idemque
1533 2606 1785 2664 intelligatur
1811 2608 1864 2651 de
1879 2620 2016 2649 earum
2044 2608 2317 2652 Constitutio-

1328 2666 1474 2717 nibus,
1502 2680 1586 2720 quae
1613 2667 1725 2724 juxta
1753 2681 1839 2710 eam
1860 2667 1951 2709 vitae
1977 2666 2179 2708 rationem
2200 2667 2316 2708 ordi-

1326 2737 1428 2768 natae
1443 2723 1608 2768 fuerunt
1625 2755 1638 2768 .

1438 2787 1629 2840 Cumque
1643 2784 1756 2828 dictae
1766 2786 2027 2840 Exponentes
2039 2810 2053 2831 a
2071 2785 2228 2825 tametfi
2243 2781 2311 2825 sub

1322 2841 1595 2901 jurisdictione
1625 2870 1639 2893 ³
1665 2846 1704 2886 ὅ(
1730 2843 1931 2899 gubernio
1963 2842 2168 2885 Ordinarii
2190 2841 2312 2885 dietae

1323 2902 1516 2945 Civitatis
1547 2902 1685 2944 vivant
1715 2928 1730 2950 a
1756 2903 1922 2956 cupiant
1953 2901 2212 2943 nihilominus
2241 2901 2311 2942 In-

1322 2960 1540 3016 dulgentiis
1554 2989 1568 3012 ‚
1594 2960 1787 3010 indultis,
1802 2963 1840 3003 &
1857 2959 2096 3017 privilegiis,
2110 2973 2196 3015 quae
2212 2962 2304 3001 Mo-

1323 3020 1498 3062 nasteriis
1524 3020 1760 3061 Monialium
1785 3019 1932 3059 Sannae
1945 3016 2102 3070 Clarae,
2129 3017 2307 3060 &Ordi-

1324 3079 1364 3119 ni
1397 3083 1438 3120 S.
1468 3077 1666 3120 Francisci
1692 3074 1871 3119 concessa
1900 3075 2060 3117 fuerunt
2088 3104 2102 3126 ,
2131 3074 2238 3125 frui,
2264 3077 2304 3116 δε

1322 3137 1504 3192 gaudere
1532 3135 1640 3191 posse
1663 3135 1825 3178 :Nobis
1853 3143 2066 3190 propterea
2094 3134 2301 3177 humiliter

1320 3196 1531 3252 supplicari
1545 3193 1794 3242 fecerunt2ut
1807 3193 1874 3234 fibi
1884 3194 1924 3234 in
1940 3191 2137 3247 praemiffis
2148 3206 2299 3248 oppor-

1321 3254 1416 3296 tune
1433 3253 1651 3309 providere
1665 3280 1680 3303 ‚
1704 3253 1740 3291 &
1753 3279 1770 3302 ,
1799 3261 1844 3292 ut
1860 3249 1962 3292 infra
1978 3277 1992 3301 2
2018 3250 2230 3306 indulgere
2244 3251 2296 3295 de

1320 3312 1568 3367 benignitate
1585 3309 1814 3366 Apostolica
1829 3308 2087 3365 dignaremur
2099 3340 2110 3351 .
2126 3313 2211 3353 Nos
2227 3311 2298 3365 igi-

1319 3381 1385 3414 tur
1407 3370 1505 3424 ipsas
1523 3372 1776 3426 Exponentes
1809 3367 2036 3423 specialibus
2050 3371 2127 3411 &c.
2157 3369 2295 3412 volen-

1321 3442 1405 3481 tes,
1435 3431 1620 3471 &earum
1646 3426 1856 3481 singulares
1882 3427 2068 3482 personas
2092 3428 2293 3482 aquibus-

1319 3490 1377 3532 vis
1391 3491 1466 3530 &c.
1481 3485 1927 3542 censentes,hujusmodi
1941 3484 2290 3541 supplicationibus

1317 3546 1525 3595 inclinati,
1542 3545 1594 3587 de
1614 3543 1916 3587 Venerabilium
1936 3547 2118 3586 Fratrum
2134 3542 2292 3585 nostro-

1316 3620 1402 3648 rum
1419 3608 1459 3647 S.
1476 3607 1527 3647 R.
1545 3606 1591 3645 E·
1607 3601 1881 3646 Cardinalium
1906 3604 2077 3656 negotiis
2091 3630 2104 3653 ‚
2122 3603 2162 3643 δι
2187 3613 2287 3643 con-

1314 3663 1590 3705 saltationibus
1621 3657 1905 3717 Episcoporum
1927 3688 1941 3710 a
1965 3663 2004 3701 &
2020 3659 2285 3714 Regularium

1312 3723 1607 3778 praepositorum
1628 3746 1642 3768 ,
1667 3721 1733 3774 qui
1759 3719 1998 3762 relationem
2027 3718 2282 3761 Venerabilis

1314 3781 1464 3822 Fratris
1478 3777 1777 3833 Archicpiscopi
1796 3777 1998 3818 Valentini
2026 3777 2282 3828 audiverunt,

1313 3853 1473 3895 remque
1488 3837 1707 3893 diligenter
1734 3834 2029 3879 confidcrfirunt
2043 3861 2057 3885 2
2084 3835 2249 3879 consilio
2266 3866 2280 3888 ‚

2100 3904 2228 3936 atten-
