2612 4100
440 241 561 374 94

1130 206 1694 299 Provincia

1156 355 1214 474 J.
1323 357 1452 442 M.
1569 359 1648 445 F.

852 549 892 613 S
941 546 1053 612 IS
1098 546 1159 614 T
1205 548 1259 615 E
1351 552 1598 620 VIA
1645 554 1704 620 T
1749 551 1811 614 Ο
1856 554 1914 619 R

639 697 724 795 Et
773 727 935 834 quod
965 727 1181 816 inscius
1215 725 1445 801 calcas,
1489 744 1774 795 reverere
1814 720 1892 791 ὅθ
1929 725 2114 793 time.

644 821 765 888 Suo
803 823 1013 913 quippe
1031 819 1305 909 sepultus
1341 817 1649 922 triumpho

645 912 759 982 Illa
773 913 890 1003 fieb
926 912 1139 982 tumba
1177 910 1468 1005 quieleit,
1513 912 1623 1001 qui
1662 931 1981 1005 nunquam

1047 1006 1270 1081 uievit,

640 1098 714 1167 R.
752 1098 822 1166 Ρ.
861 1026 1115 1191 Diouqys
1110 1119 1178 1160 us
1215 1095 1537 1183 Virzertf
1474 1119 1502 1161 3
1577 1095 1981 1163 Concionutor

1002 1187 1381 1280 CapucinuS,

644 1282 920 1370 Ecclesia·
964 1282 1498 1371 propugnaculum
1516 1329 1533 1359 ,
1572 1282 1996 1351 haereticorum
2016 1275 2266 1363 fulmen
2299 1338 2317 1363 ,

685 1374 888 1445 Donec
922 1381 1218 1449 excitetur
1249 1375 1396 1442 tuba
1435 1373 1557 1444 Dei
1570 1375 1872 1460 sonante.

641 1467 818 1538 Hunc
858 1469 1135 1538 Sarbena
1152 1467 1482 1555 formavit
1533 1464 1924 1551 Theologum,

686 1561 932 1648 Religio
977 1560 1315 1648 Seraphim
1353 1558 1623 1629 reddidit
1664 1557 2081 1644 Seraphinum
2101 1604 2117 1633 ,

640 1651 728 1722 Et
764 1657 825 1721 S.
861 1653 1045 1723 Sedes
1089 1653 1195 1721 M
1176 1650 1260 1741 ff
1234 1674 1543 1722 onarzum
1578 1649 1977 1742 Apostolicum

1005 1747 1346 1832 delegavit.
1535 1779 1543 1793 ·

645 1834 815 1903 Vixit
853 1849 921 1901 ut
958 1836 1122 1902 alter
1126 1837 1173 1916 J
1178 1856 1409 1901 oannes
1432 1833 1752 1922 Baptista,
1775 1854 1899 1900 non
1935 1830 2315 1936 manducans

1002 1948 1192 2017 neque
1229 1926 1472 2005 bibens,

683 2020 844 2083 Solis
888 2016 1292 2117 leguminibus
1331 2018 1641 2081 contentus

682 2105 809 2175 Per
838 2107 1114 2195 triginta
1155 2120 1284 2172 tres
1317 2125 1547 2170 annos.

640 2196 1047 2305 Conversatus
1095 2197 1174 2285 ‹st
1210 2214 1279 2264 ut
1313 2198 1476 2264 alter
1515 2197 1776 2274 Paulus,
1825 2159 2100 2266 omnibus

821 2295 1033 2361 omnia
1055 2286 1302 2380 sabim,

685 2386 769 2454 Ut
811 2405 1016 2449 omnes
1061 2382 1296 2487 Christo
1331 2380 1756 2472 lucrifaceret

639 2474 1023 2570 Qotidiez
954 2476 1028 2561 s
1025 2475 1085 2539 bt
1126 2477 1426 2554 moriem,
1472 2490 1539 2540 ut
1576 2474 1737 2541 alter
1775 2474 1839 2540 F
1830 2477 2169 2565 rancil'cus

799 2569 924 2657 solt
941 2569 1057 2654 fito
1091 2570 1251 2635 vixit
1291 2567 1569 2637 Ordini.

641 2661 850 2751 Quem
885 2660 988 2729 ille
1023 2683 1211 2740 unum
1226 2661 1358 2746 sbi
1401 2660 1903 2730 Concionatorem
1916 2659 2117 2745 fi’cit,

731 2752 1116 2840 Magistrum
1153 2753 1581 2833 Novitiorum,
1631 2753 2104 2829 Guardianum‚

1007 2844 1327 2917 Ledorem

647 2936 799 3007 Tum
837 2939 906 3005 in
935 2937 1315 3030 philosophici
1348 2954 1480 3005 tum
1518 2942 1587 3004 in
1619 2936 1973 3026 Theologia.

732 3032 1026 3121 Quattuor
1059 3033 1258 3099 millia
1295 3029 1374 3102 δέ)
1410 3031 1672 3124 amplius
1709 3035 2026 3108 virorum,

1003 3147 1076 3193 ac
1112 3123 1494 3201 Mulierum,

647 3212 820 3303 Quos
872 3216 1252 3285 Calvinianu
1298 3217 1535 3301 Hoeres'
1524 3239 1552 3282 3
1592 3223 1903 3305 eripuerat
1942 3214 2170 3301 Christo
2191 3263 2209 3291 ,

732 3307 1038 3394 Ecclesiae,
1081 3313 1205 3397 ejus
1250 3309 1517 3397 Sponsae,
1559 3311 1822 3396 nstituit
1843 3357 1857 3374 .

649 3401 747 3466 Ac
780 3401 1034 3468 tandem
1069 3403 1379 3490 Definitor
1412 3404 1596 3468 tertio
1630 3400 1842 3469 elequs
1865 3449 1881 3479 ‚

642 3493 729 3563 Et
771 3494 1155 3562 Bellimontis
1188 3518 1322 3559 cum
1360 3494 1668 3563 duodecim
1706 3497 1852 3561 aliis
1887 3491 2213 3579 Cupucinis

639 3584 986 3672 Miffionem
1025 3609 1303 3656 exercens
1336 3607 1451 3674 per
1484 3588 1914 3676 quadraginta
1950 3586 2108 3661 dies,

681 3696 894 3772 raptus
935 3682 1013 3768 ⁶st
1047 3686 1116 3746 in
1155 3678 1376 3750 Caelum
1413 3698 1676 3767 tempore
1723 3681 2036 3748 Autumni

996 3796 1163 3847 anno
1216 3802 1238 3845 1
1254 3787 1329 3863 65
1350 3784 1400 3843 8.
2383 3798 2389 3806 ·
