2592 4094
1002 224 1100 314 Η
1112 222 1326 313 ihm
1347 220 1446 312 ni
1466 240 1559 317 a„
2053 248 2229 339 277

268 366 380 415 vite.
400 381 484 432 pro
513 364 700 417 Christo
723 362 1020 417 sacrificant-12
1047 370 1256 418 voluntas
1286 402 1300 415 .
1341 367 1498 416 Rediit
1535 364 1573 414 ὲ.
1602 362 1754 416 cama
1776 363 1821 416 in
1848 366 2071 432 Angliam
2096 403 2113 425 ,
2134 387 2188 420 ut
2214 372 2289 422 ba.

267 433 439 504 ptismo
466 470 484 494 ,
519 452 611 505 quo
636 435 952 487 coarctabatur
983 473 1000 495 ,
1036 437 1344 505 baptizaretur
1376 457 1388 484 =
1429 435 1653 507 sanguinis
1690 437 1806 486 hunc
1836 433 1918 485 effe
1953 438 2098 503 Angli
2128 442 2285 488 nolue-

266 518 406 573 runt,
432 522 487 556 ne
517 507 613 556 cito
641 508 838 574 periret,
905 508 950 556 ui
979 524 1057 574 per
1084 508 1243 572 plures‘
1263 522 1404 554 annos
1434 523 1593 555 eorum
1629 506 1793 556 sestam
1825 503 2124 574 impugnasset
2151 523 2168 558 ε
2201 507 2282 556 vAd

265 573 442 628 Insulas
474 574 700 629 Barbados
732 593 837 627 eum
905 577 975 628 uci
1004 574 1250 635 iusserunt,
1289 590 1370 633 ut,
1407 574 1501 645 quo
1522 578 1686 626 lentior
1712 614 1728 637 ,
1764 576 1819 627 eo
1847 576 2004 627 durior
2033 573 2139 626 esset
2163 576 2282 624 illius

264 646 520 696 interitus..
542 641 769 697 Confudit
794 649 921 696 Deus
947 644 1184 695 confilium
1219 646 1495 713 impietatis,
1530 646 1641 695 dum
1675 650 1902 698 Fiacrium
1937 648 2043 696 navi
2070 650 2165 710 jam
2196 647 2284 694 im-

262 713 462 784 positum
489 718 534 765 in
563 713 883 771 Walfiardienfi
911 716 1049 766 maris
1074 730 1215 785 portu
1241 718 1298 764 ad
1328 714 1371 765 se
1393 718 1441 768 δε
1466 716 1673 767 bravium
1701 720 1860 789 gloria:
1877 726 1929 767 6.
1947 719 2109 768 Martii
2131 724 2279 779 1656.

261 799 480 906 Vocavllgtr:
509 857 723 907 Patritius
749 855 919 922 Grady
942 859 959 913 ,’
987 854 1366 904 Μοωοηίεὴῖἱεὲ
1389 855 1617 924 Corcagia
1647 891 1663 913 ,
1692 854 1803 906 dum
1843 856 1923 907 sub
1955 856 2097 926 specie
2126 855 2282 907 dandae

261 923 562 993 eleemosynae
593 939 844 975 carceratos
875 923 1056 984 invisit,
1092 925 1299 991 plurimis
1326 924 1460 974 fidem
1479 961 1494 982 ,
1514 925 1561 974 &
1588 926 1686 974 aliis
1717 925 2037 994 persecutionis
2065 927 2281 977 solatium

255 994 416 1061 dedit:
452 993 687 1061 aliquoties
716 995 794 1045 vix
827 1010 917 1043 non
950 993 1207 1061 importune
1231 993 1458 1044 accessum
1493 997 1672 1044 curavit
1704 1031 1721 1054 ,
1756 995 1859 1045 inde
1890 996 1938 1047 8(
1966 995 2140 1047 fastum
2171 1032 2188 1055 ,
2226 1010 2279 1047 ut

255 1062 517 1116 verberibus
549 1076 805 1121 arceretur,
842 1062 890 1114 δι
920 1061 1058 1112 semel
1082 1065 1137 1112 de
1165 1063 1342 1113 summo
1375 1063 1498 1113 scalae
1528 1064 1675 1133 gradu
1709 1083 1799 1115 uno
1837 1068 2011 1134 impetu
2043 1067 2100 1116 ad
2130 1069 2277 1117 imum

252 1131 522 1197 dejiceretur
540 1169 554 1182 .
591 1131 957 1201 comprehensus
994 1151 1072 1202 per
1095 1136 1327 1203 integrum
1355 1147 1523 1184 annum
1560 1135 1824 1186 tenebricosi
1843 1140 2035 1188 carceris
2059 1135 2277 1188 foetorem

254 1201 461 1264 sustulit,
486 1203 535 1255 ὅτ.
559 1205 603 1254 iu
625 1205 809 1255 exilium
840 1201 990 1255 miffus
1013 1221 1129 1253 anno
1165 1214 1310 1265 1690.
1342 1206 1386 1253 in
1416 1205 1773 1274 Belgioquievit
1804 1206 1896 1258 &cu

258 1321 262 1324 .
386 1277 443 1325 In
468 1275 666 1327 cavernis
682 1272 727 1327 ἃ
743 1270 1148 1341 scissuris-'rupium
1175 1274 1360 1327 delituit
1381 1275 1461 1325 diu
1482 1279 1563 1332 Fr.
1575 1269 1827 1343 'Abest-lmus
1843 1278 1942 1326 Ball
1961 1312 1977 1334 ,
1990 1273 2275 1346 Lagenienfis

250 1360 307 1396 ex
329 1344 552 1412 Fingallia
570 1380 587 1402 ,
624 1358 673 1397 ut
704 1359 883 1412 caperet
909 1344 1208 1395 abundantius
1241 1363 1318 1395 cos
1336 1381 1352 1403 ,
1389 1348 1465 1413 qui
1495 1346 1521 1394 a
1540 1342 1707 1396 salutis
1739 1343 1894 1399 semita
1919 1344 2273 1396 declinaverant.

249 1415 389 1463 Sacro
411 1415 524 1464 dolo
547 1415 705 1467 nocuit
731 1416 860 1481 eopia
889 1413 1062 1465 fructus
1076 1451 1091 1474 ,
1115 1419 1193 1483 qui
1215 1418 1469 1466 latitantem
1489 1415 1716 1484 prodidit:
1737 1413 1894 1483 septies
1927 1427 2086 1481 captus
2107 1450 2123 1474 ,
2139 1412 2189 1464 ὅε
2206 1426 2276 1462 to-

245 1481 387 1533 tidem
407 1485 452 1532 in
469 1502 695 1534 carcerem
714 1483 885 1543 missus,
904 1488 1139 1536 meliorem
1160 1502 1336 1554 partem
1351 1486 1431 1537 fibi
1451 1498 1725 1555 praereptam-
1749 1483 2015 1553 effe⁴‘saepius
2032 1484 2272 1555 ingemuit.

386 1555 655 1605 Feliciorem
689 1552 731 1605 se
757 1555 874 1603 vidit
902 1560 976 1604 Fr.
998 1555 1350 1624 Christophorus
1372 1555 1623 1607 Plunket'te‘
1645 1559 1670 1606 a
1692 1554 1997 1624 Donsaghly',
2029 1554 2271 1625 Lagenien·

246 1620 300 1673 fis
317 1657 332 1679 ,
367 1640 426 1672 ex
459 1624 600 1674 nobili
627 1622 758 1692 stirpe
793 1639 951 1684 ortus,
987 1625 1099 1675 dum
1131 1628 1247 1677 inter
1275 1644 1472 1678 remotas
1503 1627 1725 1678 Barbariae
1746 1625 1920 1676 Insulas
1937 1660 1953 1684 ,
1971 1624 2027 1674 ad
2045 1643 2153 1692 quas
2174 1630 2273 1673 An-

242 1695 388 1764 glicus
415 1691 544 1747 furor
570 1712 678 1746 eum
708 1695 963 1766 relegavit,
989 1697 1154 1749 durum
1186 1701 1476 1763 Martyrium
1507 1715 1627 1747 anno
1670 1707 1817 1758 1697.
1851 1696 2081 1763 complere
2110 1695 2149 1743 ei
2180 1690 2269 1744 fuit

242 1766 430 1816 datum.
515 1813 525 1817 ,
1353 1812 1356 1815 .
1787 1805 1789 1809 ,
1990 1809 1992 1812 .

379 1836 465 1883 Per
494 1833 691 1903 integros
720 1852 800 1894 30.
818 1850 958 1881 annos
988 1838 1061 1882 Fr.
1078 1836 1223 1882 Lucas
1256 1837 1407 1898 Parry
1441 1869 1457 1891 ,
1494 1835 1538 1881 in
1570 1836 1728 1883 Vineae
1762 1833 2017 1882 Dominicae
2050 1834 2270 1882 cultura...

239 1901 423 1953 sudavit
440 1938 457 1961 ,
482 1903 756 1971 collegitque
783 1903 955 1969 amplos
984 1902 1111 1952 liberi
1135 1904 1219 1958 zeli
1235 1901 1409 1956 fruzstus
1427 1939 1439 1952 .
1481 1906 1662 1972 Ligavit
1691 1903 1871 1953 tandem
1910 1900 1959 1952 ὅ(
1989 1903 2119 1952 illum
2145 1905 2270 1952 Puri-

240 1985 454 2022 tanorum
479 1989 639 2021 rancor
666 2007 682 2029 ,
708 1971 757 2022 ὅ(
792 1971 978 2020 diutinis
1002 1976 1192 2021 carceris
1214 1971 1425 2023 aerumnis
1458 1977 1646 2023 vexavit
1678 1993 1690 2022 :
1729 1975 1890 2023 mortis
1927 1969 2144 2022 sententia
2180 1975 2267 2021 ἰὼ

238 2045 427 2093 exilium
454 2039 736 2091 commutata
767 2073 785 2096 ,
817 2041 1105 2089 Baralbulam
1143 2042 1280 2090 rediit
1307 2078 1325 2100 ‚
1353 2042 1402 2092 &
1434 2044 1494 2091 ibi
1532 2053 1680 2103 1706.
1709 2046 1864 2092 vivere
1892 2041 2023 2092 defiit
2057 2078 2074 2103 ,
2107 2041 2265 2093 relicui

234 2110 534 2162 sanstimoniae
559 2108 768 2174 opinione
784 2140 796 2154 .

366 2179 651 2246 Fr.J0annes
681 2173 875 2245 Baptista
902 2173 1130 2230 DoWdall
1147 2210 1161 2232 ,
1178 2175 1462 2228 Ultoniensis
1482 2212 1497 2234 ,
1517 2192 1674 2245 captus
1695 2176 1750 2227 ab
1766 2177 1985 2227 haereticis
2010 2176 2170 2246 saepius
2183 2213 2200 2236 ‚
2214 2180 2261 2229 in

231 2246 504 2300 Londinenfi
540 2246 723 2297 tandem
765 2261 943 2296 carcere
972 2245 1070 2311 post
1103 2245 1279 2296 labores
1313 2247 1602 2314 Apostolicos
1632 2283 1648 2304 ,
1685 2266 1736 2296 ac
1770 2245 1904 2297 famis
1935 2284 1953 2308 ,
1989 2247 2037 2299 δι·
2074 2246 2260 2317 frigoris

240 2317 463 2388 angustias
495 2318 700 2383 quievit,
734 2314 783 2366 δι
821 2313 877 2363 ab
922 2315 1052 2377 hujus
1087 2314 1205 2363 tetra
1244 2315 1405 2365 umbra
1432 2351 1449 2374 ‚
1486 2315 1537 2365 ut
1571 2315 1644 2383 pie
1675 2317 1902 2367 credimus
1925 2352 1943 2377 ‚
1968 2319 2120 2369 lucem
2148 2318 2262 2370 adiit

243 2387 581 2439 immortalem.

274 2514 276 2517 f
371 2458 522 2513 Unito
550 2453 773 2525 praeconio
801 2470 968 2503 novem
994 2450 1228 2504 Hiberniae
1259 2450 1472 2503 Praesules
1501 2454 1666 2520 pietate
1691 2449 1739 2502 &
1769 2449 2010 2517 prudentia
2038 2467 2255 2506 ornatum

224 2529 399 2582 Zelum
427 2531 501 2577 Fr.
526 2527 646 2579 Petri
679 2522 977 2578 Dublinienfis
1010 2539 1068 2570 ex
1102 2521 1488 2590 Machalpenfium
1523 2520 1737 2578 Familia,
1773 2537 1871 2586 quae
1887 2520 1948 2570 ob
1979 2520 2256 2575 constantem

227 2600 272 2648 in
307 2595 554 2651 Ecclesiam
570 2630 587 2653 ,
622 2599 796 2664 Regem
819 2630 834 2652 ,
870 2593 918 2645 &
950 2595 1146 2643 Patriam
1175 2591 1310 2642 fidem
1333 2591 1560 2642 bonorum
1587 2590 1769 2641 suorum
1795 2587 1910 2657 passa
1935 2589 1998 2640 est
2010 2591 2256 2654 jasturam,

225 2668 408 2719 oriundi
436 2665 850 2722 commendarunt,
888 2668 950 2714 ita
986 2676 1036 2711 ut
1063 2679 1220 2712 rumor
1248 2665 1365 2713 illius
1401 2661 1457 2712 ad
1497 2664 1688 2713 Mittam
1719 2661 2021 2729 promotionis
2058 2660 2138 2710 diu
2170 2679 2252 2729 pet

224 2743 462 2789 Romanos
494 2748 683 2803 vagatus
714 2732 850 2783 fuerit
876 2736 1075 2783 Riones.
1117 2736 1304 2783 Reticeo
1336 2733 1446 2782 alios
1478 2731 1580 2782 fidei
1602 2734 1795 2794 ,Heroas
1830 2765 1846 2789 ,
1882 2732 1958 2797 qui
1983 2730 2253 2791 dileffione,

226 2825 325 2875 quat
354 2807 484 2857 fortis
517 2820 569 2856 ut
598 2821 753 2862 mors,
790 2803 952 2856 armati
970 2840 986 2862 ‚
1020 2801 1284 2869 spreverunt
1313 2817 1436 2852 certa
1460 2804 1652 2854 haeretici
1676 2801 1771 2852 odii
1804 2802 2039 2869 pericula,
2059 2799 2108 2852 ἃ
2126 2819 2253 2852 com·

227 2876 406 2928 missam
434 2875 705 2925 Miffionarii
730 2870 870 2922 officii
902 2869 1094 2939 spartam
1126 2875 1368 2941 multiplici
1399 2871 1553 2924 frustu
1586 2875 1913 2945 expleverunt.
1953 2873 2127 2924 Tenuit
2155 2872 2251 2922 lon·

225 2946 330 3017 gius
363 2945 629 3014 Apostolica
647 2944 737 2992 haec
770 2942 928 2992 Miffio
946 2940 1173 2995 Custodiae
1205 2947 1390 2994 titulum
1406 2978 1422 3002 ,
1438 2963 1545 2994 cum
1568 2948 1744 2993 Fratres
1762 2944 1914 2991 exules
1938 2940 2111 2991 nonnifi
2129 2941 2247 2991 duos

221 3030 498 3085 occuparent
519 3017 564 3065 in
597 3015 752 3064 Gallia
768 3018 1037 3065 Conventus
1056 3034 1068 3062 :
1090 3033 1197 3066 cum
1233 3033 1385 3076 autem
1411 3017 1536 3067 varia
1554 3033 1652 3065 eam
1681 3016 1726 3062 in
1745 3012 2037 3065 Provinciam
2070 3013 2243 3062 elevari

219 3085 428 3147 suaderet
461 3088 580 3137 ratio
612 3119 628 3143 ,
673 3086 970 3155 praerogativa
1007 3085 1099 3135 haec
1135 3088 1175 3136 ei
1217 3086 1276 3136 ad
1307 3077 1537 3138 instantias
1581 3085 1722 3155 Regis
1771 3080 2132 3138 Chriffianiffimi
2168 3100 2242 3132 an·

221 3155 283 3207 no
303 3175 400 3222 ‚173
409 3175 455 3221 3.
489 3154 579 3207 fuit
613 3151 816 3219 adjesta.
853 3158 1086 3206 Numerat

629 3318 682 3369 1n
704 3320 908 3374 Hibernia
940 3322 1180 3394 Conventus
1230 3378 1232 3380 ¹
1571 3337 1683 3371 xxv.

629 3439 682 3491 In
708 3440 862 3520 Gallia*
1570 3457 1597 3499 Δι
1610 3457 1653 3518 15

1943 3870 2167 3918 DECRE-
