2612 4100
926 164 1400 284 Parifien
1451 170 1573 255 η’.
2101 207 2190 292 51

227 308 456 346 cancellarius
469 311 750 361 Franeisti‚quarti
764 314 863 361 Regii
879 315 999 353 Filii&
1020 319 1303 355 DucisAlenconii
1319 321 1536 357 &c.&Maria
1551 323 1592 357 de
1609 319 1635 358 la
1653 312 1790 366 Fayette
1804 321 1968 357 Batonifl‘a
1982 322 1998 357 a
2013 326 2125 359 ςαηὲἶο
2141 331 2258 371 Roma·

220 370 287 401 2⁰,
298 360 337 392 de
351 359 532 405 Mafflit’rs,
543 363 625 399 dela
636 362 847 406 malmaison
862 368 934 400 &c-
950 367 1179 408 exspectabant
1204 369 1448 407 iucunditatem
1464 370 1663 406 aDoinino.
1693 370 1900 405 Franciscum
1924 370 2000 403 dum
2025 372 2054 404 in
2083 372 2252 416 Baptismo

222 405 326 459 J'ater
338 409 498 444 nominari
515 409 647 453 voluit,
662 411 813 446 Patrinus
828 411 911 447 Dux
924 412 1071 446 altefatus
1092 426 1231 458 puerum
1254 414 1285 448 in
1312 415 1432 451 sortem
1448 419 1584 454 Domini
1608 421 1642 455 &
1662 417 1820 454 Francisci
1838 416 1992 451 selectum
2009 419 2072 451 esse
2097 420 2158 456 iam
2177 429 2251 454 tunc

222 453 334 489 intulit
349 456 405 496 3&
422 456 566 494 firmavit
577 472 676 496 omen
692 468 761 494 tum
776 470 890 499 amor,
905 471 972 505 quo
986 471 1068 502 puer
1082 472 1163 506 erga
1183 473 1234 496 res
1249 462 1350 498 sacras
1373 465 1407 500 &
1420 466 1601 509 spirituales
1618 467 1785 503 ferebatur
1799 490 1809 505 ,
1835 474 1903 500 tum
1918 464 2073 503 affefiuS,
2098 476 2167 509 quo
2182 468 2248 501 Re-

223 500 364 548 ligiosos
384 505 612 544 Mendicantes
623 507 755 548 coluit,
769 509 804 543 &
816 507 978 553 septennis
991 507 1098 542 adhuc
1112 519 1175 553 pro
1194 510 1231 543 iis
1244 509 1490 558 eleemosynam
1506 515 1652 561 quaesivit
1663 538 1674 550 .
1690 514 1844 559 Minerve
1857 513 1950 548 datus
1971 524 2030 548 eos
2045 511 2075 546 in
2099 511 2249 556 linguk,

222 547 323 587 latina
335 554 370 588 ὅτ
384 565 490 600 graeca
505 555 581 592 fecit
593 557 783 603 progressus
800 581 810 596 ‚
824 565 861 591 ut
875 557 1051 592 videretur
1064 557 1258 602 prodigium
1271 582 1280 590 -
1302 559 1465 603 Prospere
1482 564 1690 599 incedentem
1706 563 1820 597 afflixit
1838 561 2015 606 plurimum
2030 570 2120 595 mors
2135 561 2250 600 Patris,

224 599 262 634 δί
279 612 394 636 rerum
410 603 621 641 humanarum
635 604 795 639 fastidium
812 605 941 650 ingessit
955 617 963 637 z
978 604 1108 639 adauxit
1122 605 1193 639 dies
1206 605 1314 640 luctas
1330 609 1455 644 turbata
1467 623 1574 647 rerum
1588 612 1814 648 parisiensium
1827 610 1923 644 facies
1935 634 1946 650 ,
1967 621 2038 655 quae
2056 607 2156 643 Matri
2178 619 2249 642 cum

224 646 315 683 Filio
329 650 498 686 decennali
514 653 622 697 primo
636 653 676 687 ad
690 652 839 687 Feiidum
855 655 894 687 de
910 652 1079 700 Tremblay
1089 678 1100 694 ‚
1116 655 1150 689 &
1164 653 1372 698 postmodum
1387 657 1427 689 nd
1441 658 1593 693 Castrum
1607 662 1645 696 de
1659 666 1757 695 Menu
1782 658 1935 694 secedere
1949 657 2042 692 suasit
2057 680 2066 690 .
2083 659 2183 699 Aptas
2199 655 2250 689 in-

222 695 316 731 venit
328 697 440 734 studio
454 700 640 737 Franciscus
653 701 747 743 hujus
760 701 904 736 recessus
916 711 1044 740 moras,
1057 703 1091 737 &
1105 727 1114 741 ‚
1128 711 1163 736 ut
1179 703 1362 744 gratiorem
1379 703 1433 737 sibi
1453 704 1582 740 illarum
1600 709 1692 741 usum
1709 707 1868 742 redderet
1883 731 1893 746 ,
1917 705 2067 750 quaedam
2082 703 2248 740 Plutarchi

219 754 326 788 opera
338 747 494 788 traduxit,
507 750 542 784 δι
556 749 730 785 discursum
745 749 787 783 de
803 749 877 785 vitae
893 748 1081 784 Monasticae
1099 749 1255 786 felicitate
1270 750 1483 796 composuit.
1502 754 1677 798 Attingens
1690 759 1738 788 16.
1752 766 1855 790 annos
1872 780 1880 793 ,
1902 755 1936 790 &
1952 761 2091 789 vocatus
2104 751 2190 786 Baro
2204 752 2246 786 de

220 791 386 838 Maffliers
403 820 413 835 ,
437 795 528 831 omni
543 796 679 843 quidem
704 798 772 833 nisu
790 798 807 832 ὲ
823 797 964 832 vanitate
986 797 1096 832 mundi
1115 798 1283 842 segregari
1309 799 1456 844 quaesivit
1478 813 1488 841 ;
1508 812 1581 836 curn
1611 813 1716 837 tamen
1745 804 1824 837 esset
1851 800 2168 844 Primogenitus.&
2187 801 2248 835 ho-

222 843 301 875 nori
319 851 390 877 tum
405 843 555 886 Domus,
571 853 641 880 tum
656 845 775 882 Matris
786 844 958 880 consulere
971 844 1131 886 deberet,
1144 847 1268 881 diutius
1292 848 1325 881 se
1341 848 1428 882 inter
1445 848 1576 884 fallaces
1603 851 1715 886 mundi
1740 849 1877 893 laqueos
1898 850 2041 885 detineri
2060 848 2221 896 ingemuit
2235 860 2246 882 z

222 885 364 926 liberior
378 890 458 926 olim
473 915 485 932 ,
502 894 544 928 de
559 893 597 928 iis
608 894 641 928 se
653 893 836 935 extricare,
847 897 883 930 &
896 893 982 927 inter
994 893 1187 938 Capucinos
1202 894 1372 939 spiritualia
1386 895 1572 932 charismata
1586 908 1738 944 quaerere
1753 897 1857 931 statuit
1874 921 1884 931 .
1908 898 1955 932 Ita
1974 898 2050 933 dum
2072 896 2126 931 ille
2144 895 2247 940 cogi·

222 937 324 978 tavit,
343 937 455 974 Mater
467 942 693 983 pubescentem
707 941 850 978 inter-Sc
865 941 1047 977 Personam
1066 942 1212 977 nobilem
1228 942 1359 988 nuptias
1370 944 1526 980 concludi
1555 945 1732 982 laboravit.
1760 942 1824 978 Vix
1848 956 1912 979 non
1933 947 1966 980 &
1979 945 2130 980 confeEta
2149 944 2245 984 iam-2

220 994 292 1021 erat
310 993 420 1022 catena
435 1011 446 1027 ,
461 987 518 1022 nisi
535 999 650 1023 manus
662 989 800 1024 Domini
817 990 926 1025 nodos
940 989 1100 1026 solvisset.
1112 990 1303 1027 Periculum
1317 991 1397 1026 novi
1416 991 1556 1036 impetus
1570 1003 1605 1028 ut
1628 990 1813 1027 Franciscus
1835 993 1994 1033 evitaret,
2010 992 2181 1037 elongavit
2193 990 2246 1026 fu-

221 1032 316 1078 giens
329 1033 345 1067 a
359 1031 439 1071 loco
454 1035 596 1070 recessus
610 1049 621 1078 3
636 1038 766 1073 horruit
781 1038 1000 1079 aurem,dum
1015 1038 1158 1073 Matrem
1174 1051 1247 1074 cum
1263 1039 1388 1085 Sponsa
1399 1040 1554 1076 destinata
1583 1042 1774 1086 sequentem
1799 1039 1903 1074 vidit.
1924 1039 2093 1086 Confugit
2114 1040 2152 1074 ad
2173 1052 2248 1075 ora-

219 1081 345 1116 tionem
362 1106 372 1121 ,
390 1090 426 1116 ut
437 1083 542 1129 gratia
558 1084 622 1121 Dei
642 1096 703 1121 cor
715 1088 786 1128 ejus
797 1094 913 1122 contra
927 1087 1080 1122 Materna
1096 1087 1231 1123 consilia
1246 1089 1447 1124 firmaretur.
1463 1087 1512 1124 Illi
1531 1090 1611 1125 dum
1631 1088 1799 1127 incumbit,
1815 1087 1846 1121 se
1859 1088 1930 1122 duo
1948 1088 2108 1132 Religiosi
2125 1086 2247 1129 sistunt,

217 1127 341 1164 virtute
353 1130 388 1166 &
401 1132 575 1176 prudentia
588 1144 708 1176 graves
719 1159 729 1169 .
745 1135 866 1180 Aperit
883 1135 940 1171 uni
961 1146 1078 1171 eorum
1093 1137 1224 1171 technas
1237 1137 1356 1173 Matris
1373 1161 1382 1176 ‚
1401 1138 1436 1172 δέ
1450 1138 1584 1183 Sponsae
1596 1164 1607 1179 ,
1629 1135 1719 1173 fimul
1731 1139 1765 1172 &
1777 1144 1906 1180 captum
1918 1137 1936 1171 a
1955 1137 1986 1171 se
2001 1135 2180 1180 Regularis
2195 1136 2247 1172 In-

215 1175 318 1212 ssituti
332 1180 536 1224 propositum
557 1181 683 1218 :iaudat
697 1183 919 1220 hic-virtutem
934 1183 1092 1221 Francisci
1105 1208 1114 1222 ‚
1129 1185 1163 1220 &
1177 1208 1187 1224 ‚
1202 1194 1238 1220 ut
1253 1185 1284 1220 in
1300 1197 1340 1221 ea
1353 1193 1469 1220 contra
1485 1186 1600 1222 dolum
1612 1186 1760 1221 constans
1777 1191 1904 1221 maneat
1919 1207 1929 1223 ι
1950 1191 2081 1220 monet·

312 1226 397 1262 Belli
412 1229 503 1264 scena
517 1231 646 1266 tandem
662 1232 838 1268 terminata
851 1256 862 1272 ,
879 1232 1021 1268 Parisios
1036 1255 1046 1271 ‚
1059 1231 1113 1267 ubi
1128 1234 1326 1278 reassumptis
1342 1233 1528 1270 Academiae
1541 1235 1711 1272 exercitiis
1728 1232 1870 1277 linguam
1882 1231 2022 1268 Italicam
2034 1257 2043 1271 2
2069 1231 2246 1266 Germani·

215 1285 304 1314 cam,
323 1274 542 1320 Hispanicam,
557 1279 777 1325 Anglicam,&
788 1281 983 1316 Hebraicam
997 1280 1121 1320 didicit,
1136 1282 1170 1316 &
1184 1281 1368 1327 linguarum
1384 1282 1704 1328 fludi0,disciplinam
1718 1281 1974 1321 Mathematices,
1989 1282 2023 1315 &
2041 1280 2172 1314 Artium
2186 1290 2246 1313 no-

220 1321 335 1358 bilium
356 1324 547 1367 coniunxit,
568 1327 611 1362 ita
626 1328 656 1364 in
671 1338 818 1376 utroque
831 1329 972 1375 profecit
985 1353 996 1370 ‚
1010 1338 1046 1363 ut
1062 1328 1141 1363 nihil
1155 1330 1212 1364 nisi
1224 1340 1410 1365 exterarum
1432 1331 1612 1377 regionum
1636 1329 1752 1366 notitia
1766 1328 1875 1362 deesse
1887 1328 2082 1381 videretur.
2102 1327 2245 1361 Romam

220 1369 298 1405 inde
314 1373 434 1408 exaflo
452 1384 505 1415 19.
517 1377 619 1411 aetatis
632 1377 695 1413 suae
713 1389 800 1414 anno
812 1376 919 1413 missus
931 1403 942 1418 ,
955 1378 971 1412 a
983 1377 1162 1413 Clemente
1174 1378 1264 1413 VlII.
1287 1378 1343 1424 qui
1359 1378 1391 1412 in
1407 1391 1452 1414 eo
1467 1377 1615 1424 spiritum
1643 1381 1676 1415 ἃ*
1691 1376 1811 1424 agendi
1827 1376 1863 1411 ἃ
1877 1375 2007 1412 dicendi
2023 1385 2136 1408 mirum
2150 1374 2244 1408 dete-

215 1426 332 1460 xerat,
354 1421 502 1465 specialia
518 1424 700 1463 Pontificiae
716 1426 959 1463 benevolentia:
971 1434 1166 1468 argumenta
1185 1426 1310 1471 recepit
1323 1450 1332 1460 .
1347 1426 1450 1467 Viso,
1465 1427 1522 1472 qui
1551 1428 1637 1463 inter
1657 1427 1771 1463 almam
1785 1425 1907 1459 Urbem
1928 1426 1962 1460 δε
1987 1434 2106 1467 agrum
2122 1423 2246 1457 Roma·

214 1478 294 1502 num
307 1468 534 1512 concluditur,
545 1473 746 1519 antiquitatis
757 1478 792 1518 βε
807 1474 884 1511 artis
898 1473 967 1509 lusu
983 1501 993 1516 ,
1016 1488 1052 1511 ac
1066 1472 1188 1515 illicio,
1209 1474 1239 1509 in
1266 1474 1336 1510 aliis
1363 1487 1501 1522 quoque
1525 1475 1627 1512 Italiae
1641 1473 1845 1514 Provinciis,
1865 1473 1900 1508 &
1915 1469 2025 1517 populi
2041 1481 2167 1525 morem
2182 1493 2191 1509 2
2206 1472 2243 1505 δί

213 1514 399 1570 Qiyitatum
412 1517 622 1562 splendorem
634 1547 644 1563 ,
660 1524 696 1559 δε
709 1524 845 1560 climatis
858 1532 1005 1559 naturam
1021 1523 1183 1568 inspexit.
1197 1522 1324 1558 Patavii
1339 1523 1463 1558 diutius
1477 1524 1623 1560 cundati
1638 1522 1774 1562 voluit,
1787 1530 1930 1557 nontam
1942 1545 1953 1561 ,
1967 1529 2003 1556 ut
2020 1529 2168 1565 regionis
2182 1517 2239 1552 de.

216 1562 299 1600 liciis
309 1564 475 1602 frueretur
487 1592 498 1608 ,
517 1570 611 1614 quam
633 1579 668 1606 ut
681 1571 896 1609 Eruditorum
913 1574 949 1608 &
966 1571 1216 1618 Religiosorum
1233 1569 1413 1618 colloquiis
1426 1580 1578 1608 uteretur
1589 1596 1599 1607 .
1966 1616 1972 1625 ‚
2106 1616 2112 1624 Ι

311 1613 425 1649 Virum
437 1616 581 1653 nobilem
598 1619 677 1653 dum
689 1622 728 1656 ad
744 1621 897 1656 Eremum
913 1621 1068 1656 seceffisse
1085 1619 1222 1656 inaudiit
1235 1645 1246 1660 ,
1261 1619 1353 1655 illurn
1366 1620 1471 1656 adivit
1483 1644 1493 1660 ,
1514 1622 1551 1658 δε
1562 1622 1638 1657 dum
1653 1621 1733 1656 ficto
1745 1620 1895 1654 sermone
1912 1615 2066 1655 solitariae
2079 1625 2156 1653 vttae
2170 1625 2241 1650 me-

215 1659 356 1696 thodum
370 1663 494 1699 diutius
508 1666 677 1708 traduxit,
693 1668 724 1704 se
735 1669 943 1715 Capucinum
964 1669 1042 1706 fore
1057 1669 1096 1704 ab
1109 1668 1248 1705 Eremita
1263 1668 1367 1704 audiit
1379 1692 1389 1703 .
1404 1669 1515 1707 Omen
1538 1671 1645 1704 redux
1670 1668 1809 1704 Parisios
1824 1678 1890 1703 non
1911 1678 2025 1712 parum
2038 1666 2177 1701 dubium
2190 1673 2242 1698 te-

211 1709 310 1750 nuit,
323 1711 402 1747 dum
416 1711 446 1747 se
459 1711 600 1750 Militem
612 1717 798 1763 conspexit,
808 1719 825 1753 ὲ
844 1718 942 1753 Duce
956 1717 1231 1754 Montmorancio
1244 1717 1283 1752 ad
1303 1717 1452 1754 Ambiani
1470 1718 1679 1754 obsidionem
1691 1716 1838 1752 dudum.
1854 1714 2008 1751 Exhibuit
2024 1716 2058 1749 &
2073 1715 2126 1748 hic
2140 1713 2240 1747 Fran-

210 1756 313 1792 ciscus
325 1758 512 1796 bellicosum
533 1763 692 1806 spiritum,
705 1766 745 1801 ab
756 1767 828 1810 ipso
839 1766 936 1801 Duce
950 1765 1037 1810 Regi
1050 1766 1316 1802 commendatum
1331 1767 1478 1811 :reperit
1492 1767 1545 1802 ille
1561 1771 1597 1803 &
1613 1777 1740 1801 novum
1756 1765 1801 1800 ibi
1814 1762 1990 1819 spernendi
2015 1761 2180 1797 Mundum
2192 1770 2243 1794 ar-

213 1814 408 1849 gumentum
420 1831 430 1846 ,
444 1808 561 1843 videns
574 1810 714 1848 amicum
726 1835 737 1851 ,
749 1812 886 1847 distinffi
900 1812 1006 1846 meriti
1021 1815 1058 1848 δε
1070 1812 1262 1847 Nobilitatis
1276 1813 1395 1846 Virum
1410 1836 1420 1850 ‚
1433 1814 1550 1847 sentim
1566 1814 1778 1850 morientem,
1799 1823 1878 1855 quin
1898 1834 1908 1850 ,
1929 1811 1983 1854 qui
1996 1821 2072 1843 eum
2087 1807 2237 1860 consola-

211 1859 317 1890 tetur,
333 1863 377 1886 ex
390 1854 544 1888 omnibus
557 1857 691 1891 haberet
704 1857 985 1900 unum-ansque
999 1857 1119 1890 fervuit
1136 1866 1178 1888 ex
1192 1858 1256 1890 hoc
1269 1866 1470 1899 conceptum
1479 1857 1601 1892 fallacis
1614 1857 1725 1890 mundi
1740 1858 1901 1891 fastidium
1918 1879 1927 1893 ,
1953 1863 1987 1888 ut
2001 1862 2236 1889 executionem

215 1897 279 1932 iter
293 1898 475 1934 Londinum
490 1925 500 1941 ,
513 1913 583 1946 quo
598 1903 641 1937 D.
655 1905 697 1938 de
713 1903 832 1939 Messle
845 1904 887 1938 de
901 1902 1044 1937 Berzeau
1059 1899 1165 1948 Regis
1176 1903 1215 1938 ad
1232 1902 1394 1948 Reginam
1409 1902 1568 1939 Elisabeth
1594 1903 1776 1938 Oratorem
1791 1901 2094 1937 extraordinarium
2109 1925 2121 1942 ,
2143 1900 2236 1936 suum

213 1944 406 1990 Cognatum
417 1970 428 1985 ,
441 1949 590 1982 comitari
608 1951 745 1989 debuit,
758 1951 853 1985 unice
865 1949 1049 1984 distraxerit
1062 1973 1072 1982 .

307 1991 374 2024 Hic
383 1992 463 2025 dum
480 1994 608 2028 Orator
623 1996 727 2037 Regis
739 1996 878 2034 negotia
889 1995 1018 2026 curavit
1028 2016 1039 2030 ,
1052 1995 1240 2027 Franciscus
1253 1996 1433 2028 animarum
1445 1997 1537 2030 saluti
1549 1997 1692 2029 incubuit
1706 2019 1716 2033 ‚
1732 2000 1767 2031 ὅ(
1777 1998 1975 2035 Dominum,
1987 1998 2038 2030 seu
2055 1997 2238 2034 patronum

209 2036 362 2080 Domum
376 2036 407 2070 in
423 2048 488 2082 qua
502 2049 580 2072 eum
593 2039 719 2081 degere
739 2038 964 2084 obtigit‚tum
981 2036 1088 2071 verbo
1101 2045 1172 2073 tum
1191 2038 1349 2081 exemplo
1362 2039 1403 2072 ad
1417 2051 1531 2074 veram
1553 2042 1652 2074 fidem
1666 2043 1849 2074 convertit.
1871 2042 1908 2075 In
1926 2044 2073 2082 regressu
2097 2045 2236 2079 Parisios

207 2095 324 2129 parem
350 2084 576 2121 conversionis
592 2078 734 2122 fascium
755 2086 788 2122 in
815 2084 964 2121 Domina
978 2084 1020 2119 de
1043 2084 1233 2130 Feuquiere
1246 2110 1258 2126 ,
1286 2085 1486 2127 Matertera,
1504 2086 1698 2123 Calviniana
1724 2087 1810 2123 scita
1833 2089 1956 2124 imbuta
1969 2089 2061 2124 varie
2078 2092 2239 2135 quaesivit,

209 2131 375 2177 oongenia
388 2137 498 2167 aurem
510 2133 642 2171 mulieri
652 2134 832 2179 pertinacia
859 2131 983 2179 spiritui
1009 2132 1139 2169 erroris
1162 2133 1338 2174 coniunda
1358 2143 1515 2170 conatum
1545 2135 1690 2173 reddidit
1717 2135 1866 2171 inutilem
1879 2161 1888 2171 .
1912 2136 2063 2181 Seposuit
2076 2149 2140 2182 pro
2155 2147 2242 2174 tem-

208 2190 292 2224 pore
305 2178 421 2216 alienae
433 2179 541 2217 salutis
553 2182 691 2228 negotia
703 2207 713 2222 ‚
725 2183 760 2219 &
779 2181 948 2228 propriam
963 2180 1053 2226 prius
1077 2192 1196 2217 curare
1211 2181 1316 2217 statuit
1332 2206 1342 2216 .
1366 2183 1514 2219 Cautior
1536 2184 1567 2219 in
1589 2184 1652 2218 hoc
1668 2184 1845 2220 incessurus
1861 2210 1872 2225 ,
1900 2185 1917 2219 a
1930 2184 2050 2220 celebri
2073 2186 2240 2224 Sorbonae

203 2227 364 2264 Doctore
377 2226 544 2266 Duvallio
559 2254 571 2271 ‚
582 2233 616 2268 &
632 2243 674 2266 ex
689 2230 837 2268 Ecclesiae
850 2241 994 2276 purpura
1008 2230 1174 2266 notissimo
1184 2230 1222 2265 P.
1233 2230 1372 2267 Berullo
1386 2255 1396 2271 ‚
1408 2232 1569 2268 Generali
1585 2233 1737 2268 oratorii
1750 2233 1934 2276 Superiore
1957 2233 2089 2269 consilia
2104 2236 2238 2280 requiri.

204 2276 258 2312 vit
271 2301 282 2317 ,
297 2278 432 2313 &inter
445 2277 550 2315 saeculi
563 2278 740 2317 tumultum
755 2280 914 2325 operibus
926 2277 1078 2314 solitariae
1093 2278 1170 2314 vitae
1191 2276 1320 2314 vacavit
1337 2303 1347 2313 .
1361 2278 1537 2324 Displicuit
1551 2282 1618 2317 haec
1629 2279 1730 2316 Matri
1747 2304 1757 2321 ,
1778 2282 1814 2316 δε
1827 2293 1902 2316 cum
1920 2293 1959 2316 ea
1973 2306 1983 2321 ,
2005 2293 2079 2326 quae
2105 2283 2150 2318 ob
2168 2285 2238 2318 exi-

208 2324 289 2360 mias
305 2326 402 2361 dotes
415 2327 637 2364 corFrancisci
650 2328 778 2374 semper
791 2326 988 2373 profundius
998 2326 1345 2366 vulnerabat,thoralis
1357 2328 1516 2363 societatis
1528 2329 1634 2363 foedus
1646 2330 1776 2364 tandem
1788 2330 1942 2363 concludi
1953 2330 2235 2368 institit-Alienum

202 2373 244 2408 ab
273 2373 340 2409 hoc
367 2375 445 2409 dum
469 2376 542 2416 eius
566 2376 706 2412 animum
723 2375 896 2421 conspexit
907 2400 920 2418 ‚
938 2377 974 2411 &
995 2374 1205 2419 Capucinum
1220 2374 1395 2410 institutum
1421 2376 1461 2410 ab
1485 2375 1556 2420 ipso
1581 2375 1724 2411 eiectum
1751 2377 1904 2416 audivit,
1921 2376 2036 2413 furore
2052 2402 2062 2417 ‚
2089 2379 2143 2423 qui
2162 2381 2235 2422 post

209 2421 345 2458 duriora
359 2423 458 2459 verba
475 2424 508 2460 in
525 2424 686 2471 lacrymas
702 2424 895 2461 solvebatur
909 2449 919 2465 ‚
932 2423 1054 2460 amoris
1065 2423 1157 2468 pafiia
1171 2422 1272 2458 ursit.
1287 2422 1406 2458 Mansit
1419 2423 1599 2467 intrepidus
1626 2425 1710 2458 inter
1732 2424 1901 2458 frementis
1925 2425 1961 2459 &
1989 2427 2147 2468 plorantis
2160 2426 2237 2462 Ma-

209 2468 269 2504 tris
283 2470 423 2515 impetus
436 2472 538 2508 Filius
553 2498 563 2514 ,
576 2474 847 2520 protrafflimque
863 2484 938 2509 cum
954 2472 1075 2517 pietate
1092 2480 1214 2506 naturae
1229 2480 1374 2515 pugnam
1399 2471 1668 2506 Fr.Benedi6ins
1681 2470 1909 2508 Canfeldensis
1937 2472 2044 2507 finivit
2058 2497 2068 2513 ,
2097 2474 2231 2511 Franci-

200 2517 290 2552 seum
313 2519 352 2553 ad
375 2519 595 2557 Conventum
613 2521 885 2559 Aurelianensem
901 2521 1031 2556 mittens
1045 2544 1055 2561 ‚
1070 2519 1124 2554 ubi
1140 2517 1284 2552 secundo
1297 2517 1467 2553 Februarii
1482 2522 1578 2563 1699.
1595 2519 1684 2554 saci-o
1704 2519 1826 2555 Habitu
1850 2519 1910 2553 fuit
1924 2518 2058 2554 indutus
2073 2545 2083 2561 ,
2096 2523 2231 2565 nomine

203 2565 365 2602 Francisci
379 2567 410 2603 in
430 2568 511 2605 illud
520 2570 651 2615 Josephi
664 2577 872 2607 commutato
884 2594 894 2605 .
919 2569 1115 2615 Lachrymas
1130 2565 1231 2610 usque
1244 2566 1282 2600 ad
1299 2565 1457 2603 thronum
1471 2567 1575 2611 Regis
1595 2568 1743 2602 novitate
1757 2566 1903 2609 perculsa
1919 2568 2069 2610 portavit
2094 2570 2204 2604 Mater
2217 2596 2230 2612 ,

205 2614 242 2649 &
261 2613 427 2657 obtinuit,
444 2626 480 2652 ut
495 2617 618 2655 Filium
633 2618 689 2655 fibi
717 2617 839 2655 restitui
853 2618 1020 2656 mandaret
1036 2639 1046 2649 .
1075 2613 1164 2648 Tulit
1178 2612 1230 2648 illa
1246 2612 1308 2658 ipsa
1322 2613 1540 2650 Aurelianum
1554 2616 1662 2658 regias
1684 2613 1808 2649 litteras
1836 2615 1985 2650 Domino
2001 2615 2228 2654 procuratore

205 2661 364 2700 Generali
387 2665 487 2710 regio
501 2666 619 2704 sociata
633 2690 642 2699 .
654 2667 723 2703 Has
737 2667 830 2713 aeque
841 2692 852 2708 ‚
870 2678 907 2703 ac
920 2666 1022 2701 minas
1035 2665 1069 2699 δι
1086 2661 1270 2706 lachrymas
1285 2662 1364 2697 dum
1379 2662 1511 2698 inutiles
1535 2663 1567 2697 in
1581 2664 1666 2699 Filio
1680 2663 1784 2702 vidit,
1807 2662 1967 2697 irritatum
1993 2663 2138 2699 animum
2157 2666 2228 2701 suc-

200 2710 343 2747 cedanea
361 2713 487 2749 virtute
501 2715 539 2750 ad
561 2715 708 2763 quietem
722 2714 909 2759 composuit
924 2739 935 2755 ,
947 2724 1008 2748 nec
1022 2710 1109 2747 aliud
1123 2710 1140 2743 ‘a
1153 2708 1318 2744 Fratribus
1331 2711 1505 2755 requisivit
1518 2735 1528 2751 ‚
1545 2713 1644 2756 quam
1661 2721 1695 2746 ut
1710 2711 1838 2747 Parisiis
1855 2711 1886 2745 in
1911 2710 2098 2746 Conventu
2119 2713 2227 2749 s.H0-

199 2761 311 2795 norati
326 2760 413 2796 Filio
427 2770 507 2798 vota
520 2763 574 2798 sua
592 2763 671 2798 Deo
690 2774 882 2806 nuncupare
897 2762 1052 2797 daretur.
1080 2757 1184 2802 Qod
1200 2759 1234 2792 δι
1253 2756 1339 2793 inter
1354 2756 1394 2792 P.
1413 2759 1536 2803 Angeli
1558 2759 1693 2800 Joiosaei
1719 2770 1832 2793 manus
1849 2759 2005 2803 praesente
2029 2758 2138 2794 Matre
2162 2762 2227 2796 fuit

196 2805 320 2842 fastum
333 2832 344 2847 ,
356 2806 457 2843 Coelo
472 2810 504 2844 in
519 2821 590 2846 uno
611 2810 772 2846 sacrificio
783 2809 853 2844 duo
867 2802 1020 2849 miran'te;
1036 2816 1107 2842 uno
1121 2829 1131 2846 ,
1144 2815 1212 2852 quo
1226 2804 1325 2841 Filius
1339 2805 1372 2840 se
1385 2805 1504 2844 obtulit
1520 2808 1600 2844 Deo
1608 2820 1668 2856 per
1683 2807 1825 2843 Matrem
1840 2831 1849 2847 ,
1865 2808 1901 2843 δε
1916 2806 2026 2843 altero
2042 2831 2055 2848 ‚
2069 2819 2138 2853 quo
2150 2809 2225 2845 Ma-

197 2861 250 2889 ter
261 2854 294 2889 se
307 2854 428 2892 obtulit
443 2868 501 2901 per
515 2857 631 2895 Filium
649 2879 663 2895 0
1919 2901 1928 2911 .
1998 2902 2005 2911 .
2108 2902 2116 2910 .
2154 2905 2161 2910 .

299 2903 367 2938 Diu
382 2915 424 2939 ne
438 2906 616 2943 Provincia
630 2908 808 2954 perspectae
820 2908 952 2946 virtutis
964 2905 1074 2944 fructu
1091 2915 1233 2949 careret,
1246 2908 1427 2955 Josephum
1441 2907 1548 2944 studio
1561 2904 1772 2951 Theologico
1783 2902 2004 2960 ‘Qatnutnubi
2019 2904 2055 2958 ὅζ
2066 2906 2222 2959 ΡΥΙΠῚῐῑξὲθ

198 2949 245 2985 sui
262 2951 330 2986 Zeli
348 2951 380 2988 in
398 2952 523 2990 celebri
537 2955 758 3002 Hugenotico
774 2957 926 2995 Ministro
938 2983 949 3000 ,
965 2957 1005 2992 ad
1028 2968 1139 2993 veram
1154 2957 1220 2992 Dei
1235 2958 1403 2993 Ecclesiam
1418 2955 1584 2993 converso
1594 2955 1703 2993 dedit,
1717 2955 1850 3006 add-unt,
1867 2954 1902 2987 &
1915 2953 1983 3005 poll
1997 2951 2220 3005 Ph110s5>ph¹ae

196 2997 358 3037 lecturam
371 3024 381 3041 ,
397 3013 432 3036 ac
450 3001 671 3042 Novitiorum
686 3004 918 3051 Magisterium
930 3032 941 3048 ,
953 3005 1182 3042 Guardianum
1203 3006 1400 3042 Conventus
1414 3003 1619 3039 Bituricensis
1637 3002 1823 3036 constituit.
1850 3000 1996 3043 Suscepit
2023 3000 2218 3035 obedienter

197 3046 352 3084 Fratrum
366 3049 564 3096 gubernium
575 3077 586 3093 ,
603 3051 775 3090 Miffiones
788 3062 896 3090 tamen
912 3057 946 3091 ὃ(
961 3053 1155 3090 Conciones
1182 3065 1249 3090 non
1267 3055 1372 3090 omisit
1387 3078 1397 3094 ,
1416 3053 1592 3098 praesertim
1609 3050 1688 3086 dum
1703 3047 1881 3084 collectum
1902 3058 2016 3083 earum
2042 3046 2217 3084 studium-2

196 3095 283 3131 vidit
299 3103 370 3133 tum
383 3098 414 3133 in
429 3099 620 3143 poenitentia
633 3101 764 3147 populi,
776 3111 842 3138 tum
855 3103 885 3139 in
903 3103 1146 3139 conventuum
1160 3102 1405 3139 construetione
1419 3100 1594 3136 mirabilem
1608 3122 1618 3132 -
1701 3145 1708 3152 ⁶
1922 3144 1941 3152 „
2048 3143 2055 3150 .

292 3144 410 3181 Missus
423 3146 614 3186 Cainovum
630 3160 698 3186 non
714 3158 780 3187 tam
791 3177 802 3193 ,
819 3160 852 3186 ut
867 3153 998 3188 Fratres
1011 3150 1054 3186 ibi
1069 3159 1224 3195 regeret,
1238 3152 1334 3196 quam
1350 3150 1546 3184 Eleonoram
1562 3144 1788 3201 Borboniam3
1806 3146 1941 3180 Antonii
1969 3145 2073 3188 Regis
2090 3146 2216 3180 Navar-

193 3203 239 3228 rae
251 3192 413 3233 Sororem
427 3197 492 3232 &a
506 3197 623 3234 Fontis
635 3197 766 3235 Ebraldi
791 3198 983 3235 Abbatissiim
999 3199 1030 3234 in
1046 3197 1186 3235 consilio
1202 3198 1403 3234 reformandi
1424 3195 1560 3232 Ordinis
1575 3195 1716 3234 iuvaret.
1732 3194 1909 3229 H¹st0riam
1926 3203 1962 3229 ut
1974 3193 2096 3229 Leflor
2109 3194 2127 3228 ὲ
2139 3192 2214 3227 fun·

191 3241 242 3275 ὼ
264 3243 391 3288 (ἃΡῑῧῑ,
405 3245 442 3281 &
455 3244 599 3289 gloriam
611 3247 747 3292 Josephi
760 3247 940 3293 perfectius
955 3259 998 3282 ex
1017 3259 1056 3282 ea
1071 3247 1177 3283 metiri
1202 3254 1302 3293 queat
1318 3272 1329 3287 ‚
1347 3254 1460 3280 notare
1474 3243 1575 3278 debet
1594 3266 1604 3283 ‚
1615 3243 1706 3288 quod
1724 3267 1733 3283 ,
1753 3243 1924 3296 postquam
1951 3243 2096 3276 Antonia
2109 3244 2215 3276 Aure-

195 3285 342 3326 lianensis
355 3315 366 3332 ,
385 3292 521 3329 Henrici
535 3294 629 3339 primi
645 3295 749 3331 Ducis
764 3296 970 3342 Longavillae
986 3295 1098 3332 Soror
1111 3319 1122 3335 ‚
1137 3297 1171 3331 δε
1185 3295 1293 3330 Vidua
1318 3292 1432 3330 Caroli
1453 3293 1494 3326 de
1515 3291 1645 3336 Gondy
1659 3314 1680 3344 ,Ι
1691 3290 1897 3326 Marchionis
1910 3290 1952 3323 de
1969 3289 2130 3346 “Bell’nlsle
2150 3291 2214 3324 &c.

194 3337 260 3378 iam
275 3350 365 3375 anno
381 3352 395 3377 1
406 3349 483 3384 599.
497 3343 634 3383 deiedo
647 3345 687 3381 ad
703 3345 805 3388 pedes
818 3344 982 3380 Crucifixi
997 3341 1103 3379 saeculi
1119 3343 1197 3378 fastu
1221 3344 1256 3378 &
1267 3341 1362 3378 Aulae
1377 3351 1496 3385 pompa
1517 3340 1556 3374 ad
1583 3337 1618 3374 M
1624 3338 1749 3374 oniales
1766 3363 1783 3392 ,q
1799 3349 1878 3385 quas
1897 3338 2127 3392 Feoillantmes
2150 3347 2211 3393 vo-

195 3393 287 3426 cant,
303 3387 459 3425 Tolosam
472 3389 644 3428 seceffiffet
656 3417 667 3434 ‚
686 3395 723 3429 &
747 3393 791 3428 ibi
805 3404 866 3438 pei·
887 3393 1034 3438 quinque
1046 3401 1150 3427 annos
1164 3390 1250 3427 inter
1262 3401 1315 3425 eas
1327 3389 1422 3425 vitam
1435 3389 1465 3423 in
1481 3387 1615 3423 Christo
1634 3386 1851 3422 absconditam
1874 3385 2013 3439 duxisset
2030 3409 2041 3425 ‚
2057 3384 2209 3422 Coadiu-

198 3431 265 3466 trix
277 3435 391 3472 Fontis
403 3437 531 3474 Ebraldi
547 3440 588 3474 ad
608 3441 870 3477 nominationem
886 3438 988 3484 Regis
1001 3439 1155 3479 Henrici,
1167 3437 1263 3473 Bulla
1279 3437 1450 3474 pontificia
1465 3435 1563 3470 fuerit
1588 3434 1752 3470 declarata
1766 3458 1775 3467 .
1798 3434 1851 3468 De
1874 3443 1988 3488 quiete
2012 3431 2152 3486 recessfls
2165 3431 2205 3465 ad

195 3477 365 3524 strepitum
380 3485 552 3522 Monastiei
574 3489 733 3533 gubernii
748 3490 780 3524 se
791 3489 931 3531 vocari,
947 3488 1092 3524 Antonia
1102 3498 1170 3523 non
1187 3486 1246 3522 nisi
1260 3486 1392 3531 plorans
1407 3483 1531 3519 audivit
1547 3483 1624 3525 3diu
1638 3490 1746 3518 autem
1760 3481 1912 3517 reluc‘tari
1927 3492 1994 3516 non
2020 3481 2206 3534 licui-heum

194 3537 258 3572 Fer
273 3527 350 3565 alin
370 3532 462 3568 Pauli
486 3534 529 3570 V.
545 3534 667 3572 litteras
683 3537 924 3574 Monasterium
939 3534 1217 3572 Fontebraldense
1229 3535 1332 3575 adire,
1346 3536 1378 3569 ἃ
1398 3532 1598 3578 gubernium
1612 3533 1684 3571 eius
1693 3530 1738 3566 Ob
1754 3530 1865 3565 Mater
1867 3539 1970 3564 teram
1983 3539 2024 3561 ‘x
2035 3526 2206 3581 ,ΓΕΈΠΟΉἾ-

194 3576 258 3611 nus
278 3577 448 3622 regiminis
463 3593 614 3628 capacem
627 3585 789 3632 suscipere
804 3585 862 3621 sub
880 3596 974 3630 poena
985 3583 1333 3620 excommunicationis
1342 3581 1513 3622 juberetur
1524 3604 1534 3615 .
1555 3579 1688 3614 Terruit
1711 3577 1858 3613 Ecclefiae
1872 3575 1994 3630 fulmen
2006 3598 2016 3613 ‚
2033 3583 2094 3608 ivit
2109 3574 2205 3609 vien-

190 3636 243 3662 ma
254 3624 519 3669 obedientiae,&
531 3632 660 3678 gemuit
671 3635 716 3670 eo
737 3633 886 3670 acerbius
902 3658 912 3674 ‚
923 3636 989 3679 quo
1010 3633 1132 3668 certius
1146 3634 1220 3673 ejus
1234 3630 1266 3666 in
1282 3628 1444 3675 regimine
1457 3628 1688 3663 successionem
1714 3625 1799 3670 parti
1815 3623 2011 3677 Monialium
2034 3633 2099 3656 non
2115 3633 2205 3657 acce.

190 3681 279 3719 imm
292 3672 358 3711 effe
371 3672 503 3711 calleret
514 3700 524 3711 ·
542 3679 760 3717 Consortavit
773 3691 963 3728 gementem
976 3680 1088 3716 divina
1106 3678 1323 3715 Providentia
1336 3701 1347 3715 ,
1372 3677 1450 3710 dum
1466 3675 1646 3720 Josephum
1660 3672 1701 3708 ad
1711 3671 1843 3708 consilia
1858 3671 1939 3704 misit
1955 3693 1965 3708 ,
1986 3680 2028 3703 ex
2044 3669 2204 3706 reforma-

187 3720 584 3808 uonessozh‘ilonasterium
600 3727 795 3768 Monialium
820 3730 857 3767 de
872 3734 982 3769 flaute
994 3729 1130 3766 Bruiere
1145 3751 1157 3768 ,
1181 3729 1274 3771 cuius
1299 3723 1658 3806 distiplinamGlizbertas
1673 3719 1832 3766 temporis
1845 3742 1857 3759 ‚
1874 3720 1908 3754 &
1936 3716 2203 3801 infelic-itaffaffilli
