2592 4094
399 154 558 259 178
1053 139 1658 222 Provincia

328 303 384 340 per
403 290 539 326 virtute
548 285 685 323 obierat
697 308 709 328 ‚
723 285 756 322 8t
772 284 918 321 Sorores
932 278 1060 312 Bonam
1084 273 1299 311 parisiensem
1316 301 1327 316 ,
1352 288 1391 313 ac
1417 276 1620 313 felicianam
1636 277 1898 313 Ambianensem
1910 302 1921 321 ,
1934 281 2054 324 dignas
2069 284 2200 321 itineris
2212 311 2223 328 ,
2255 286 2288 321 8(
2305 282 2373 319 zell

329 339 462 377 soem,
490 338 555 374 Hae
569 338 649 372 dum
663 337 824 371 obtentas
835 322 1082 363 obedientiales
1106 324 1234 372 exequi
1252 323 1386 364 Parisiis
1411 327 1593 372 pararunt,
1620 324 1764 362 Massilia
1786 327 1828 361 ad
1842 326 1917 363 illas
1938 329 2108 372 condigne
2131 333 2372 380 suscipiendas,

325 386 504 426 moen-3532
518 385 706 430 dffposust,
730 382 766 418 &
783 389 826 414 ex
840 373 956 419 amplo
976 382 1120 408 numero
1139 373 1348 419 Puellarum,
1361 386 1436 423 quae
1452 374 1486 410 in
1500 375 1669 423 Capucini
1683 374 1827 410 instituti
1846 375 2000 412 claustris
2013 398 2027 419 ,
2041 376 2114 414 vias
2129 382 2272 420 Domini
2293 393 2372 420 cum

326 437 545 482 virginitatis
557 436 639 471 flore
655 426 822 467 custodire
845 422 1029 457 statuerant
1043 445 1055 463 ,
1070 422 1241 460 sexdecim
1257 424 1379 470 selegit
1390 448 1404 467 ‚
1422 424 1545 471 easque
1573 427 1594 461 ὲ
1611 423 1726 460 mundi
1742 422 1947 460 commercio
1959 422 2148 472 segregatas
2159 451 2172 470 ,
2190 431 2225 466 ες
2237 443 2282 467 ex
2298 432 2372 469 001-

322 485 408 523 leg,
433 497 491 531 pe,-
509 483 700 519 Civfimoem
715 469 934 517 eleemosyna
948 469 1174 508 conviventes
1190 496 1202 514 ‚
1213 471 1248 510 in
1272 472 1438 518 religiosae
1453 473 1531 510 viix
1548 472 1751 510 rudimentis
1762 483 1841 507 cum
1859 472 1942 507 Vice
1958 473 2138 509 comitissa
2153 477 2321 515 erudivit.

421 533 579 576 Attigere
610 525 742 562 tandem
775 518 919 556 feliciter
945 519 1090 555 Sorores
1118 520 1312 560 parisienses
1335 522 1494 570 13.1unii
1514 523 1612 559 1626.
1635 521 1826 563 Massiliam,
1842 519 1975 557 auxilio
1989 521 2203 560 &charitate
2225 526 2370 564 Ducisi'oe

321 582 450 619 Guifiae
484 587 541 625 per
568 575 640 611 vias
669 569 751 606 fotae
775 592 788 611 ,
810 567 845 604 &
875 566 975 604 illico
997 567 1032 603 in
1063 567 1280 606 monasterio
1307 571 1461 608 clausura
1483 571 1554 619 jam
1585 570 1718 606 munito
1733 571 1914 607 collocatae
1929 594 1940 605 .
1962 572 2053 606 inter
2079 583 2134 608 eas
2165 572 2344 610 Matronas
2361 597 2375 618 ,

326 644 399 677 φη
412 631 453 665 de
473 636 586 664 earnm
599 617 745 667 appulsu
760 616 973 653 cumulantis
984 617 1190 663 plaudebant
1211 643 1222 660 ,
1240 618 1304 655 fuit
1321 620 1406 658 Vice
1429 619 1611 655 Coinitiffa
1632 619 1740 665 prima
1756 643 1768 661 ,
1783 630 1858 654 cum
1874 629 1956 653 vota
1974 617 2050 662 sua,
2064 619 2284 659 benedicente
2300 623 2375 659 Do-

322 679 431 720 mino,
445 675 524 711 cxiii
537 666 726 716 compleri,
739 666 774 703 &
793 665 824 701 se
837 664 923 702 inter
939 678 1066 714 paucos
1080 667 1155 704 dies
1174 670 1194 704 a
1209 667 1316 706 saecusi
1334 670 1482 705 tumultu
1496 669 1661 710 avulsam,
1682 667 1821 703 hostiam
1853 667 1992 703 Domini
2014 670 2213 714 previderet
2230 696 2241 712 ,
2264 672 2374 716 poeni-

324 726 437 763 tentiae
463 722 577 758 habitu
604 715 776 753 amistam.
793 715 986 762 Eapropter
998 714 1119 754 Sorori
1135 718 1279 761 Agneti,
1296 729 1360 755 ceu
1376 716 1557 755 Abbarissae
1570 716 1897 757 constitutae‚claves
1913 715 2133 759 monasterii,
2144 719 2226 755 mira
2238 719 2376 755 humili·

325 782 395 809 tate
421 766 642 814 consignavit,
659 777 695 811 pr
704 766 852 800 otestans
866 764 909 800 ad
922 763 1025 800 alium
1040 764 1159 807 finem,
1173 767 1240 804 hoc
1262 768 1282 802 a
1297 766 1327 802 se
1346 779 1414 803 non
1434 767 1638 804 aedificatum
1653 764 1731 809 effe,
1748 767 1865 812 quam,
1881 775 1918 800 ut
1931 768 1964 800 in
1984 778 2026 802 eo
2041 767 2153 802 cultus
2169 792 2180 808 ,
2203 769 2238 804 8(
2257 767 2374 812 gloria

325 821 394 857 Dei
410 829 466 864 per
481 819 597 852 saecula
613 824 821 859 augeretur,
836 811 948 857 dignae
967 812 1128 851 Passionis
1143 814 1240 852 filiai
1253 839 1266 856 ‚
1280 815 1316 853 81.
1331 815 1471 862 Sponsae
1488 815 1616 851 Christi
1630 815 1854 851 educarentur
1872 837 1885 857 ‚
1899 815 1931 849 8(
1948 814 2017 861 ipsa
2025 825 2090 860 met
2107 815 2191 852 inter
2213 815 2290 859 has,
2308 828 2372 853 ceu

320 879 434 903 earum
460 865 596 901 minima
609 887 622 905 ,
637 873 772 910 peccata
788 862 843 898 sua
861 862 1000 898 defleret
1015 885 1025 896 .
1046 861 1190 909 Recepit
1213 863 1354 910 quidem
1370 863 1542 901 Abbatisl‘a
1554 865 1670 900 claves
1685 887 1698 903 ,
1715 863 1749 900 &
1765 863 1908 898 Μαι-ὡκ
1920 886 1932 904 ,
1957 864 2052 911 quod
2070 875 2148 900 vera
2173 863 2374 901 Monasterii

322 914 509 953 fundatrix
525 939 534 952 t
550 914 584 950 8(
608 911 758 948 Domina
774 921 962 946 remaneret
975 934 987 952 ,
1005 911 1173 955 reposuit3
1189 911 1408 958 splendorem
1423 924 1536 950 autem
1553 911 1655 960 hujus
1671 911 1765 947 tituli
1786 923 1833 958 19.
1845 910 1942 959 Julii,
1957 912 2024 949 haec
2043 913 2102 949 sub
2118 913 2192 949 rudi
2210 938 2221 955 ,
2237 926 2309 961 quo
2321 913 2373 949 in-

320 965 503 1006 duebatur,
517 960 718 1007 Religionis
737 960 869 996 Habitu
883 959 1095 1001 occultavit,
1107 961 1244 997 nomine
1261 961 1405 998 Martha
1419 963 1452 998 in
1473 961 1616 998 Mariam
1642 960 1719 1008 apte
1737 959 1907 998 converso
1922 985 1932 1001 ,
1948 971 1986 996 ut
1998 984 2011 1003 ‚
2028 973 2104 1008 quie
2117 961 2294 1009 hucusque
2308 961 2376 998 cir-

323 1025 360 1049 ca
381 1012 618 1048 fundationem
637 1009 840 1047 Monasterii
859 1009 1028 1044 Martham
1051 1008 1230 1046 sollicitam
1243 1010 1360 1055 egisset
1373 1035 1385 1055 ,
1400 1010 1470 1059 jam
1484 1011 1516 1047 se
1538 1011 1669 1047 meliori
1693 1009 1817 1046 divinae
1829 1011 2133 1056 contemplationis
2149 1011 2237 1057 parti
2250 1010 2370 1047 conse-

322 1072 447 1097 cratam
461 1061 524 1096 esse
540 1085 551 1103 ,
566 1071 611 1095 ex
628 1058 764 1094 nomine
778 1055 988 1094 meminisset.
1002 1058 1305 1104 Superabundavit
1324 1061 1457 1105 gaudio
1474 1059 1598 1103 Maria,
1613 1059 1647 1094 in
1672 1060 1783 1106 primo
1797 1069 1898 1093 novat
1911 1057 1988 1093 vitae
2001 1058 2101 1094 cursu
2111 1082 2124 1102 ,
2143 1059 2178 1094 in
2202 1070 2274 1106 quo
2288 1071 2373 1096 con-

327 1108 741 1145 Novitiaichcrubinam
755 1131 765 1147 ‚
779 1107 815 1143 8(
833 1106 1055 1152 Seraphinam
1071 1107 1113 1144 de
1132 1109 1245 1155 Aquis
1264 1109 1406 1151 Sextiis,
1426 1107 1635 1145 Francis'cam
1653 1109 1694 1143 de
1713 1108 1871 1147 Besaure,
1891 1106 1960 1141 ἃς.
1975 1107 2079 1151 longe
2107 1108 2279 1143 anteibat:
2311 1107 2370 1143 ad·
2423 1139 2431 1151 ‚

320 1167 464 1194 verteris
477 1168 590 1193 autem
605 1156 718 1203 postea
729 1181 740 1197 ,
753 1154 786 1192 se
803 1155 837 1191 in
852 1157 970 1192 Domo
985 1157 1051 1192 Dei
1066 1179 1080 1199 ,
1092 1155 1127 1192 in
1139 1169 1206 1204 qua
1222 1158 1326 1192 viram
1350 1169 1427 1194 cum
1441 1158 1582 1195 Christo
1599 1154 1831 1192 absconditam
1843 1154 1875 1190 &
1891 1153 2057 1200 abjestam
2068 1154 2191 1191 ducere
2205 1158 2370 1202 elegerat,

320 1215 394 1241 turn
418 1206 606 1249 charitate,
639 1217 710 1241 tum
738 1205 869 1241 honore
898 1215 964 1250 prae
983 1204 1057 1242 aliis
1081 1203 1271 1251 distingui,
1289 1209 1417 1252 repleta
1430 1206 1477 1242 est
1493 1205 1743 1247 amaritudine,
1771 1205 1900 1239 secreto
1924 1201 2064 1237 consilio
2078 1201 2239 1247 impulsa,
2257 1204 2368 1240 sacros
2414 1219 2417 1223 ·

321 1255 340 1290 ii
364 1254 396 1290 se
421 1254 584 1291 fundatos
605 1264 721 1290 muros
733 1253 893 1300 reliquit,
910 1253 944 1288 8(
958 1253 1186 1291 obedientiali
1200 1254 1385 1292 Abbaiiffae
1403 1254 1528 1291 merito
1545 1254 1687 1293 munita,
1702 1265 1778 1288 cum
1795 1250 1929 1288 Habitu
1949 1248 2092 1285 Parisios
2115 1250 2241 1286 secessit
2258 1275 2270 1294 ,
2282 1251 2373 1288 incc-

322 1313 422 1349 prum
444 1302 662 1344 Probationis
677 1313 802 1338 annum
832 1302 879 1338 ibi
909 1303 995 1337 inter
1022 1301 1127 1339 Filias
1147 1303 1309 1342 Passionis
1321 1306 1503 1351 expletura
1517 1327 1527 1339 .
1545 1303 1615 1339 Hic
1629 1301 1768 1338 adorare
1795 1299 1915 1335 debuit
1944 1299 1979 1334 in
2002 1298 2126 1345 spiritu
2148 1298 2183 1336 &
2211 1299 2371 1339 virtute,

322 1351 469 1388 Divina:
492 1351 721 1388 Providentiae
745 1362 867 1388 arcana
882 1374 894 1394 ,
919 1351 953 1388 8(
969 1352 1054 1388 inter
1075 1353 1240 1401 lacrymas
1253 1354 1448 1389 exclamare
1461 1352 1504 1387 ad
1525 1353 1636 1386 Deum
1652 1374 1664 1393 ‚
1680 1348 1843 1398 quomodo
1867 1356 2022 1385 mutatus
2036 1359 2070 1384 es
2096 1347 2181 1384 mihi
2195 1348 2236 1384 in
2249 1347 2375 1386 crude<

323 1398 386 1436 lem
401 1403 415 1435 ἓ
437 1400 611 1437 Moniales
623 1401 713 1436 enim
732 1400 778 1436 ibi
790 1426 800 1441 ‚
817 1412 854 1436 ut
867 1412 962 1443 eam,
979 1411 1031 1436 tot
1046 1402 1127 1439 licet
1142 1404 1186 1437 de
1203 1402 1337 1438 Ordine
1351 1399 1479 1437 meritis
1499 1398 1661 1444 insignem
1678 1423 1688 1439 ‚
1720 1396 1918 1435 Monasterii
1948 1395 2077 1441 integri
2104 1395 2343 1434 fundatricem
2357 1421 2370 1440 ,

320 1450 471 1496 probatoe
488 1448 624 1485 virtutis
636 1450 808 1496 exemplis
819 1449 988 1486 celebrem
1000 1474 1011 1491 ‚
1024 1451 1068 1487 ad
1083 1450 1139 1486 sua
1156 1451 1248 1497 septa
1277 1452 1522 1491 admitterent,
1538 1459 1604 1484 nec
1625 1446 1742 1483 verbis
1754 1469 1767 1490 ,
1783 1458 1845 1483 nec
1871 1445 2050 1494 lachrymis
2063 1444 2182 1482 induci
2199 1456 2372 1492 poterant,

316 1497 406 1544 vel(
419 1507 455 1534 ut
471 1497 611 1534 historia
628 1498 802 1535 Ordiniim
820 1498 1042 1542 Regularium
1057 1498 1179 1544 gallice
1195 1500 1384 1546 conscripta
1397 1499 1459 1535 fol.
1472 1496 1552 1533 milii
1570 1508 1608 1533 zi
1621 1507 1651 1533 1.
1665 1506 1760 1533 notat
1776 1495 1906 1542 >qnod
1925 1493 2162 1531 Marchionissa
2176 1493 2252 1543 ejus
2273 1493 2371 1539 filia,

318 1545 385 1583 lioc
404 1546 520 1583 medio
535 1547 721 1584 Sororibus
734 1545 867 1583 dietam
881 1570 893 1589 ,
908 1546 1002 1583 illius
1017 1549 1162 1585 reditum
1181 1549 1354 1585 Massiliam
1366 1559 1494 1592 cogere
1509 1545 1665 1583 voluerit
1680 1569 1694 1588 ,
1705 1545 1759 1581 vel
1777 1568 1789 1588 ,
1804 1545 1898 1592 quod
1924 1545 1973 1579 liae
1989 1542 2162 1579 excessum
2179 1543 2260 1579 vitae
2274 1543 2372 1588 rigo-

313 1595 384 1638 ris,
408 1607 480 1642 quo
497 1595 529 1632 se
545 1597 736 1633 macerabat
754 1620 769 1639 ,
787 1595 950 1635 Novitiis
974 1597 1083 1642 magis
1096 1598 1130 1632 in
1155 1597 1420 1634 deslrue'tionem
1435 1620 1446 1639 ,
1467 1597 1571 1644 quain
1596 1592 1859 1631 aedificationem
1881 1592 1953 1629 fore
1979 1591 2183 1628 remiserint.
2209 1589 2371 1638 lndagini

311 1644 439 1679 motivi
457 1644 602 1681 verioris
615 1645 696 1680 dum
716 1655 785 1680 non
804 1643 916 1682 insisto
931 1669 941 1687 ,
956 1657 1086 1682 certum
1101 1658 1224 1690 manet,
1238 1645 1336 1694 quod
1350 1646 1410 1682 illa
1427 1657 1471 1682 ex
1489 1646 1576 1680 duro
1589 1644 1655 1680 lioc
1679 1643 1841 1690 repudio,
1858 1643 2075 1678 voluntatem
2094 1642 2160 1676 Dei
2188 1653 2257 1678 non
2275 1638 2341 1677 esse
2353 1663 2368 1682 ,

310 1700 348 1725 ut
361 1693 449 1728 iuter
467 1691 582 1729 (κᾶν
603 1693 787 1737 Religiosae
801 1695 879 1729 vitae
892 1693 1125 1739 deliciaretur,
1140 1696 1211 1738 sed,
1229 1707 1266 1731 ut
1282 1695 1323 1731 ad
1339 1694 1419 1731 vitae
1430 1692 1553 1731 afilivae
1582 1692 1707 1729 rediret
1738 1690 1958 1727 ministerium
1975 1713 1987 1731 ς
2001 1690 2209 1727 concluserit
2229 1703 2240 1732 3
2269 1689 2366 1733 inde,

308 1740 391 1774 dum
405 1739 496 1776 inter
509 1741 662 1786 Sponsas
677 1741 807 1778 Christi
835 1744 962 1786 degere
988 1755 1057 1778 non
1073 1736 1218 1789 potuit,
1239 1744 1283 1779 ad
1314 1754 1500 1788 pauperem
1528 1743 1671 1779 viduam
1700 1739 1881 1788 pistricem,
1895 1741 1930 1775 in
1947 1739 2110 1775 suburbio
2135 1740 2172 1776 S.
2190 1737 2368 1774 Honorati

308 1787 530 1823 constantem
546 1811 558 1831 ,
581 1787 713 1834 rejecto
729 1812 740 1828 ,
752 1789 811 1835 qui
828 1788 888 1833 ipsi
904 1791 924 1824 a
938 1791 1054 1834 primis
1074 1793 1172 1825 Aulae
1186 1791 1355 1827 Matronis
1369 1790 1604 1834 offerebatur,
1619 1792 1826 1836 palatiorum
1843 1788 1998 1824 incolatu
2012 1812 2023 1831 ‚
2037 1798 2116 1823 cum
2131 1790 2244 1830 puella
2271 1785 2370 1823 serva

308 1834 455 1872 seccessit
470 1860 483 1880 ,
495 1848 534 1872 ac
555 1847 746 1883 pauperum
763 1836 931 1882 obsequio
945 1837 1028 1874 mira
1047 1839 1242 1874 bumilitate
1258 1839 1290 1874 in
1306 1839 1539 1876 Xenodochio
1557 1837 1725 1877 Parisiensi
1753 1837 1784 1876 se
1802 1838 1834 1874 se
1858 1835 2069 1881 mancipavit
2083 1860 2096 1880 ,
2119 1845 2368 1881 egrotorum-a

311 1885 426 1922 ulcera
442 1896 567 1921 curans
583 1911 594 1926 ‚
606 1896 792 1931 pauperum
815 1885 980 1932 inopiam,
992 1885 1137 1924 collecta
1153 1898 1211 1934 per
1229 1890 1359 1934 plateas
1373 1886 1456 1933 stipe
1478 1887 1648 1937 adjuvans
1659 1913 1669 1929 ‚
1685 1889 1720 1924 &
1741 1897 1876 1929 omnes,
1898 1895 1972 1922 turn
1988 1883 2132 1922 illibatae
2158 1884 2240 1921 vitae
2252 1890 2370 1922 exem·

307 1934 368 1979 plo
379 1956 391 1975 ,
413 1943 484 1969 tuni
500 1933 581 1970 vilis
595 1934 769 1970 ministerii
781 1933 968 1977 exercitio,
984 1935 1018 1971 in
1040 1936 1212 1982 stuporem
1228 1937 1388 1979 traheris,
1405 1936 1511 1982 usque
1527 1938 1610 1974 dum
1641 1949 1733 1974 anno
1754 1938 1845 1982 1627
1886 1935 2009 1971 morbo
2031 1933 2164 1970 acriore
2176 1941 2338 1979 correpta
2350 1952 2366 1975 2

307 1982 478 2030 sacrisque
497 1983 657 2019 omnibus
670 1982 811 2028 expiata
826 1983 993 2024 ‚animam
1007 1984 1154 2018 reddidit
1169 1987 1250 2019 Deo
1263 1984 1428 2018 Creatori
1451 1985 1512 2018 sno
1526 2009 1536 2020 .
1554 1985 1647 2020 Viva
1676 1987 1758 2018 dum
1781 1983 1866 2017 inter
1881 1981 2085 2026 Capucinas
2107 1981 2192 2014 mori
2215 1991 2284 2016 non
2299 1988 2366 2024 pot·

308 2030 374 2066 tuit
389 2055 399 2070 ,
411 2043 548 2065 mortua
562 2033 648 2065 inter
667 2030 744 2064 illas
772 2030 893 2063 vivere
905 2029 1026 2063 debuit
1043 2030 1077 2063 in
1089 2029 1255 2062 memoria
1277 2027 1535 2062 benedictionis.
1551 2033 1759 2071 pervulgato
1778 2028 1867 2060 enim
1893 2027 1969 2070 ejus
1981 2027 2023 2059 ad
2049 2027 2204 2066 Superos
2223 2026 2362 2070 secessu,

309 2078 456 2112 cadaver
471 2075 608 2110 Habitu
633 2073 820 2118 Capucino
834 2074 991 2107 indutum
1007 2095 1018 2114 ,
1033 2072 1222 2118 requirente
1250 2071 1304 2106 Fr.
1324 2071 1543 2115 Archangelo
1572 2073 1615 2107 de
1640 2072 1827 2115 Bembrot,
1852 2071 2023 2107 destitistis
2039 2073 2135 2118 aeque
2157 2098 2167 2113 ,
2188 2085 2228 2109 ac
2258 2074 2357 2110 Filia·

306 2135 381 2160 rum
398 2122 557 2159 Passionis
572 2119 789 2158 Confessario
806 2144 818 2163 ,
833 2122 874 2156 ad
891 2122 1008 2155 harum
1027 2120 1275 2156 Monasterium
1297 2119 1361 2154 fuit
1380 2118 1665 2164 transportatum,
1680 2118 1797 2175 ibique
1814 2119 1974 2166 nequii<
1986 2144 1998 2163 ‚
2022 2121 2152 2167 majore
2167 2145 2180 2162 ,
2200 2133 2271 2168 quo
2285 2121 2360 2160 fieri

307 2181 466 2219 poterat,
486 2169 598 2206 luatis
616 2179 782 2214 apparatu
801 2168 900 2208 factis
912 2194 923 2210 ‚
939 2169 971 2205 8(
988 2170 1147 2205 oratione
1160 2168 1297 2203 funebri
1316 2170 1336 2202 a
1352 2169 1405 2204 Fi.
1420 2168 1595 2214 Raphaele
1610 2169 1651 2205 de
1665 2168 1767 2204 Clois
1793 2167 1906 2205 habita
1923 2169 2122 2210 terminatis,
2138 2170 2357 2208 inhumatum

308 2221 356 2256 est
372 2244 383 2261 ‚
400 2220 477 2254 loco
495 2229 552 2264 per
566 2219 718 2252 Crucem
735 2218 866 2261 nigram
883 2241 895 2260 ,
914 2218 970 2253 cui
992 2229 1119 2253 nomen
1131 2216 1296 2252 defunfiae
1313 2216 1509 2261 inscriptum
1522 2241 1532 2259 ,
1546 2217 1581 2253 8(
1599 2218 1729 2253 scutum
1744 2215 1950 2262 gentilitium
1964 2217 2104 2253 affixum
2118 2228 2205 2262 erat,
2217 2230 2356 2257 notato.

308 2266 480 2304 Mirabilia
497 2291 507 2307 ,
522 2268 647 2313 quibus
662 2267 758 2300 Deus
779 2267 973 2301 memoriam
990 2266 1165 2302 servaesuoe
1183 2265 1356 2309 pereniiari
1377 2265 1515 2303 voluit,
1532 2265 1622 2302 varia
1638 2265 1731 2302 fuere
1747 2287 1760 2307 ‚
1779 2276 1854 2311 quae
1870 2264 1940 2300 vira
1970 2265 2159 2313 typisediia
2183 2271 2288 2311 longo
2301 2280 2359 2304 or-

306 2317 387 2352 dine
407 2325 518 2351 narrat
535 2339 545 2351 .
574 2312 712 2350 Norass'e
733 2326 846 2348 autem
868 2313 920 2350 hic
936 2313 1198 2360 sufficiat,quod
1221 2314 1440 2359 'incorruptos
1455 2312 1599 2349 Marthae
1619 2324 1747 2349 mores,
1768 2323 1893 2358 corpus
1907 2311 2039 2349 abunde
2056 2314 2263 2359 probaverit,
2276 2319 2359 2354 dum

305 2375 369 2411 per
388 2365 504 2408 plures
517 2374 623 2397 annos
650 2362 886 2406 corruptionis
908 2363 1051 2397 vulnera
1068 2373 1135 2396 non
1149 2361 1267 2403 sensit,
1284 2373 1443 2406 annoque
1462 2363 1561 2408 ¹⁶55·
1576 2373 1647 2408 quo
1658 2363 1757 2397 aliam
1767 2362 1929 2397 Sororem
1955 2362 1988 2395 in
2003 2363 2124 2397 eodem
2143 2363 2221 2398 loco
2235 2363 2356 2412 sepeli-

308 2413 335 2447 ri
347 2410 492 2455 contigit
504 2434 516 2452 ,
530 2410 696 2454 integrum
720 2409 762 2443 ab
777 2410 935 2444 omnibus
951 2408 1058 2444 visum
1072 2410 1118 2444 est
1130 2434 1141 2451 ‚
1155 2411 1175 2444 a
1190 2421 1262 2455 quo
1277 2411 1358 2444 dum
1375 2420 1477 2454 caput
1491 2412 1634 2454 separari
1661 2407 1830 2445 necessum
1844 2419 1927 2452 erat,
1943 2408 2082 2444 inferior
2098 2410 2198 2446 menti
2212 2423 2290 2459 pars
2316 2413 2355 2450 in

309 2461 444 2496 tumulo
469 2457 586 2494 reliGta
602 2482 612 2500 ,
626 2455 778 2500 superior
794 2466 906 2492 autem
919 2468 996 2492 cum
1017 2458 1182 2494 dentibus
1195 2457 1353 2494 omnibus
1367 2461 1386 2493 a
1405 2458 1616 2495 Muniaiibus
1631 2455 1864 2493 Parisiensibus
1880 2457 1913 2491 in
1930 2459 2054 2503 pignus
2066 2469 2204 2500 mutuae,
2218 2471 2294 2507 quae
2307 2461 2358 2498 in-

309 2519 363 2545 ter
374 2518 431 2544 eas
445 2506 538 2552 viget
550 2531 563 2551 ‚
577 2504 770 2548 societatis,
784 2505 995 2541 Monialibus
1011 2506 1164 2542 Massiliae
1179 2508 1309 2543 donata
1331 2508 1402 2549 est,
1431 2509 1465 2543 in
1491 2507 1610 2545 harum
1625 2505 1781 2545 sacristia
1793 2518 1871 2543 cum
1887 2507 2041 2557 priorum
2066 2507 2134 2544 side
2148 2510 2260 2547 adnue
2271 2521 2354 2551 con-

302 2559 432 2594 servata
447 2583 454 2591 .

402 2607 438 2640 ln
463 2604 577 2650 requie
589 2613 724 2649 aeterna,
741 2605 824 2642 dum
843 2603 1017 2640 Martham
1041 2602 1282 2640 fundatricem
1300 2605 1461 2652 relinquo
1476 2631 1487 2650 ‚
1502 2607 1545 2642 ad
1561 2604 1719 2642 institutae
1739 2605 1939 2642 narrationis
1953 2604 2207 2647 Ordinem‚seu
2221 2607 2354 2645 fundati

303 2653 504 2690 Monasterii
519 2653 727 2699 progressum
745 2653 969 2697 regredior.G
977 2652 1187 2689 ubernarum
1202 2655 1292 2690 illud
1306 2655 1366 2690 sub
1385 2656 1566 2691 Abbatiffae
1583 2656 1687 2690 titulo
1698 2664 1764 2692 tres
1775 2656 1920 2691 Sorores
1934 2652 2124 2692 parisienses
2135 2657 2354 2704 alternative,

303 2701 408 2748 usque
421 2703 463 2737 ad
475 2713 600 2737 annum
619 2704 736 2749 1652„
756 2700 897 2738 suffultat
910 2700 1062 2738 consiliis
1073 2702 1230 2738 Fratrum
1244 2703 1534 2751 ,jurisdie‘tionem
1550 2704 1759 2751 spiritualem
1780 2705 2013 2740 exercentium
2029 2730 2038 2740 .
2064 2705 2122 2739 Ad
2141 2717 2269 2751 paucos
2293 2718 2352 2742 an-

301 2763 368 2789 nos
383 2751 490 2789 fuerat
507 2751 574 2787 haic
590 2753 685 2796 prius
704 2753 867 2792 limitata,
884 2750 931 2786 ita
948 2762 986 2785 ut
1005 2762 1068 2798 pro
1082 2750 1156 2798 ejus
1179 2754 1399 2788 renovatione
1417 2754 1564 2789 Romam
1589 2765 1657 2788 non
1681 2753 1780 2789 semel
1796 2764 1967 2788 recurrere
1995 2755 2214 2798 oportuerit,
2238 2755 2350 2792 «sance

300 2800 434 2836 tandem
461 2811 553 2834 anno
571 2802 670 2845 1640.
689 2812 748 2847 per
778 2800 942 2846 Diploma
967 2798 1093 2836 Vicarii
1111 2800 1298 2837 Generalis
1319 2802 1580 2844 Avenionensis,
1600 2802 1760 2839 Friderici
1776 2801 1921 2844 Sfortia,
1940 2811 1988 2837 eir.
2003 2802 2158 2838 Ducibus
2174 2804 2214 2839 S.
2230 2803 2352 2848 Flora,

302 2847 506 2894 Apostolica
520 2847 722 2886 auctoritate
741 2850 867 2886 editum
880 2872 891 2890 ,
911 2847 947 2884 8(
965 2848 1122 2895 superins
1131 2852 1224 2885 datas
1236 2849 1424 2886 Clementis
1441 2852 1487 2887 X.
1504 2851 1649 2892 litteras,
1664 2851 1697 2886 in
1713 2859 1915 2897 perpetuum
1927 2850 1990 2886 fuit
2004 2850 2354 2900 extensa.Qerem,

305 2898 376 2944 qua
392 2898 559 2934 Moniales
573 2898 606 2933 iri
621 2899 697 2935 vitae
719 2898 886 2943 regularis
899 2896 996 2933 ascesi
1011 2923 1022 2940 ,
1036 2911 1077 2935 ea
1098 2897 1207 2934 solum
1218 2921 1230 2940 ,
1245 2910 1320 2944 quae
1345 2900 1484 2933 Domini
1499 2899 1586 2942 sunt,
1599 2901 1806 2944 cogitarunt,
1828 2901 2042 2947 Nomenque
2060 2898 2133 2947 ejus
2153 2900 2214 2937 diu
2228 2899 2350 2938 ιιοέὶιι-

304 2957 371 2992 que
403 2957 459 2990 per
475 2946 559 2990 regii
577 2947 677 2985 Vatis
695 2947 841 2983 carmina
855 2946 1077 2989 invocarunt,
1097 2959 1166 2982 non
1182 2957 1299 2992 parum
1315 2947 1471 2983 distraxit
1495 2950 1628 2993 Regius
1650 2950 1752 2984 Ordo
1771 2973 1781 2990 ,
1803 2960 1875 2995 quo
1903 2949 2199 2985 armamentarium
2228 2949 2350 2988 Trire·

301 2992 407 3029 mium
424 2997 604 3040 ampliari,
620 3007 801 3044 eapropter
815 2994 1056 3032 sanctuarium
1071 2993 1218 3042 ipsarum
1234 2995 1450 3042 derelinqui,
1466 3009 1504 3032 ac
1515 3000 1663 3033 Sorores
1678 2998 1719 3032 ad
1732 2999 1844 3034 locum
1858 3025 1864 3032 .
1888 2998 1946 3033 seu
1972 2998 2058 3034 aedes
2083 3007 2192 3038 novas
2208 3024 2218 3039 ,
2241 2997 2342 3033 horto

304 3042 452 3078 Domini
466 3043 506 3078 de
522 3044 680 3082 Μαι-ενοι
702 3045 902 3090 contiguas,
916 3044 1084 3090 regiisque
1099 3042 1254 3088 expensis
1269 3055 1384 3079 earum
1399 3045 1600 3081 habitationi
1620 3047 1810 3091 adaptatas,
1829 3045 1999 3084 transferri
2013 3045 2121 3082 fuerat
2137 3044 2342 3094 injunfikum.

309 3091 559 3138 Quantumque
576 3094 671 3139 asper
697 3094 856 3131 acciderit
874 3094 928 3130 hic
947 3093 1107 3136 nuntius,
1119 3092 1279 3136 religiose
1297 3104 1403 3128 tamen
1419 3094 1625 3130 ordinationi
1647 3094 1754 3138 Regis
1780 3095 1811 3131 se
1829 3095 2070 3131 submittebant
2085 3092 2241 3141 ,fuitque
2256 3105 2344 3140 ope·

303 3139 330 3174 ri
343 3139 459 3174 datum
481 3141 681 3186 principium
697 3143 916 3180 translatione
944 3142 1171 3181 cadaverum,
1183 3140 1369 3186 ossiumque
1384 3141 1619 3179 defunetarum
1643 3145 1812 3180 Sororum
1824 3168 1837 3187 ‚
1856 3144 1981 3189 quibus
1997 3166 2009 3186 ,
2035 3151 2070 3178 iit
2085 3141 2246 3177 residuam
2264 3152 2339 3178 car·

303 3198 379 3224 nem
394 3187 623 3233 consumeret,
649 3193 728 3227 calx
756 3194 835 3228 viva
861 3191 1100 3228 effundebatur
1116 3215 1126 3226 .
1153 3189 1237 3226 Visu
1258 3201 1369 3225 autem
1400 3191 1556 3226 mirabiie
1587 3192 1650 3228 fuit
1667 3215 1678 3233 ,
1702 3193 1798 3238 quod
1824 3193 1961 3227 unicum
1986 3189 2128 3227 Sororis
2159 3190 2343 3227 Franciscae

300 3235 559 3273 Avenionensis
570 3238 717 3273 cadaver
735 3265 745 3280 ‚
760 3241 858 3276 tertia
874 3240 1097 3287 quantumvis
1114 3238 1201 3282 vice,
1211 3238 1302 3274 calce
1318 3237 1487 3284 perfusum
1500 3265 1510 3280 ‚
1540 3253 1577 3276 ac
1604 3252 1662 3285 per
1675 3240 1870 3276 octodecim
1893 3238 2021 3275 menses
2051 3237 2217 3285 squallidi
2233 3238 2340 3275 humo

300 3283 371 3333 jam
385 3283 511 3320 testum
525 3308 537 3327 ,
555 3287 683 3322 vuinus
700 3289 929 3334 corruptionis
955 3300 1027 3324 non
1048 3287 1237 3330 admiserit,
1258 3287 1414 3324 manserit
1442 3288 1595 3324 flexibile
1610 3312 1622 3331 ,
1639 3300 1678 3324 ac
1706 3289 1806 3333 supra
1831 3287 1952 3334 pebius
1972 3298 2108 3322 manum
2125 3310 2137 3329 ,
2165 3288 2339 3323 violenter

302 3335 403 3369 etiam
419 3333 500 3368 inde
520 3334 710 3378 admotam,
722 3336 849 3382 semper
862 3360 873 3379 ,
884 3337 918 3374 &
934 3337 993 3373 usu
1009 3363 1020 3379 ,
1046 3337 1080 3373 in
1108 3336 1200 3373 vivIs
1216 3337 1259 3372 ab
1285 3349 1327 3372 eo
1341 3334 1526 3382 practicam
1540 3337 1749 3383 reposuerit.
1775 3335 1941 3372 Concivit
1957 3337 2098 3371 novitas
2111 3334 2204 3372 rei&
2229 3338 2342 3372 Soro-

299 3393 375 3417 rum
389 3406 401 3426 ‚
419 3381 453 3418 &
476 3382 681 3419 saecularium
695 3386 938 3422 accurrentium
954 3386 1123 3432 stuporem
1135 3408 1146 3430 ,
1158 3386 1307 3432 dumque
1330 3385 1397 3421 illae
1409 3410 1422 3428 ,
1438 3386 1583 3421 cadaver
1599 3395 1693 3420 novo
1709 3384 1843 3420 Habitu
1857 3384 2015 3428 tegebant
2028 3407 2040 3427 ‚
2065 3383 2186 3420 horum
2201 3384 2259 3420 alii
2277 3385 2342 3420 mi·

302 3441 415 3468 rantes
430 3431 527 3477 super
540 3430 589 3467 his
603 3455 614 3475 ,
627 3444 701 3479 quae
720 3435 922 3470 videbantur
935 3434 1146 3483 ,jubilarunt
1165 3436 1244 3471 Deo
1256 3433 1463 3484 Jacob3alii
1483 3445 1600 3470 autem
1628 3433 1809 3469 tundentes
1836 3434 1975 3480 penora
1995 3432 2052 3468 sua
2072 3457 2085 3477 ,
2103 3433 2337 3471 conversionis

299 3477 364 3515 suae
379 3479 553 3516 consilium
566 3480 779 3528 incoeperunt
793 3508 803 3519 .
824 3484 873 3520 lta
888 3484 1120 3531 prodigiosum
1134 3495 1272 3531 quoque
1288 3484 1397 3518 visum
1410 3483 1456 3519 est
1477 3483 1572 3526 regio
1591 3482 1728 3518 cuidam
1742 3481 1830 3517 Belli
1847 3482 1939 3518 Duci
1960 3482 2167 3519 Acatholico
2181 3482 2248 3519 hoc
2263 3482 2338 3524 spe-

300 3527 470 3564 &taculum
485 3540 549 3571 ‚ut
574 3529 731 3566 latentem
746 3532 778 3566 in
804 3544 846 3567 eo
871 3545 1005 3569 manum
1033 3532 1381 3576 Dominiagnosceret
1399 3556 1412 3575 ,
1439 3531 1678 3568 &Catholicae
1695 3530 1846 3566 Ecclesia:
1862 3556 1872 3571 ,
1897 3531 1931 3566 in
1950 3542 2018 3576 qtia
2042 3533 2138 3567 Deus
2163 3531 2196 3567 in
2227 3531 2333 3567 servis

302 3575 368 3612 suis
381 3578 551 3614 mirabilia
575 3589 794 3625 operaretur,
819 3580 851 3617 se
881 3581 912 3616 se
925 3582 1096 3618 addiceret
1109 3607 1119 3618 .
1146 3583 1285 3617 Illarum
1301 3580 1516 3627 postmodum
1542 3579 1674 3616 funebri
1690 3604 1699 3620 ,
1715 3591 1791 3627 quae
1816 3591 1892 3615 cum
1907 3581 1982 3616 aliis
1996 3581 2164 3616 Sororum
2189 3579 2332 3617 exuviis

297 3623 368 3671 jam
385 3625 519 3673 incepta
543 3639 637 3670 erat,
665 3629 861 3675 processioni
880 3630 1057 3667 Franciseae
1067 3631 1210 3667 cadaver
1224 3655 1238 3674 ,
1263 3630 1310 3665 ita
1328 3628 1454 3666 effusus
1480 3630 1687 3675 populorum
1714 3627 1896 3666 concursus
1916 3628 2142 3675 sequebatur,
2169 3638 2207 3665 ut
2236 3628 2335 3663 liberi

303 3682 364 3717 Pe‘
384 3674 510 3716 plateas
532 3676 677 3714 incessus
695 3689 766 3713 non
788 3678 866 3713 esset
879 3680 974 3724 copia
988 3679 1232 3726 ,debueritque
1250 3702 1262 3723 ,
1276 3690 1316 3714 ne
1332 3680 1416 3722 quid
1429 3679 1470 3714 de
1494 3679 1668 3715 Franciscie
1692 3677 1859 3713 cadavere
1885 3679 2067 3713 tolleretur
2080 3702 2090 3719 ,
2104 3686 2232 3714 armato
2243 3676 2335 3711 misi-

305 3729 339 3756 te
360 3724 542 3770 praecaveri
558 3749 568 3763 .
594 3728 744 3776 Excepit
756 3727 796 3764 ad
813 3736 945 3775 portam
960 3728 1112 3768 Ecclesiae
1126 3731 1166 3767 P.
1178 3727 1401 3768 Guardianus
1427 3738 1619 3775 exanguem
1635 3726 1784 3765 manium
1803 3738 1991 3776 pompam,
2007 3727 2042 3764 &
2059 3727 2140 3766 dum
2152 3722 2330 3764 francisce

2228 3783 2286 3811 οὗ.
