2592 4094
369 347 443 378 nec
461 345 636 388 unquam
651 331 690 374 in
709 333 855 375 Choro
869 329 1080 371 omittatur
1093 352 1108 377 ,
1139 323 1240 367 sicut
1270 339 1346 369 nec

369 391 566 438 Divinum
583 390 801 441 Officium3
830 390 920 430 Una
945 385 1046 426 hora
1072 383 1150 425 erit
1163 384 1212 426 ad
1227 385 1343 440 quin-

368 463 451 496 tam
471 452 716 494 Matutinam
732 474 745 495 2
763 448 890 486 altera
905 442 990 497 post
1003 441 1350 498 Completorium,

367 511 489 566 idque
512 524 583 565 per
611 517 744 547 totum
767 514 942 543 annum:
965 511 1058 544 ante
1085 503 1347 547 orationem,

368 571 614 614 Matutinam
635 564 823 618 legentur
839 560 1004 603 Litaniae
1030 560 1082 603 de
1103 562 1279 613 Sanffls,
1310 564 1348 603 δι

403 628 460 669 ost
472 621 794 677 Cempletorium
814 619 979 661 Litaniae
993 620 1044 662 de
1058 619 1189 662 nostra
1206 621 1350 662 Domi-

366 643 419 731 ga
452 689 702 727 Lauretana.
726 677 966 734 Intelligant
992 689 1126 722 autem
1150 679 1349 732 Sorores,

368 742 474 801 quod
492 738 673 781 omnibus
701 737 778 780 suis
794 737 1041 780 orationibus
1058 767 1072 791 ‚
1095 739 1134 780 &
1148 739 1350 781 exercitiis

368 814 449 845 tam
470 798 635 839 internis
650 825 664 847 ‚
681 797 798 851 quam
814 796 993 840 externis
1006 826 1022 848 ,
1049 799 1162 852 super
1184 797 1346 840 omnia..

367 856 589 901 desiderare
603 854 780 898 debeant
800 855 948 897 habere
972 855 1148 911 spiritum
1167 856 1245 899 Dei
1261 885 1278 907 ,
1311 856 1352 898 δι

368 917 536 961 sanctam
554 913 638 970 ejus
654 913 935 968 operationem
949 941 963 964 ‚
983 924 1177 969 ponentes
1189 928 1350 957 omnem

367 988 536 1031 operam
563 973 602 1014 in
621 971 870 1025 acquirendo
898 972 1035 1028 spiritu
1059 973 1198 1016 nostrae
1227 987 1350 1018 voca-

368 1033 493 1077 tionis
509 1060 522 1083 ,
547 1031 611 1088 qui
639 1029 693 1072 est
720 1030 882 1086 spiritus
911 1032 1146 1084 Orationis,
1171 1033 1210 1073 δι
1226 1032 1352 1074 intro-

368 1089 560 1135 versionis
575 1116 589 1137 s
605 1086 764 1145 spiritus
779 1091 1022 1145 paupertatis
1034 1117 1048 1141 ,
1069 1093 1108 1133 δι
1121 1089 1353 1145 simplicita—

368 1154 446 1199 tis,
469 1149 624 1206 spiritus
652 1148 889 1191 austeritatis
905 1175 919 1199 ,
943 1150 982 1191 &
1005 1148 1324 1192 mortificationis
1340 1177 1354 1199 ,

372 1210 534 1266 spiritus
551 1207 656 1263 pacis
670 1235 683 1259 ‚
695 1209 733 1249 &
745 1207 971 1257 charitatis,
989 1206 1152 1264 spiritus
1169 1206 1352 1250 solitudi-

369 1269 429 1312 nis
443 1295 456 1316 ,
476 1271 513 1310 &
529 1265 701 1318 silentii,
723 1274 769 1307 ut
784 1266 821 1307 in
835 1267 1017 1308 omnibus
1046 1265 1088 1307 sit
1116 1281 1188 1310 cor
1206 1280 1326 1307 unum
1343 1293 1360 1315 ‚

370 1327 479 1370 idem
505 1325 664 1379 spiritus
691 1351 705 1374 ‚
733 1323 921 1367 voluntas
949 1324 1089 1367 eadem
1114 1353 1127 1375 ‚
1153 1324 1356 1366 voluntati

369 1386 451 1428 Dei
468 1413 480 1434 ,
494 1384 534 1424 &
550 1382 810 1438 superiorum
825 1382 1028 1438 conjuncta
1045 1410 1059 1433 a
1077 1384 1268 1426 habentes
1294 1395 1360 1438 pa-

370 1443 585 1492 tientiam,
617 1442 654 1482 &
682 1439 949 1483 humilitatem
979 1443 1017 1483 in
1035 1444 1145 1484 omni
1176 1439 1361 1498 persecu-

367 1503 484 1546 tione
502 1501 566 1551 ‚&
581 1498 815 1541 infirmitate
827 1526 841 1548 2
856 1499 1073 1556 diligentes
1087 1514 1158 1542 eos
1172 1527 1186 1550 ³
1204 1496 1269 1557 qui
1288 1513 1360 1542 nos

368 1560 688 1617 persequuntur,
704 1558 928 1611 reprimunt
944 1587 958 1609 ,
989 1561 1028 1600 &
1046 1569 1247 1615 arguunt,
1268 1559 1359 1614 quia

370 1617 572 1660 Dominus
602 1616 734 1657 noster
747 1615 875 1659 dixit:
904 1617 1075 1672 Diligite
1104 1618 1280 1660 inimicos
1295 1629 1360 1658 ve·

365 1676 471 1733 stros
487 1698 500 1720 ‚
522 1673 568 1718 ὅ
585 1682 694 1713 orate
699 1682 778 1727 pro
784 1675 1106 1730 perstqucnte‘bus
1118 1704 1132 1726 ,
1148 1676 1195 1724 θ’
1216 1678 1360 1718 calum·

374 1729 584 1775 niantibar
597 1744 657 1770 vos
674 1757 688 1779 ‚
712 1735 851 1777 Beati,
887 1736 957 1786 qui
976 1733 1278 1790 persi-curionem
1288 1743 1363 1788 pa-

373 1794 537 1834 tiuntur
543 1796 711 1841 propter
732 1788 954 1845 justitiam,
980 1790 1164 1843 quoniam
1193 1790 1364 1845 ipsarum

372 1848 602 1904 qllRegnum
615 1847 823 1895 Coelorum,
835 1845 960 1899 &qui
975 1846 1288 1905 perseveraverit
1300 1848 1366 1904 uf-

301 1915 307 1921 '
377 1920 451 1962 que
465 1906 507 1947 in
511 1904 633 1960 finem
650 1933 664 1953 ,
680 1904 883 1961 hicstzlvus
897 1903 1001 1947 crit.

487 1963 651 2019 Et,quia
667 1964 803 2005 omnia
819 1964 950 2005 nostra
967 1964 1163 2006 exercitia
1181 1963 1366 2019 spiritua-

369 2023 423 2066 lia
437 2050 452 2072 ‚
472 2021 721 2065 austeritates
738 2050 751 2070 ,
767 2021 1101 2072 mortificationes
1117 2024 1283 2064 internae
1296 2050 1312 2071 ,
1326 2023 1366 2070 ἅτ.

376 2093 553 2124 externae
567 2108 581 2127 ‚
599 2093 697 2132 quas
712 2077 951 2130 suscepimus
969 2093 1046 2131 pro
1065 2078 1152 2118 solo
1166 2105 1180 2127 ,
1206 2079 1248 2118 δι
1261 2091 1364 2129 puro

376 2150 516 2180 amore
525 2134 615 2191 Jesu
630 2134 780 2176 Christi
795 2133 929 2182 sponsi
946 2134 1065 2175 nostri
1090 2132 1304 2183 Crucifixi,
1316 2142 1361 2174 ut

378 2195 440 2238 illi
457 2209 506 2237 ex
520 2192 629 2234 omni
646 2200 761 2246 parte
775 2191 847 2233 sint
863 2190 1027 2245 placita,
1042 2190 1194 2234 debent
1210 2206 1280 2247 per
1293 2204 1366 2232 nos

375 2252 607 2309 specialiter
634 2249 681 2292 ad
700 2250 886 2291 eumdem
902 2247 1019 2292 finem
1047 2251 1277 2303 proximum
1303 2263 1367 2290 re-

373 2311 471 2355 ferri
487 2338 501 2360 ,
517 2323 636 2365 quem
651 2307 758 2349 idem
780 2308 975 2349 Dominus
992 2308 1123 2349 noster
1138 2308 1204 2348 fibi
1221 2321 1369 2361 propo-

373 2371 448 2413 suit
472 2371 510 2409 in
526 2367 711 2410 omnibus
725 2366 915 2419 operibus
941 2363 1016 2405 suis
1030 2365 1277 2418 poenalibus:
1295 2366 1369 2406 Ni·

377 2430 520 2471 mirum
551 2424 601 2466 ad
619 2423 788 2465 salutem
806 2421 1042 2465 Animarum
1070 2423 1247 2478 pretioso
1274 2428 1372 2467 San·

379 2487 502 2544 guine
516 2481 584 2524 suo
599 2480 902 2536 redemptarum
918 2493 933 2532 3
949 2479 1035 2522 finis
1051 2507 1065 2527 2
1087 2481 1201 2539 cujus
1213 2484 1341 2524 Amor
1358 2510 1373 2533 ,

379 2544 577 2588 Divinum
603 2539 689 2596 ejus
706 2541 840 2595 peetus
866 2539 921 2581 ita
937 2537 1133 2595 poffidet,
1165 2551 1208 2582 ut
1226 2540 1372 2584 illum..

375 2600 481 2660 quasi
512 2598 857 2641 mansuetissimum
883 2597 1109 2653 Agnellum
1144 2599 1372 2643 reddiderit

375 2659 637 2703 obedientem
663 2661 786 2713 usque
819 2657 868 2697 ad
894 2667 1069 2699 mortem
1107 2658 1255 2702 Crucis
1272 2687 1286 2710 ‚
1319 2656 1374 2699 sui

379 2719 492 2764 nulla
515 2718 676 2759 ratione
693 2714 846 2768 habitan
859 2729 1012 2772 aequum
1027 2715 1082 2758 est
1094 2717 1218 2775 igitur
1231 2719 1372 2767 etiam,

378 2789 424 2822 ut
445 2791 514 2820 nos
535 2774 788 2831 pauperculae
803 2775 853 2817 ad
880 2776 1148 2818 imitationem
1175 2775 1259 2833 ejus
1274 2788 1376 2823 ‚no-

379 2838 446 2881 stri
474 2833 716 2878 dilectissimi
732 2832 886 2888 Sponfi,
904 2834 1026 2877 nostri
1042 2863 1055 2886 ‚
1088 2837 1125 2878 &
1146 2835 1298 2891 proprii
1317 2833 1375 2874 in—

382 2892 525 2941 teresse
539 2893 674 2937 oblitae
692 2921 705 2943 ‚
721 2893 937 2948 praesertim
967 2907 1058 2935 cum
1085 2895 1123 2936 in
1141 2894 1224 2950 ipso
1237 2889 1375 2948 posses-

379 2956 527 2997 sionem
543 2982 557 3004 ,
576 2955 612 2995 δι
629 2949 863 2994 fruitionem
881 2951 1003 2992 totius
1021 2953 1106 2994 veri
1124 2953 1217 2995 boni
1235 2954 1372 2994 habea-

383 3027 466 3057 mus
482 3042 495 3063 ,
516 3011 642 3055 solum
662 3008 841 3053 interesse
852 3009 939 3065 Jesu
953 3010 1101 3052 Christi
1118 3012 1156 3052 in
1187 3011 1372 3052 omnibus

383 3071 571 3127 operibus
603 3071 643 3111 δι
675 3069 879 3111 laboribus
912 3070 1053 3111 nostris
1082 3081 1344 3124 procuremus
1360 3095 1373 3119 ‚

383 3129 500 3172 tantb
520 3127 775 3183 magis‚quod
794 3130 915 3171 Pater
930 3127 1060 3171 noster
1077 3130 1240 3170 Sanctus
1259 3130 1376 3169 Fran-

388 3190 517 3231 ciscus
534 3185 684 3227 amicus
712 3186 848 3240 Sponsi
865 3215 879 3237 ‚
906 3185 1020 3240 super
1037 3188 1110 3229 hoc
1137 3183 1376 3242 inspiratus,

388 3251 429 3289 δε
452 3243 676 3287 illustratus
701 3243 884 3296 aSpiritu
900 3245 1059 3294 Sanan,
1082 3245 1220 3302 quoad
1248 3245 1377 3294 vixit,

384 3305 487 3348 nihil
509 3302 756 3356 respiravit,
773 3302 870 3345 nihil
887 3304 1063 3359 quaesivit
1082 3332 1096 3355 2
1122 3304 1222 3347 nihil
1250 3304 1377 3346 inten-

381 3364 469 3413 dit,
490 3363 529 3404 in
558 3361 631 3403 suis
658 3361 842 3403 omnibus
869 3363 1102 3411 laboribus,
1132 3361 1376 3417 praedicatio-

379 3425 524 3472 nibus,
551 3420 762 3462 itineribus
780 3449 793 3470 ,
827 3422 931 3465 inter
947 3421 1138 3465 Infideles
1152 3447 1167 3469 a
1196 3422 1233 3463 in
1249 3421 1376 3463 omni-

382 3484 455 3525 bus
471 3479 547 3523 suis
572 3480 676 3522 votis
692 3480 922 3532 moriendi,
955 3483 993 3523 &
1008 3481 1250 3536 Sanguinem
1264 3479 1373 3523 suum

385 3539 623 3584 effundendi
641 3567 654 3591 ,
668 3539 786 3593 quain
803 3537 927 3583 solum
954 3538 1140 3583 interesse
1153 3540 1287 3593 Sponsi
1306 3541 1374 3595 Je-

378 3601 418 3699 {sl
448 3598 600 3643 Christi
614 3628 630 3651 ‚
658 3596 768 3655 quod
795 3600 834 3639 in
868 3601 1091 3644 animarum
1117 3597 1245 3641 salute
1278 3612 1374 3643 con-

403 3659 478 3699 istit
498 3687 509 3697 .

501 3720 640 3772 Qare
661 3719 709 3761 ad
729 3718 936 3761 tantillum
953 3715 1376 3775 boni,quodD0minus

390 3773 579 3829 dignatur
608 3778 672 3820 sua
701 3780 884 3835 bonitate
901 3791 972 3833 per
990 3792 1059 3821 nos
1080 3777 1240 3834 operari
1270 3776 1373 3834 (in-2

1099 187 1701 271 Provincia„

1407 326 1602 383 quantum
1618 323 1730 367 villud
1759 323 2084 378 impetratorium
2100 328 2154 370 est
2171 331 2190 385 )
2205 329 2392 374 declara-

1410 398 1496 428 mus
1509 407 1523 432 2
1540 386 1577 426 &
1593 382 1855 436 intelligimus
1871 409 1885 433 ,
1898 384 1938 424 δι
1953 397 2044 424 cum
2057 387 2171 426 omni
2187 386 2391 432 sincerita-

1408 456 1450 487 te
1463 445 1595 486 cordis
1609 441 1860 486 obsecramus
1875 441 2055 484 divinam
2083 443 2331 497 bonitatem,
2345 453 2392 489 ut

1407 518 1452 547 ea
1467 506 1606 547 omnia
1628 501 1782 545 directe
1808 510 2028 544 convertat
2043 501 2083 543 in
2102 500 2274 544 salutem
2303 504 2395 545 ani-

1410 577 1564 605 marum
1586 563 1610 607 ὲ
1634 561 1729 617 Jesu
1755 559 1922 602 Christo
1947 559 2280 615 redemptarum«,
2311 574 2397 618 quae

1410 621 1564 677 degunt
1590 622 1699 663 inter
1722 617 1902 675 pericula
1922 618 2040 674 hujus
2068 621 2158 660 vitae
2185 619 2367 662 mortalis
2383 646 2399 673 ,

1410 690 1698 724 concurrentes
1713 677 2067 732 saltem2quantum
2083 675 2396 732 possunius20um

1409 739 1616 784 laboribus
1635 737 1826 793 boniJelu
1841 763 1857 785 ,
1875 738 1915 778 &
1931 749 2069 777 eorum
2083 765 2098 787 ,
2113 735 2254 790 quibus
2269 750 2317 778 ex
2332 734 2398 778 of·

1410 797 1502 841 ficio
1534 796 1731 839 incumbit
1763 793 1947 838 laborare
1981 808 2056 850 pro
2085 795 2213 837 salute
2244 795 2400 837 anima-

1412 871 1499 899 rum
1511 885 1524 908 ‚
1537 870 1628 899 cum
1645 853 1801 898 vocatio
1813 852 2080 897 &infirmitas
2102 851 2234 897 nostra
2251 878 2266 903 ,
2282 851 2400 909 plura

1410 930 1488 958 non
1507 916 1745 971 permittat-0
1977 935 1979 937 ·

1527 973 1748 1018 statuimus
1770 975 1895 1029 igitur
1910 1000 1922 1024 ‚
1952 979 1997 1013 ut
2030 973 2202 1013 Sorores
2225 982 2367 1012 omnes
2384 994 2402 1021 ‚

1413 1031 1601 1076 cordibus
1626 1031 1699 1074 suis
1719 1030 1919 1086 profunde
1936 1028 2102 1073 infixum
2127 1029 2296 1072 habeant
2322 1030 2400 1071 hoc

1413 1103 1498 1134 tam
1513 1090 1765 1146 acceptabile
1779 1089 2013 1133 sacrificium
2027 1116 2042 1140 ,
2067 1087 2185 1144 quale
2200 1088 2254 1129 est
2270 1087 2399 1131 Zelus

1413 1150 1652 1199 animarum,
1666 1150 1714 1193 ad
1729 1148 1768 1191 id
1785 1148 2008 1192 reserentes
2021 1145 2154 1188 omnia
2168 1171 2183 1193 2
2195 1147 2236 1186 δι
2248 1143 2402 1200 singula

1417 1209 1608 1252 exercitia
1624 1208 1688 1250 sua
1701 1235 1716 1259 ‚
1734 1209 1987 1251 austeritates
2002 1233 2016 1256 ‚
2035 1207 2072 1246 &
2087 1203 2208 1246 nostri
2225 1201 2402 1245 Instituti

1417 1266 1692 1310 observantias
1715 1279 1856 1310 omnes
1871 1293 1885 1315 a
1901 1263 2149 1308 orationibus
2176 1261 2252 1305 suis
2269 1261 2409 1319 priva·

1418 1326 1520 1381 tis&
1534 1324 1828 1374 communibus,
1849 1323 2001 1367 Divinae
2012 1320 2184 1365 bonitati
2198 1332 2406 1362 commen·

1420 1386 1564 1428 dantes
1595 1381 1755 1427 felicem
1784 1381 1998 1427 successum
2017 1378 2205 1423 Ecclefiae
2225 1379 2406 1422 Militan-

1421 1444 1472 1487 tis
1488 1471 1502 1493 -,
1516 1445 1556 1485 &
1572 1439 1798 1498 specialiter
1816 1450 1936 1486 orent
1965 1453 2042 1497 pro
2071 1437 2318 1481 Sanetiffimo
2333 1438 2408 1480 Pa-

1420 1514 1484 1546 tre
1511 1501 1644 1544 nostro
1661 1504 1789 1557 Papa,
1814 1501 1904 1557 Jesu
1933 1498 2084 1542 Christi
2115 1499 2309 1548 Vicario‚
2331 1505 2408 1551 pro

1420 1561 1591 1617 ejusdem
1607 1559 1792 1603 Ecclesiae
1806 1557 2068 1614 Principibus
2084 1584 2097 1607 ‚
2112 1558 2152 1598 δι
2167 1560 2290 1600 Sacro
2305 1551 2410 1597 Col·

1422 1621 1528 1674 legio
1560 1619 1839 1662 Cardinalium
1855 1649 1871 1671 ‚
1902 1630 1980 1674 pro
1995 1613 2314 1670 Archiepiscopis
2327 1639 2342 1664 ‚
2354 1611 2412 1653 E-

1423 1677 1593 1734 piscopis
1620 1705 1634 1727 ‚
1666 1677 1845 1721 Praelatis
1875 1705 1890 1727 ,
1916 1674 2142 1717 Pastoribus
2168 1701 2182 1724 ,
2208 1671 2411 1715 Praedica-

1423 1737 1582 1778 toribus
1598 1763 1613 1784 ,
1640 1736 1677 1774 &
1707 1735 1794 1777 aliis
1820 1732 2111 1776 Ecclefiasticis
2139 1731 2347 1786 personis,
2372 1728 2415 1769 δι

1423 1796 1463 1834 in
1493 1789 1725 1846 particulari
1762 1803 1837 1844 pro
1865 1787 2212 1830 Reverendiffimo
2241 1787 2415 1843 Episco-

1426 1864 1478 1906 po
1523 1846 1768 1890 Dioecesano
1792 1877 1808 1899 ,
1850 1847 2071 1902 Superiore
2107 1845 2241 1887 nostro
2268 1874 2283 1898 ,
2334 1843 2414 1886 suis

1425 1905 1772 1962 Cooperatoribus
1786 1931 1800 1955 2
1820 1904 2073 1956 Pastoribus‚
2087 1905 2128 1945 &
2153 1903 2283 1946 Clero
2296 1903 2418 1946 Dioe·

1425 1967 1571 2009 cesano
1603 1992 1617 2015 ‚
1655 1964 1722 2006 ubi
1747 1967 1989 2007 Conventus
2022 1962 2142 2006 nostri
2175 1963 2295 2005 ered'ti
2316 1987 2332 2009 ‚
2373 1961 2414 2002 &

1429 2022 1587 2064 fundati
1602 2019 1754 2063 fuerint
1765 2049 1782 2070 ,
1798 2021 1978 2063 similiter
1995 2023 2118 2062 etiam
2132 2034 2207 2074 pro
2225 2023 2417 2062 Conver-

1428 2079 1533 2120 fione
1550 2080 1818 2118 peccatorum
1834 2104 1846 2127 ,
1869 2078 2164 2120 Haereticorum
2174 2105 2192 2127 ‚
2217 2079 2257 2119 δι
2272 2076 2414 2118 infide-

1428 2136 1526 2178 lium
1539 2159 1552 2182 ,
1568 2133 1866 2188 &generaliter
1884 2148 1958 2190 pro
1972 2133 2158 2177 omnibus
2171 2162 2186 2184 ‚
2200 2136 2268 2190 qui
2281 2135 2403 2176 colla·

1429 2196 1572 2236 borant
1588 2191 1702 2235 saluti
1723 2193 1942 2236 animarum
1958 2206 1973 2246 3
2003 2196 2144 2249 ltaque
2160 2191 2313 2248 semper
2328 2208 2412 2236 me-

1428 2263 1563 2292 mores
1579 2251 1694 2291 simus
1711 2278 1724 2300 ,
1749 2251 1857 2306 quod
1881 2280 1895 2302 ,
1919 2252 2179 2307 quantumvis
2211 2252 2416 2295 austerita-

1430 2320 1491 2351 tes
1507 2306 1644 2349 nostrae
1658 2321 1808 2362 magnae
1826 2308 1899 2350 sint
1913 2337 1927 2359 ‚
1951 2311 1992 2351 δι
2014 2310 2223 2351 orationes
2256 2311 2415 2352 serven-

1432 2378 1511 2418 tes,
1523 2368 1778 2421 quantumvis
1794 2368 1832 2407 in
1850 2368 2121 2410 observantiis
2138 2368 2280 2410 nostris
2298 2367 2416 2411 fimus

1433 2425 1679 2479 diligentes,
1701 2425 1739 2467 8(
1758 2429 1925 2474 exactae,
1952 2439 2156 2483 nunquam
2181 2436 2317 2470 tamen
2344 2439 2416 2470 noc

1435 2479 1567 2541 fecisse
1581 2483 1670 2527 satis
1687 2485 1891 2526 vocationi
1912 2486 2076 2536 nostrae‚
2090 2489 2165 2527 nec
2179 2487 2287 2541 quod
2308 2486 2422 2529 ano-

1431 2545 1490 2586 bis
1504 2542 1610 2585 Deus
1625 2543 1791 2599 requirit
1807 2571 1820 2594 2
1847 2543 1984 2587 debite
2010 2542 2315 2598 adimplevisse,
2346 2541 2416 2586 nisi

1435 2615 1571 2645 curam
1597 2600 1808 2658 specialem
1836 2603 2049 2646 habeamus
2076 2601 2281 2658 dirigendi
2303 2614 2354 2644 ea
2377 2601 2416 2643 in

1436 2659 1647 2704 subsidium
1675 2674 1846 2711 eorum,
1866 2661 1934 2714 qui
1959 2662 2000 2703 in
2025 2659 2161 2704 medio
2185 2672 2329 2716 campo
2358 2657 2418 2701 su-

1436 2720 1610 2772 dantes,
1639 2722 1675 2762 &
1699 2729 1937 2777 pugnantes,
1950 2720 2135 2763 laborant
2157 2733 2232 2776 pro
2258 2717 2420 2774 gloria„

1438 2779 1546 2830 Dei,
1558 2780 1599 2820 δι
1616 2788 1832 2835 procurant
1848 2777 2013 2822 salutem
2036 2779 2256 2822 animarum
2272 2805 2284 2818 .

1549 2839 1719 2892 Insuper
1745 2850 1885 2879 omnes
1917 2840 2090 2880 Sorores
2119 2835 2280 2892 lingulis
2305 2835 2421 2878 annis

1435 2897 1557 2940 semel
1571 2898 1611 2939 in
1628 2895 1885 2938 solitudinem
1901 2895 1939 2938 se
1963 2895 2160 2953 recipiant
2178 2897 2216 2938 in
2236 2896 2423 2942 Eremos,

1435 2966 1500 2997 aut
1521 2955 1609 2997 loca
1625 2956 1674 2998 ad
1694 2955 1798 2996 hunc
1814 2953 1996 2998 effectum
2011 2953 2200 2998 ordinata
2213 2982 2228 3004 ,
2259 2953 2422 3010 idque.-

1435 3014 1616 3057 adminus
1634 3012 1759 3068 spatio
1775 3016 1889 3055 unius
1920 3011 2184 3057 hebdomada:
2198 3025 2232 3064 3·
2245 3011 2312 3056 sed
2328 3023 2421 3054 cum

1435 3073 1598 3115 licentia
1614 3072 1754 3115 Matris
1776 3071 1947 3114 Ancillae
1972 3073 2208 3114 continuare
2220 3077 2419 3126 poterunt

1437 3129 1485 3171 ad
1502 3131 1639 3184 plures
1660 3131 1815 3186 aliquot
1828 3131 1941 3183 dies3
1957 3145 2038 3185 quo
2051 3128 2217 3185 praefato
2233 3139 2417 3182 tempore

1437 3198 1556 3230 erunt
1569 3190 1591 3230 a
1609 3189 1915 3231 Communitate
1931 3188 2097 3231 omnino
2112 3197 2290 3237 remotae,
2303 3186 2419 3228 dem-

1440 3256 1510 3302 pto
1527 3273 1540 3295 ,
1562 3247 1670 3299 quod
1688 3247 1935 3291 conveniant
1960 3245 2010 3286 ad
2025 3245 2209 3287 Chorum
2226 3245 2418 3287 auditurae

1438 3302 1589 3348 Missam
1603 3331 1615 3353 ,
1629 3305 1850 3359 &Vespere
1868 3305 1908 3345 in
1925 3303 2222 3345 Dormitorium
2238 3317 2420 3350 commu·

1437 3379 1486 3407 ne
1501 3362 1537 3403 se
1552 3360 1590 3401 se
1606 3363 1799 3418 recipient
1815 3389 1826 3402 .

1549 3422 1593 3463 In
1614 3421 1681 3462 ista
1702 3419 1917 3463 solitudine
1942 3417 2254 3463 considerabunt
2270 3451 2285 3472 ,
2319 3435 2420 3476 quo·

1436 3479 1558 3524 modo
1570 3479 1785 3522 observent
1800 3478 1970 3521 nostram
1997 3480 2179 3520 Sanctam
2200 3481 2422 3535 Regulam,

1434 3539 1751 3583 Constitutiones
1773 3568 1788 3589 ‚
1815 3539 1854 3579 &
1882 3538 2148 3580 coeremonias
2168 3539 2420 3595 Religionis3

1434 3598 1715 3643 examinabunt
1750 3596 1954 3653 quomodo
1988 3598 2028 3641 se
2069 3597 2245 3641 habeant
2291 3612 2414 3654 erga„

1437 3662 1565 3701 Deum
1581 3685 1594 3708 ,
1613 3656 1876 3711 Superiores,
1901 3657 1939 3697 &
1963 3653 2214 3699 Consorores
2235 3655 2346 3704 suas,
2378 3659 2416 3699 &

1438 3717 1462 3759 si
1488 3717 1559 3759 sint
1575 3714 1775 3758 officiales
1792 3743 1805 3766 ‚
1832 3712 2038 3771 quomodo
2056 3711 2124 3757 suo
2154 3715 2290 3758 officio
2307 3713 2415 3758 satis-

1434 3775 1613 3829 faciant3
1650 3785 1732 3817 tam
1747 3776 1846 3817 bene
1875 3774 1913 3816 &
1927 3773 2067 3816 debite
2080 3776 2320 3818 examinatis
2338 3770 2413 3814 suis

2229 3831 2351 3872 allio-
