2592 4094
937 238 1559 358 Aquitania.-

242 376 472 423 nostrorum
505 381 546 423 S.
565 381 683 423 ΚΕ.
713 378 994 426 cardinalium
1021 383 1224 437 negotiis,

240 438 284 479 ἃ.
298 436 660 482 consultationibus
676 441 966 496 Episcoporum
978 468 994 492 ‚
1022 442 1063 482 &
1083 443 1226 497 Regu·

239 496 388 540 larium
417 500 719 554 prepositorum
748 498 939 551 confilio,
964 497 1219 541 declaramus

236 555 335 598 dieti
368 557 523 598 Urbani
554 554 850 600 Praedecefforis
871 556 1215 600 Constitutionem

233 614 384 656 habere
398 615 533 657 locum
553 615 593 657 in
609 613 1006 670 congregationibus
1034 613 1208 668 ejusdem

233 673 403 715 Ordinis
420 674 551 716 Sancti
566 673 761 716 Francisci
775 673 976 716 Minorum
992 673 1044 716 de
1061 673 1209 716 Obser-

234 731 401 784 vantia,
427 731 494 774 seu
520 732 878 785 Recollecstorum‚
905 743 974 775 aut
993 731 1208 775 Reforma-

233 797 369 832 torum
383 816 398 839 ,
425 790 494 833 seu
506 790 680 832 aliorum
694 789 868 832 Instituti
896 790 1092 846 mitigati,
1114 804 1210 846 prae-

231 857 420 893 nai-ratos
436 848 674 891 eorumdem
688 849 1207 899 fr.N.‚&F1-.N.tranfitus,

228 910 271 951 δι
305 908 558 962 receptiones
587 903 696 948 fuine
721 906 856 949 nullos
875 933 889 955 ‚
907 908 947 947 δε
971 907 1168 949 invalidos
1189 934 1206 957 ,

231 964 466 1018 eosdemque
481 965 620 1009 Fr-N.‚
633 965 670 1004 δι
685 964 810 1004 Fr.N.
824 962 1000 1007 incidiffe
1015 966 1054 1007 in
1066 977 1206 1020 poenas

231 1024 348 1066 dietae
366 1019 672 1064 constitutionis
684 1017 861 1074 ejusdem
878 1023 1035 1064 Urbani
1050 1023 1210 1066 Praede-

228 1079 419 1129 cessoris,
445 1092 490 1122 ac
516 1087 560 1121 ut
576 1078 772 1134 apostatas
794 1081 1064 1134 reputandos‚
1090 1085 1203 1137 Apo-

228 1138 368 1182 flolica
397 1137 662 1189 auctoritate,
687 1144 835 1179 tenore
860 1137 1110 1193 praesentium
1135 1140 1206 1183 de·

224 1196 430 1240 cernimus
453 1208 468 1237 ε
491 1196 771 1252 Superioribus
810 1197 908 1238 vero
941 1198 1208 1241 provinciali·

226 1257 323 1303 bus,
347 1252 592 1297 Guardianis
614 1281 628 1304 ,
653 1253 827 1297 Vicariis
853 1256 1206 1314 quibuscumque)

226 1313 604 1369 Congregationum
622 1311 872 1369 hujusmodi,
899 1330 947 1358 ne
960 1316 1204 1373 inposterum

226 1374 390 1414 Fratres
415 1372 643 1426 Capucinos
658 1382 797 1414 contra
824 1370 994 1416 formam
1008 1375 1203 1417 dictarum

225 1430 582 1472 Constitutionum
594 1458 606 1480 ‚
621 1430 684 1473 stzu
700 1431 911 1473 literarum
927 1434 1079 1477 Urbani
1096 1435 1200 1476 Prae-

222 1486 435 1532 decessoris
449 1517 463 1539 ,
475 1503 521 1530 ac
537 1489 737 1543 praesentis
750 1488 907 1533 decreti
921 1494 1115 1548 recipere,
1128 1492 1201 1535 ad-

219 1548 387 1591 mittere
399 1576 413 1596 ,
427 1546 492 1588 seu
508 1550 687 1590 retinere
703 1547 940 1604 praesumant
951 1578 967 1602 ,
981 1565 1028 1594 ex
1054 1551 1197 1607 quavis

221 1604 336 1648 causa
348 1633 362 1656 ‚
382 1607 420 1647 &
432 1616 628 1661 praetextu
643 1633 657 1655 ‚
672 1601 743 1650 sub
764 1609 1198 1653 excommunicationis

222 1664 314 1706 latae
337 1662 570 1714 sententiae,
599 1666 838 1718 privationis
867 1667 1120 1720 officiorum,
1152 1682 1197 1710 ae

222 1731 423 1778 perpetuas
455 1722 723 1767 inhabilitatis
753 1724 804 1766 ad
820 1727 1074 1783 quoscunqus
1088 1730 1197 1769 affius

223 1781 425 1835 legitimos
455 1781 705 1823 exercendos
735 1783 867 1832 poenis
892 1785 1040 1837 eoipso
1053 1783 1195 1838 absque

225 1838 304 1880 alia
325 1837 599 1879 declaratione
620 1837 874 1880 incurrendis
891 1867 906 1890 ,
922 1842 1196 1885 austoritatQ

221 1898 260 1938 &
281 1907 424 1938 tenore
437 1893 634 1950 praemiffis
657 1895 962 1948 interdicimus,
987 1899 1028 1939 δε
1056 1899 1197 1953 prohi-

220 1955 388 2003 bemus,
416 1951 610 1996 facultate
635 1951 897 2005 absolvendi,
928 1956 1196 2005 habilitandi,

219 2012 287 2054 seu
313 2010 815 2065 reintegrandidumtaxat
836 2012 931 2054 Sedi
958 2013 1197 2066 Apostolicae

218 2067 422 2112 reservata
436 2094 450 2117 ,
471 2063 655 2120 salvaque
681 2066 834 2119 semper
858 2067 895 2106 in
911 2068 1109 2119 praemiffis
1126 2081 1196 2107 au·

216 2127 404 2169 &oritate
431 2122 667 2165 eorumdem
694 2122 972 2164 Cardinalium
1003 2153 1015 2164 .
1038 2127 1197 2166 Decer-

218 2193 360 2229 nentes
373 2182 585 2239 praesentes
598 2181 741 2224 literas
765 2179 940 2230 validas,
966 2179 1097 2225 firmas
1113 2210 1128 2234 ,
1158 2182 1198 2223 &

219 2243 399 2287 efficaces
414 2240 648 2291 existere,&
666 2239 752 2282 fore
766 2267 780 2291 ,
793 2239 959 2294 suosque
975 2240 1195 2296 plenarios,

219 2304 451 2357 &integros
467 2297 624 2340 effeeius
638 2294 799 2349 sortiri,
814 2312 860 2340 ac
873 2298 1078 2349 obtinere,
1091 2301 1128 2340 δε
1144 2298 1194 2338 ab

219 2361 403 2404 omnibus
418 2386 432 2408 ,
456 2370 559 2412 quos
583 2355 662 2397 illae
689 2357 1000 2406 concernunt,in
1015 2353 1193 2397 futurum

220 2415 513 2462 inviolabiliter
525 2413 742 2456 observari:
756 2416 888 2471 sicque
902 2428 972 2471 per
985 2412 1194 2470 quoscum.

219 2475 469 2535 queJudices
484 2472 708 2515 ordinarios
724 2500 739 2523 ,
754 2475 794 2515 δι
813 2473 1025 2529 delegatos
1041 2501 1061 2524 2
1072 2472 1198 2515 etiam

223 2535 428 2578 caularum
448 2531 587 2575 Palatii
603 2529 822 2585 Apostolici
841 2533 1076 2578 Auditor-es,
1092 2529 1199 2586 judi-

223 2594 335 2642 cari,
351 2595 391 2635 &
411 2590 570 2633 definiri
597 2590 749 2633 debere
762 2619 775 2641 ,
791 2605 835 2633 ac
852 2591 1012 2633 irritum
1030 2617 1044 2639 ,
1057 2591 1097 2630 &
1111 2590 1198 2630 ina-

222 2650 486 2709 ne‚quidquid
507 2650 614 2690 secus
629 2645 651 2689 s
649 2662 746 2703 uper
769 2649 862 2691 bissi
879 2662 1096 2705 quoquam,
1106 2659 1200 2701 qua-

225 2714 286 2754 vis
303 2709 546 2752 auctoritate
561 2704 731 2748 scienter
745 2734 758 2757 ,
773 2707 838 2749 vel
855 2711 1086 2761 ignoranter
1100 2718 1198 2746 eon·

225 2769 364 2824 tigerit
392 2766 608 2808 attentari:
637 2767 729 2806 Non
761 2765 1009 2806 obstantibus
1043 2763 1201 2806 Consti-

220 2825 446 2867 tutionibus
470 2852 485 2872 ,
515 2824 555 2862 &
580 2821 909 2864 Ordinationibus
939 2821 1202 2877 Apostolicis,

222 2900 267 2926 ac
283 2883 377 2924 dicti
393 2881 580 2927 Ordinis,
594 2881 712 2921 etiam
728 2879 955 2935 juramento
967 2905 980 2928 2
992 2877 1201 2921 confirma·

225 2944 336 2985 tione
360 2938 616 2994 Apostolica,
646 2936 711 2979 vel
724 2939 862 2994 quavis
885 2937 1074 2979 firmitate
1091 2937 1198 2980 alia.-

225 3000 423 3043 roboratis
450 2996 602 3038 statutis
620 3025 635 3046 ,
661 2997 702 3037 δι
730 2996 1078 3039 consuetudinibus
1092 3023 1105 3045 ,
1120 2996 1198 3050 pri·

218 3058 374 3112 vilegiis
391 3069 549 3112 quoque
579 3054 770 3105 indultis,
800 3071 845 3098 ac
868 3055 1014 3097 litteris
1032 3054 1200 3110 Aposto-

217 3117 306 3160 licis
333 3116 372 3156 in
399 3114 650 3157 contrarium
676 3113 953 3168 praemissorum
979 3113 1202 3168 quomodo-

221 3175 322 3218 libet
348 3172 539 3215 concessis
562 3201 578 3222 ,
608 3168 859 3215 confirmatis
876 3201 888 3221 ‚
913 3173 953 3213 δι
975 3171 1199 3213 innovatis.

223 3233 384 3288 Quibus
399 3232 581 3274 omnibus
601 3232 638 3271 &
654 3228 810 3285 lingulis
825 3260 838 3282 ,
862 3230 1025 3272 illorum
1042 3238 1199 3272 tenores

221 3290 475 3347 praesentibus
505 3302 578 3345 pro
603 3288 786 3343 expreffis
811 3288 1048 3332 habentibus
1077 3317 1091 3340 ,
1120 3289 1199 3331 illis

220 3349 314 3390 alias
331 3349 370 3388 in
387 3349 454 3389 suo
469 3348 614 3390 robore
628 3346 910 3403 permansuris,
933 3346 981 3389 ad
997 3345 1199 3400 praemisso·-

221 3419 313 3449 rum
328 3402 603 3456 effenum2hac
620 3407 709 3448 vice
724 3405 932 3448 dumtaxat
951 3405 1196 3458 specialiter,

220 3467 261 3508 δι
281 3462 462 3517 expresse
488 3463 755 3517 derogamus,
780 3462 1008 3520 caeterisque
1036 3475 1193 3506 contra-

220 3522 294 3568 riis
310 3520 623 3577 quibuscumque
643 3549 655 3562 .

337 3580 487 3620 Datum
514 3581 653 3620 Romae
678 3578 782 3633 apud
798 3583 977 3624 Sanctam
995 3581 1194 3624 Marinum,

225 3637 425 3693 Majorem
442 3636 510 3678 sub
523 3636 686 3679 Annulo
705 3636 914 3681 Piscatoris
928 3639 994 3679 die
1009 3649 1058 3679 xv
1068 3651 1081 3677 1
1097 3639 1192 3692 1.Ju-

222 3697 267 3741 lii
286 3708 432 3739 MDCLI
445 3708 459 3735 1
475 3709 507 3735 ι.
525 3692 783 3738 Pontificatfis
808 3697 928 3738 nostri
943 3699 1060 3738 Anno
1075 3710 1194 3738 nono.

285 3752 533 3808 Autograph.
549 3756 589 3793 tn
610 3753 778 3795 Archivo
804 3757 946 3796 secret.
966 3759 1193 3798 Bra-vluna.

337 3811 602 3870 Aposlol.Reg.
616 3810 762 3867 mensts,
779 3812 830 3862 όν
846 3809 1194 3870 annipraedfolq.

343 3872 446 3913 Tam.
461 3872 498 3914 V.

2036 288 2189 372 225

1554 386 1989 432 DECRETO

1363 510 1460 562 Sac.
1479 512 1724 585 Congregae.
1754 518 1891 586 Epist.
1908 520 1964 571 ό·
1990 518 2150 589 Regul.

1272 654 1563 720 Capitulum,
1578 657 1808 720 interjefta
1832 662 2130 728 appellatione
2159 676 2250 709 non

1337 721 1554 782 obstante,
1572 728 1776 777 validum
1794 728 2048 781 declaratur
2065 766 2079 780 .

1266 848 1354 959 P
1367 851 1488 892 Atres
1503 853 1559 893 N.
1572 852 1627 892 N.
1640 853 1680 893 δε
1695 856 1805 897 Ν.Ν.
1821 858 2153 907 Concionatores,
2178 862 2252 900 an2

1386 909 1490 963 tiqui
1511 906 1754 954 Definitores
1770 940 1782 963 ‚
1803 915 1843 955 δι
1859 917 2053 960 Custodes
2083 916 2249 960 Ordinis

1266 966 1345 1007 FF.
1364 966 1464 1007 Min.
1493 968 1794 1020 Capucinorum
1824 975 2044 1017 Provinciae
2073 976 2250 1032 Aquita-

1267 1024 1356 1071 niae,
1379 1023 1426 1063 ad
1457 1023 1687 1068 Sanctitatis
1715 1029 1860 1072 Vestrae
1889 1032 2011 1086 pedes
2043 1032 2252 1088 provoluti

1266 1081 1493 1147 humillime
1507 1094 1715 1139 exponunt
1733 1115 1747 1138 ,
1761 1089 1868 1144 quod
1883 1089 1967 1145 post
1986 1092 2165 1134 habitum
2181 1106 2251 1134 re-

1268 1141 1424 1206 cursum
1453 1153 1534 1195 )am
1563 1144 1587 1185 a
1614 1141 1680 1186 die
1702 1148 1763 1186 18.
1786 1147 1925 1190 menfis
1944 1150 2097 1205 Aprilis
2127 1149 2247 1206 hujus

1266 1212 1357 1240 anni
1391 1210 1510 1249 1707.
1532 1198 1583 1241 ad
1598 1198 1820 1256 supremum
1838 1207 1971 1250 vestrae
1996 1209 2247 1251 auctoritatis

1268 1257 1466 1299 Tribunal
1497 1272 1570 1314 per
1597 1259 1812 1314 supplicem
1834 1264 2017 1307 libellum
2043 1267 2133 1307 huic
2154 1266 2248 1322 jun-

1264 1317 1370 1357 e'tum
1390 1315 1514 1371 (licet
1528 1317 1577 1358 ab
1604 1319 1734 1360 oculis
1751 1323 1899 1363 Vestrae
1914 1323 2159 1371 Sanaitatis‚
2176 1331 2250 1365 ne-a‘

1263 1375 1346 1417 scio
1359 1387 1440 1429 quo
1451 1376 1542 1417 casu
1553 1373 1706 1418 ablatus
1723 1377 1975 1436 fuerit)nunc
1993 1393 2073 1423 non
2088 1380 2253 1426 obstan-⁷

1263 1432 1432 1487 relapsu
1460 1436 1679 1489 temporis,
1705 1439 1773 1492 qui
1800 1438 1837 1479 in
1862 1437 2137 1493 praejudicium
2170 1450 2252 1479 no-

1261 1491 1384 1534 strum
1403 1493 1509 1535 verti
1530 1495 1698 1550 nequit,
1716 1510 1806 1537 cum
1819 1510 1868 1538 ex
1884 1497 2002 1552 culpa
2017 1496 2148 1539 nostra
2164 1509 2247 1538 non

1260 1548 1383 1592 fuerit
1417 1578 1432 1602 ,
1456 1561 1502 1593 ut
1531 1553 1766 1595 Brancatius
1794 1556 2004 1598 testabitur
2026 1582 2042 1605 2
2069 1556 2251 1598 iterum..

1260 1608 1368 1666 quali
1395 1610 1540 1652 eodem
1568 1612 1658 1654 netu
1693 1612 1743 1654 ad
1772 1613 1812 1654 id
1838 1611 2065 1669 supremum
2099 1613 2249 1656 vestrae

1258 1667 1509 1711 auctoritatis
1535 1670 1727 1712 Tribunal
1757 1672 1808 1713 de
1835 1686 1942 1713 novo
1972 1671 2245 1721 recurrimus,

1255 1727 1465 1770 humiliter
1477 1728 1823 1782 repraesentantes,
1837 1730 1961 1785 quod,
1978 1743 2067 1770 cum
2097 1729 2244 1769 P-Pro-

1257 1784 1417 1826 vinciali
1439 1789 1493 1826 Ν.
1512 1789 1565 1827 Ν.
1586 1788 1776 1840 praediftae
1802 1787 2025 1829 Provincia.-
2053 1788 2242 1828 Fratrum

1255 1840 1554 1895 Capucinorum
1568 1845 1792 1897 Aquitaniae
1807 1844 1910 1885 faciae
1934 1841 2090 1884 fuissent
2109 1858 2240 1898 oppo-

1256 1898 1420 1940 sitiones
1437 1898 1458 1940 a
1474 1898 1616 1955 majori
1632 1911 1747 1955 parte
1763 1901 2020 1944 Definitionis
2036 1900 2247 1956 ejusdem-2
2274 1924 2276 1926 ·

1255 1957 1481 1999 Provineiae
1498 1958 1595 2015 (cui
1615 1959 1802 2014 equidem
1829 1959 1975 2015 majori
1998 1959 2101 2014 parti
2130 1959 2243 2001 Defi-

1257 2016 1421 2056 nitionis
1435 2015 1475 2055 in
1489 2017 1598 2056 omni
1614 2019 1885 2060 controverfia
1901 2018 2095 2074 judicium
2112 2015 2241 2067 ferre,

1255 2069 1368 2122 juxta
1381 2071 1546 2110 Ordinis
1573 2074 1883 2116 constitutiones
1898 2100 1912 2122 2
1935 2076 2162 2132 convenit)
2187 2090 2239 2117 ne

1259 2125 1496 2179 Capitulum
1509 2138 1785 2180 convocaret,
1807 2130 1937 2172 donee
1955 2133 2077 2172 Pater
2103 2134 2240 2174 Gene-

1258 2182 1352 2225 ralis
1367 2211 1380 2233 ,
1394 2184 1458 2224 cui
1486 2184 1659 2240 querelae
1678 2200 1818 2241 graves
1834 2216 1847 2238 ,
1861 2203 1906 2229 ac
1923 2188 2009 2244 ipsae
2023 2190 2141 2231 etiam
2160 2205 2235 2245 op-

1257 2241 1474 2297 positiones
1493 2244 1636 2285 delatae
1651 2242 1829 2297 fuerant,
1846 2247 1959 2302 super
1988 2250 2044 2288 his
2059 2254 2244 2302 pronun:

1255 2297 1394 2341 ciziss‘et
1407 2313 1420 2340 ε
1433 2301 1538 2349 lma,
1554 2315 1643 2343 cum
1671 2318 1719 2345 ex
1733 2305 1837 2362 quafi
1854 2306 2050 2359 denegata
2078 2307 2208 2349 Nobis
2225 2335 2240 2358 ,

1257 2371 1329 2410 per
1359 2357 1438 2396 vim
1469 2358 1713 2402 declaratam
1738 2363 1883 2403 adiero
1901 2366 2019 2404 Patre
2043 2365 2242 2407 Generali

1258 2412 1474 2471 justitia,ad
1491 2415 1870 2469 supremumVestrae
1882 2421 2126 2461 auetoritatis
2144 2422 2240 2462 Tri-

1257 2472 1378 2515 bunal
1393 2500 1410 2521 ,
1423 2482 1466 2513 ut
1483 2484 1592 2528 patet
1607 2487 1654 2514 ex
1670 2474 1798 2528 primo
1826 2474 1992 2530 supplici
2009 2476 2149 2520 libello
2171 2481 2235 2520 18.

1261 2530 1413 2585 Aprilis
1425 2558 1439 2581 ,
1453 2531 1670 2584 appellatio
1686 2533 1894 2586 interjeeta
1918 2531 2048 2575 fuisset
2065 2564 2077 2587 ,
2104 2550 2150 2579 ac
2166 2550 2234 2578 eo-

1258 2588 1351 2631 dem
1365 2588 1447 2639 die,
1462 2588 1607 2635 scilicet
1630 2604 1643 2631 1
1654 2591 1864 2645 8.Aprilis,
1880 2593 1987 2633 Patri
2000 2594 2235 2635 Provincia-

1260 2647 1289 2689 li
1316 2647 1531 2700 intimata3
1556 2648 1654 2696 ille,
1681 2649 1838 2705 inquam
1855 2679 1871 2700 ,
1897 2652 1939 2692 P.
1971 2651 2234 2693 Provincialis

1261 2705 1376 2749 nullo
1410 2706 1547 2748 habitu
1574 2707 1748 2760 respectu
1780 2723 1852 2750 nec
1878 2707 1928 2748 ad
1959 2710 2138 2751 Sanctam
2162 2709 2234 2751 Se-

1261 2765 1387 2817 dem(
1405 2763 1455 2805 ad
1471 2778 1589 2818 quam
1606 2763 1688 2817 ipso
1719 2766 1805 2820 jure
1820 2780 1889 2821 per
1900 2766 2229 2820 appellationem,

1260 2823 1318 2864 ita
1330 2823 1459 2863 omnia
1474 2823 1600 2864 statim
1617 2822 1838 2867 devolvere
1852 2855 1868 2875 ,
1895 2833 1975 2865 tam
2001 2826 2040 2866 in
2056 2824 2227 2867 acceffo-

1261 2883 1338 2932 rio,
1350 2882 1469 2935 quam
1486 2881 1525 2922 in
1541 2881 1748 2935 principali
1772 2896 1886 2925 nemo
1903 2880 2039 2930 nescit,
2055 2893 2100 2923 ut
2129 2898 2226 2938 pen-

1260 2939 1358 2981 dent
1389 2938 1459 2980 illa
1486 2938 1638 2994 aliquid
1653 2967 1665 2988 ,
1683 2938 1792 2993 juxta
1805 2942 1948 2982 Sacros
1961 2942 2146 2983 Canones
2166 2943 2227 2982 in-

1261 3012 1410 3039 novare
1424 2998 1534 3039 nefas
1551 2996 1629 3053 fit)
1648 2998 1875 3053 Capitulum
1891 3007 1954 3038 tot
1968 2996 2116 3052 juribus
2131 3014 2226 3054 pro·

1260 3056 1430 3098 hibitum
1456 3069 1681 3097 convocare
1710 3054 1963 3097 nondestitit
1991 3057 2029 3096 in
2041 3060 2228 3099 Conven-

1261 3125 1345 3158 tum
1361 3113 1561 3157 Cadillaci
1577 3114 1622 3152 ad
1638 3112 1742 3154 diem
1759 3125 1824 3163 27·
1842 3113 1937 3170 Maji
1952 3143 1967 3164 ,
1983 3114 2050 3156 ubi
2064 3129 2225 3157 coacer-

1260 3173 1363 3215 vatis
1382 3200 1394 3221 ‚
1420 3174 1517 3225 quos
1535 3170 1599 3210 fibi
1623 3182 1859 3224 paraverat,
1882 3182 2020 3214 contra
2048 3172 2107 3228 jus
2138 3187 2223 3214 om-

1261 3234 1369 3274 nium
1387 3228 1468 3270 fere
1478 3233 1762 3271 Conventuum
1781 3230 1969 3272 Discretis
1983 3246 2074 3273 cum
2090 3243 2221 3273 turma

1261 3293 1444 3332 Fratrum
1464 3286 1654 3335 laicorum
1669 3314 1683 3337 ,
1699 3288 1746 3329 ad
1773 3298 1852 3330 tam
1869 3289 2034 3331 evidens
2049 3289 2222 3345 gravifli-

1258 3350 1313 3389 mi
1342 3345 1433 3387 mali
1472 3343 1695 3398 periculum
1738 3360 1808 3388 nos
1846 3348 2037 3402 perduxit
2053 3377 2067 3399 ,
2094 3359 2137 3390 ut
2167 3346 2222 3389 fa-

1256 3407 1325 3447 etis
1344 3403 1452 3459 prius
1479 3403 1626 3443 astibus
1641 3403 1762 3445 nostri
1778 3404 1872 3459 juris
1888 3406 2213 3456 conservatoriis,

1258 3465 1340 3519 ejus
1358 3465 1394 3503 vi
1408 3462 1553 3503 cedere
1568 3487 1580 3508 a
1595 3475 1639 3501 ac
1657 3463 1937 3515 electionibus,
1953 3478 2047 3520 quas
2065 3463 2194 3503 voluit
2207 3492 2220 3513 ,

1254 3521 1358 3579 quasi
1374 3519 1595 3562 consentire
1616 3519 1666 3560 ad
1693 3522 1877 3563 evitanda
1902 3523 2042 3564 damna
2068 3521 2219 3572 majora

1253 3581 1377 3623 coacti
1395 3577 1584 3619 fuerimus
1600 3603 1611 3616 .

1367 3636 1462 3686 Sed,
1477 3649 1564 3675 cum
1592 3636 1803 3677 certiffime
1827 3637 1978 3679 constet
1993 3636 2073 3678 tale
2088 3637 2213 3692 Capi·

1254 3694 1385 3737 tulum
1404 3708 1469 3744 ,ac
1484 3694 1613 3734 omnia
1630 3694 1721 3735 inde
1737 3695 1892 3744 secuta,
1917 3696 2023 3737 nulla
2049 3697 2213 3738 omnino

1256 3752 1329 3795 effe
1343 3782 1355 3804 ,
1371 3751 1434 3793 vel
1462 3765 1509 3794 ex
1524 3764 1574 3792 eo
1589 3751 1676 3793 solo
1691 3781 1704 3802 ,
1732 3753 1990 3805 praetermiffis
2016 3753 2103 3796 aliis
2127 3767 2215 3808 gra-

1257 3811 1412 3853 viffimis
1443 3835 1457 3858 2
1485 3809 1594 3866 quod
1626 3809 1822 3909 pendeptp
1862 3812 2132 3912 appellatiosne
2163 3811 2214 3854 ad

1770 3883 1778 3894 ⁴
2095 3884 2162 3911 an-
