2612 4100
916 240 1523 348 Turonensis.
1937 285 1940 291 ·
2044 288 2160 367 73

227 377 362 415 litteras
369 377 455 426 suas
471 384 626 436 patentes
633 381 845 465 permj'serit,
858 383 953 421 vobis
966 383 1053 421 hanc
1066 386 1206 434 nostram
1213 386 1306 433 piam
1334 386 1554 426 intentionem
1579 387 1626 425 'ad
1637 385 1760 433 bonum
1769 408 1782 433 ,
1793 388 1835 433 ὀ·
1848 389 2089 427 incrementum
2105 396 2225 433 harum

221 427 386 464 Sororum
404 427 613 478 manifestare
624 453 636 473 ‚
640 431 722 480 simu
737 441 802 477 que
814 430 1025 478 obsequium,
1037 434 1127 479 quod
1140 443 1212 470 tum
1235 432 1407 470 voluntati
1424 435 1530 484 Regis
1542 449 1600 473 vos
1614 437 1848 486 conformando
1862 462 1872 478 ,
1896 447 1968 474 tum
1985 449 2026 474 ve
2052 450 2126 475 rum
2151 446 2226 477 con-

209 472 348 523 sensum
361 498 373 518 ,
382 475 577 532 perfefiiioni
591 479 719 526 operis,
741 478 888 529 exsensu
903 478 961 518 7.).
974 479 1241 528 varchiepa‘scopi·
1251 479 1368 527 gloriae
1382 483 1424 524 ὼ·
1444 485 1556 521 cultui
1569 485 1636 522 Dei
1659 495 1728 522 tam
1752 485 1850 522 utilis
1871 485 2007 533 praeben
2033 498 2049 520 o
2070 512 2081 526 ,
2108 487 2218 523 Nobis

214 521 417 571 praestabitis
427 550 437 560 .
464 523 511 560 Et
520 525 608 575 ficut
617 525 751 563 credere
766 525 920 562 volumus
933 550 944 569 ,
958 526 1047 575 quod
1064 524 1210 563 libenter
1216 528 1421 575 fundationi
1432 531 1511 569 huic
1521 545 1654 571 manum
1682 535 1738 570 itis
1750 534 1883 576 daturi,
1893 535 1959 575 ita,
1994 534 2136 570 uantum
2153 534 2218 568 hac

224 572 495 620 vestrafacilitas
512 575 606 611 nobis
617 574 663 623 Jit
669 583 776 621 grata
791 599 803 616 ,
819 573 977 623 judicare
985 574 1116 623 potestis
1125 600 1135 611 .
1149 574 1233 612 Inde
1244 598 1256 619 ,
1265 576 1343 618 dum
1351 577 1504 625 felicem,
1527 593 1622 629 quem
1634 533 1748 619 Alabis
1763 582 1902 632 desuper
1913 581 1973 631 pol
1983 582 2110 619 icemur
2121 605 2136 625 ‚
2153 580 2223 629 effe-

219 617 305 669 §ium
314 619 530 670 exspeffamus
539 645 553 669 ‚
562 622 697 677 pariter
707 631 749 672 ut
767 621 862 670 Deus
875 633 934 660 vos
946 622 1122 678 custodiat,
1134 631 1311 674 precamur
1323 649 1334 661 .
1354 627 1490 680 Parisiis
1506 631 1560 667 28.
1572 628 1668 669 Febr.
1682 630 1742 677 163
1750 640 1781 678 3.

1918 757 2052 802 Anna
2067 788 2081 800 .

304 883 442 921 Sublatis
453 886 520 926 iam
532 886 575 922 dc
586 886 705 924 fabrica
718 884 856 924 {xt'erfia‘
869 884 1016 923 obicibus
1032 910 1044 927 ,
1069 886 1108 922 ad
1122 887 1286 924 internum
1299 888 1431 926 nomos
1447 891 1607 926 decorem
1618 888 1784 933 pensatum
1798 915 1808 931 ,
1837 892 1871 926 &
1885 890 2071 926 conclusum
2098 889 2143 924 est
2154 912 2164 928 ,
2186 897 2221 924 ut

210 933 421 969 Institutrices
433 956 443 972 ,
468 946 539 980 quae
551 934 716 979 seraphici
728 934 856 979 spiritns
870 933 953 968 bafin
971 945 1134 978 ponerent
1148 961 1158 976 ,
1170 937 1188 971 ὲ
1200 937 1410 974 Parthenone
1424 938 1588 974 Parifienfi
1614 945 1813 973 vocarentur
1832 961 1842 971 .
1869 940 2015 973 Fuerunt
2038 937 2100 974 illae
2115 937 2222 974 Soror

207 981 314 1017 Maria
327 981 528 1015 Turonensis
539 1006 549 1021 ,
574 982 682 1018 Soror
692 981 853 1017 Advocati
866 982 908 1015 de
922 981 1128 1024 Perroneau;
1140 985 1247 1020 Soror
1261 982 1368 1026 Clara,
1381 986 1592 1026 Turonensis,
1608 996 1650 1020 ex
1666 984 1767 1018 divite
1782 985 2027 1022 Barantinorum
2040 984 2222 1026 Familia..‚;

207 1029 315 1065 Soror
328 1028 443 1071 Agnes
456 1028 475 1062 a
489 1027 666 1063 &Cuncta
680 1053 692 1069 ,
718 1029 826 1065 Soror
851 1029 992 1074 supremi
1010 1029 1211 1067 Intendentis
1238 1034 1305 1068 &o
1326 1033 1461 1071 Domini
1481 1035 1520 1069 de
1535 1029 1791 1071 Bouteiilier‚ac
1811 1033 1952 1068 victoris
1977 1033 2222 1077 Archiepiscopi

207 1073 428 1115 Turonensis,
455 1087 516 1110 nec
526 1086 593 1111 non
607 1074 745 1112 celebris
759 1076 838 1113 &in
854 1077 985 1113 historia
999 1079 1070 1114 noti
1086 1081 1240 1115 Armandi
1255 1081 1387 1115 Joannis
1402 1107 1412 1122 ,
1438 1080 1678 1117 Reformatoris
1692 1079 1774 1114 dela
1784 1080 1912 1124 Trappe
1927 1081 2081 1123 Cognata
2093 1082 2146 1120 3&
2160 1081 2225 1114 SO-

204 1134 269 1160 ror
289 1122 425 1158 Pacifica
451 1122 635 1160 Parifienfis
646 1148 657 1165 ‚
681 1125 724 1159 de
749 1125 864 1162 Domo
885 1126 930 1161 ob
951 1126 1044 1170 plura
1070 1127 1184 1163 collata
1206 1128 1361 1164 beneficia
1377 1154 1387 1169 ‚
1414 1130 1699 1172 construflumque
1724 1127 1806 1163 intra
1830 1126 1961 1163 claustra
1988 1126 2139 1161 Montem
2160 1125 2223 1161 Al-

203 1170 329 1207 verniae
342 1168 557 1208 meritiffima.
582 1171 642 1208 Hae
660 1171 702 1207 de
723 1173 938 1209 Profeffionis
951 1173 1015 1210 suae
1036 1174 1131 1220 septis
1155 1176 1300 1220 legitima
1315 1178 1509 1214 auctoritate
1534 1176 1681 1215 educet,
1707 1176 1840 1212 Comite
1855 1175 1983 1210 Ducitsa
2005 1174 2046 1207 de
2074 1175 2195 1209 Vendo
2210 1173 2228 1207 ,ἶ

205 1228 260 1252 me
275 1243 286 1259 ,
310 1219 446 1265 eiusque
466 1218 545 1255 Filia
561 1218 738 1257 Civitatem
752 1221 982 1257 Turonensem
996 1222 1134 1258 feliciter
1147 1225 1349 1269 attigerunt,
1375 1228 1409 1262 &
1435 1237 1546 1262 muros
1574 1232 1811 1260 converterunt
1837 1226 1867 1259 in
1883 1222 2089 1269 Virginitatis
2108 1223 2224 1256 Sacra-

205 1266 293 1302 rium
309 1290 319 1306 ,
344 1265 492 1304 divinum
502 1267 684 1314 Trisagium
694 1279 846 1305 canentes
859 1294 869 1311 ‚
894 1282 932 1305 ac
945 1269 1165 1316 relinquentes
1179 1272 1429 1318 generationem
1444 1274 1608 1309 Sororum
1622 1296 1633 1311 ,
1657 1282 1730 1316 quae
1751 1273 1835 1307 haud
1859 1271 1955 1306 aliter
1972 1294 1984 1311 ,
2010 1281 2046 1304 ac
2075 1268 2155 1304 olim
2176 1266 2222 1300 D.

204 1313 421 1349 Ambrofiuse
446 1314 518 1351 Lib.
537 1327 568 1352 ι.
582 1318 621 1351 de
636 1318 762 1364 Virgim
774 1321 845 1365 Cap.
860 1330 914 1354 10.
925 1319 968 1352 de
982 1318 1090 1362 priscis
1101 1320 1290 1362 Virginibus
1306 1322 1501 1359 memoravit
1521 1346 1531 1361 ‚
1549 1320 1615 1364 sine
1627 1318 1848 1355 contubernali
1859 1320 1942 1362 sexu
1956 1342 1967 1358 ‚
1992 1314 2217 1352 contubernali

200 1363 323 1408 Pudore
335 1385 346 1401 9
373 1363 484 1399 relicto
493 1372 665 1412 parentum
680 1365 816 1414 hospitio
831 1389 843 1405 ‚
867 1367 1001 1402 tendunt
1012 1369 1045 1402 in
1062 1367 1288 1403 Tabernaculis
1304 1369 1414 1409 christi
1436 1361 1588 1416 indefeffae
1603 1368 1727 1403 Milites
1744 1366 1920 1408 eastitatis:
1945 1376 2026 1401 nunc
2039 1361 2213 1408 persta-‘¹²²⁶

197 1408 431 1463 spiritualibus
443 1413 577 1453 canticis
592 1436 604 1452 ,
626 1424 708 1448 nunc
721 1422 872 1449 exercent
882 1414 1007 1450 vitium
1021 1415 1168 1463 operibus
1179 1442 1188 1457 ‚
1209 1415 1337 1463 semper
1351 1417 1466 1457 christo
1484 1418 1521 1461 Je
1533 1418 1651 1453 amoris
1676 1414 1806 1453 hostiam
1825 1415 1925 1450 litant
1939 1435 1949 1446 .
1976 1410 2079 1455 Qod
2096 1418 2210 1453 paten⁴

202 1456 266 1491 tius
278 1458 431 1502 expressit
442 1458 713 1499 Eminentissimus
727 1460 908 1498 cardinalis
919 1462 1152 1508 Rospiliofius,
1175 1463 1315 1501 Ordinis
1329 1465 1507 1503 Protector
1518 1491 1529 1508 ‚
1544 1464 1660 1500 litteris
1676 1464 1717 1498 ad
1737 1475 1789 1499 eas
1802 1462 1882 1498 datis
1899 1461 1953 1496 sub
1966 1460 2029 1494 hoc
2045 1467 2184 1493 tenore.

239 1562 428 1629 Jacobus
449 1603 466 1627 ,
508 1567 763 1634 mifiratt'one
791 1568 968 1621 Divinc'i
998 1573 1118 1621 tituli
1145 1572 1223 1624 SS.
1252 1573 1439 1640 ‘Joannis
1484 1580 1536 1624 &
1560 1572 1728 1630 Pauli,
1774 1569 1930 1619 Sanc‘lae
1963 1567 2183 1632 (ἐζ-91114116

523 1639 708 1707 Ecclesia
739 1640 963 1706 Presbyter
991 1642 1230 1694 Cardinalis
1244 1641 1544 1711 ‘Rqspiliofius
1557 1681 1573 1704 ,
1588 1648 1716 1693 totius
1729 1642 1915 1702 Ordinis¹

928 1711 1220 1779 Capucinorum
1255 1715 1466 1764 Ρνοτεὶἶον
1481 1751 1494 1764 .

375 1835 628 1876 Reverendis
655 1838 749 1875 DD.
777 1836 973 1878 Praefeaae
1005 1840 1045 1876 δε
1069 1840 1314 1880 Monialibus
1340 1841 1556 1890 Capucinis
1582 1839 1776 1880 Civitatis
1811 1834 2045 1876 Turonensis

973 1893 1152 1936 Salutem
1180 1895 1219 1933 in
1249 1894 1450 1936 Domino·

302 2003 331 2038 S
352 2004 458 2040 iritus
473 2004 635 2042 Domini,
649 2005 746 2049 cujus
759 2006 941 2082 Safierm'a
958 2007 1090 2039 conditi
1092 2007 1231 2049 sumus,
1253 2007 1296 2043 ὁ·
1321 2008 1541 2050 providentia
1565 2009 1818 2050 gubernamur,
1839 2013 1969 2048 quauta
1996 2005 2035 2037 in
2059 2001 2146 2041 Vos,
2173 2001 2215 2041 ὠ·

200 2049 313 2087 »Mona
338 2050 447 2085 etium
457 2049 599 2096 vestrum
607 2047 765 2096 effuderit
778 2060 795 2082 c
819 2049 1016 2092 arismatum
1026 2049 1356 2096 dona‚unusquisque
1369 2051 1483 2086 Nobis
1495 2051 1628 2085 abunde
1642 2050 1856 2098 testaturam
1868 2057 1908 2082 ex
1926 2047 2107 2094 Turonenfi
2119 2048 2216 2083 Civi-

204 2104 277 2133 tate
289 2094 486 2143 adsanfiam
506 2095 592 2130 hanc
607 2096 726 2133 Sedent
748 2094 976 2143 proficiscitur
986 2121 997 2131 .
1013 2095 1062 2132 A’
1074 2097 1168 2131 vohis
1182 2098 1270 2132 enim
1285 2095 1492 2145 difflsmatum
1505 2096 1547 2146 est
1564 2100 1602 2131 in
1619 2098 1777 2145 universo
1788 2094 1979 2133 Galliarum
2005 2093 2137 2140 Regno,
2152 2096 2218 2140 qut?

203 2154 331 2180 morum
358 2144 555 2180 innocentia
568 2167 582 2186 ,
598 2155 660 2191 quo
688 2144 796 2179 animi
812 2143 955 2192 fervore
972 2169 984 2185 ‚
997 2146 1065 2191 qua
1087 2142 1279 2192 Religionis
1303 2144 1482 2193 disciplina
1506 2146 1676 2189 inservire
1695 2145 1839 2181 debeant
1857 2154 1949 2190 ‚quae
1966 2138 2213 2189 Virginitatem

192 2191 292 2240 suom
317 2190 447 2243 Christo
470 2191 634 2228 dicarunt
648 2216 656 2225 .
683 2191 855 2240 Qodque
881 2203 947 2227 nou
964 2192 1036 2240 fine
1059 2193 1167 2228 animi
1188 2191 1292 2242 nostri
1309 2194 1438 2240 gaudio
1463 2191 1641 2242 meminiffi’
1664 2193 1770 2242 juvat
1785 2219 1792 2231 ,
1807 2191 1894 2238 fides
1917 2190 2051 2238 vestra,
2076 2201 2147 2236 quae
2169 2188 2215 2226 ad

197 2239 308 2277 Deum
319 2239 362 2288 est
378 2264 391 2284 ‚
411 2250 464 2278 tot
481 2239 635 2286 clarescit
655 2251 746 2276 verae
754 2241 895 2290 pietatis
908 2242 1130 2277 monumentis
1141 2264 1154 2283 ‚
1170 2251 1211 2278 ut
1218 2242 1392 2289 speculum
1404 2243 1531 2290 ubique
1548 2242 1646 2289 fafiae
1658 2243 1735 2290 fitis
1757 2242 1902 2278 omniunt
1926 2241 2122 2277 virtutum3
2143 2238 2186 2279 ὠ·
2201 2262 2214 2281 ,

199 2287 280 2323 dum
291 2287 381 2324 Divi
403 2288 578 2336 Francisci
593 2289 713 2326 Patris
726 2289 828 2339 vestri
847 2289 1011 2338 exemplo,
1022 2290 1064 2330 ὠ·
1084 2290 1276 2326 imitatione
1291 2314 1300 2330 ‚
1317 2303 1383 2326 non
1395 2290 1623 2338 gloriamini,
1639 2291 1700 2338 nist
1721 2292 1760 2326 in
1784 2289 1909 2327 Crucis
1921 2287 2091 2323 rutilante
2104 2285 2212 2322 vexil-

198 2335 231 2372 10
242 2347 304 2376 ,ea
319 2336 504 2385 adimplere
515 2337 682 2385 satagitis
693 2360 706 2381 ‚
729 2350 801 2385 quae
817 2336 905 2387 ‘Jesu
928 2337 1054 2388 Christi
1064 2338 1203 2375 Domini
1215 2337 1316 2385 nostri
1332 2339 1453 2386 desunt
1474 2337 1609 2385 paffioni
1626 2362 1637 2373 .

300 2385 386 2422 Cum
398 2387 513 2434 itaque
520 2393 658 2434 propter
671 2387 814 2436 vestrum
827 2388 865 2422 in
879 2387 946 2423 Dei
959 2397 1101 2423 amorem
1115 2388 1224 2433 digna
1232 2387 1306 2434 Jitis
1318 2411 1328 2427 ‚
1341 2398 1413 2434 quae
1424 2388 1466 2422 ab
1478 2386 1629 2421 omnibus
1630 2385 1800 2433 singulari
1814 2381 2051 2432 suspiciamini
2069 2381 2213 2417 benevo-

201 2432 310 2470 lentia
321 2458 334 2477 ,
347 2444 449 2482 atque
475 2433 736 2483 existimatione,
750 2433 828 2474 Nos
851 2437 889 2471 in
901 2445 1168 2484 unamquamque
1183 2431 1222 2471 V
1215 2433 1333 2482 estrum
1346 2434 1456 2470 cordis
1474 2434 1574 2482 nostri
1582 2433 1811 2481 sinceritatem
1837 2430 2011 2467 declarare
2029 2430 2215 2475 cupientes,

198 2481 348 2531 piffmis
360 2484 462 2520 etiam
467 2481 771 2532 supplicationibus
793 2483 909 2534 vestris
921 2483 1140 2527 inclinati,nd
1154 2481 1308 2531 majorem
1323 2482 1388 2518 Dei
1397 2480 1768 2530 gloriam‚veflrumque
1789 2480 1827 2514 in
1843 2478 2020 2525 Religione
2034 2476 2210 2513 Catholica

197 2529 383 2579 Pwfiffilm
393 2557 404 2572 2
417 2528 455 2568 V
450 2543 503 2573 os,
517 2531 760 2616 Moncbllerium
777 2560 785 2574 ‚
799 2532 997 2581 cunfiasque
1007 2544 1060 2568 res
1081 2530 1203 2579 vestras
1212 2529 1282 2577 sub
1298 2530 1518 2566 Protefilionis
1530 2531 1647 2577 ntssrae
1666 2538 1802 2564 munere
1824 2549 1837 2570 ‚
1857 2525 1945 2572 quod
1952 2525 2056 2572 super
2067 2526 2212 2580 univer-

188 2578 268 2627 sum
284 2578 536 2628 Capucinorum
553 2579 608 2617 Or
632 2582 721 2617 inem
736 2580 861 2618 Sanfia
883 2582 988 2618 Sedes
1003 2578 1207 2628 ‹aspostolica
1221 2577 1447 2614 imbecillitati
1463 2579 1580 2625 nostroe
1602 2578 1810 2613 demandare
1838 2574 1982 2628 dignata
2010 2570 2057 2617 est
2071 2595 2083 2610 ‚
2102 2571 2211 2606 liben-

195 2625 312 2675 tifflme
323 2629 501 2676 recipimus
519 2651 533 2672 ,
551 2628 850 2678 &complefiimur
861 2641 875 2672 ;
896 2626 935 2666 V
930 2629 1062 2677 ubisque
1083 2637 1205 2662 omnem
1219 2635 1349 2673 operam
1363 2653 1372 2667 .
1391 2626 1600 2674 &studium
1615 2625 1763 2673 nostrum
1787 2624 1825 2658 in
1845 2631 1967 2669 quavis
1982 2618 2137 2666 occafione
2158 2619 2214 2653 be-

196 2674 300 2722 nigne
316 2675 512 2724 pollicemur
525 2700 537 2720 ‚
572 2686 645 2724 pem
657 2687 785 2715 certam
818 2678 1047 2726 concipientes
1061 2701 1072 2719 ‚
1080 2673 1251 2724 suffragia
1264 2698 1275 2714 ‚
1296 2685 1398 2721 atque
1421 2679 1611 2712 orationum
1635 2674 1825 2722 vestrarum
1843 2678 1930 2717 opem
1961 2667 2051 2722 apud
2071 2665 2210 2702 Patrem

199 2722 471 2773 Omnipotentem
489 2722 604 2764 Nobis
616 2737 684 2762 non
702 2726 898 2775 defuturam
911 2749 924 2768 ‚
947 2735 987 2762 ut
1010 2725 1103 2760 vires
1124 2722 1253 2769 nostras
1274 2731 1371 2757 tanto
1392 2725 1487 2758 oneri
1507 2730 1605 2767 pares
1620 2729 1682 2767 pro
1714 2719 1784 2768 ejus
1798 2719 1947 2754 bonitate
1961 2714 2105 2763 effictat3
2132 2725 2176 2770 ‘I‘f
2187 2714 2209 2748 (ἲ

167 2777 169 2781 ·
189 2772 300 2807 *etiam
314 2772 510 2819 confidimus
524 2773 597 2821 post
616 2773 779 2820 emensum
804 2774 905 2821 hujus
928 2774 1008 2807 vita
1032 2770 1240 2806 curriculum
1250 2770 1456 2817 sempiterna
1485 2770 1558 2819 ejus
1573 2771 1746 2819 fruitIone
1765 2764 1836 2804 una
1862 2763 2030 2811 vobiscum
2050 2760 2172 2809 repler⁸
2184 2783 2198 2804 n

195 2819 260 2865 qui
280 2818 547 2855 Benedifiionem
569 2821 717 2863 nostram
731 2819 943 2868 amantiffime
956 2817 1059 2856 Vobis
1073 2818 1291 2867 impartimur
1309 2841 1320 2853 .

294 2866 427 2903 Datum
443 2865 558 2903 Roma
571 2877 627 2903 20.
648 2867 740 2916 Maji
756 2868 856 2916 1675.

344 2976 531 3023 Exemplar
549 2978 583 3014 in
597 2976 703 3014 Arch.
720 2977 812 3014 Gen.
825 2975 917 3013 Ord.
932 2975 1092 3014 Armatio
1105 2975 1305 3013 Provincia
1321 2973 1516 3025 Turonensis
1537 3000 1547 3011 .

291 3098 418 3136 Mirum
430 3099 588 3137 inde'non
602 3099 648 3134 est
661 3125 672 3140 ‚
696 3098 720 3132 fi
734 3098 774 3133 de
787 3098 1013 3138 Monasterio,
1042 3097 1074 3132 in
1097 3108 1167 3143 quo
1186 3096 1347 3142 regularis
1361 3095 1569 3141 perfeetionis
1586 3094 1700 3129 fervor
1715 3091 1820 3128 enitet
1832 3116 1844 3133 ,
1868 3099 2032 3146 excerptae
2054 3091 2114 3146 sint
2133 3089 2202 3126 Ma-

194 3146 305 3191 'gistrae
319 3172 330 3187 ‚
356 3149 408 3184 nbi
421 3149 461 3183 de
475 3147 640 3183 fundanda
650 3147 798 3183 Lisbonae
808 3146 1047 3191 Capucinarum
1062 3145 1260 3180 habitatione
1273 3147 1451 3191 agebatur:
1478 3151 1643 3187 excerptae
1664 3143 1720 3176 lint
1735 3139 2043 3194 juxta-Apostolicas
2058 3138 2179 3173 litteras
2190 3162 2201 3178 ‚

194 3194 294 3239 supra
305 3193 426 3241 fol-59.
441 3197 532 3232 datas
545 3196 652 3232 Soror
665 3195 867 3239 Margaritha
880 3195 897 3228 ὲ
909 3194 941 3227 S.
955 3194 1077 3232 Cruce,
1096 3195 1352 3237 Andegaveffls,
1366 3204 1454 3227 verae
1466 3191 1600 3226 virtutis
1617 3214 1627 3229 ,
1638 3191 1672 3225 &
1687 3189 1855 3242 prudentis
1868 3186 1995 3222 consslu
2014 3185 2184 3239 {peculum-
2195 3209 2207 3225 ,

194 3245 234 3275 'ac
247 3243 332 3278 Rosa
344 3244 386 3279 de
400 3245 563 3284 Paffione,
575 3242 770 3279 Turonensis
784 3267 794 3283 ,
807 3242 825 3276 2
837 3242 963 3285 Regina
975 3240 1152 3288 plurimum
1163 3241 1249 3276 &ita
1262 3239 1409 3277 aestimata
1425 3265 1436 3279 ,
1462 3248 1496 3273 ur
1516 3239 1580 3284 ipsa
1605 3238 1722 3274 Sorori
1744 3238 1814 3277 eius
1841 3247 1871 3270 ιη
1897 3234 1970 3270 actu
1987 3234 2200 3270 Profeffioms

199 3287 321 3331 Nelum
335 3291 544 3328 M6nassicum
561 3292 752 3336 imposuerit
771 3315 780 3325 .
1907 3332 1914 3340 .

245 3336 318 3373 Nec
329 3340 447 3376 mirum
460 3341 515 3379 est,
529 3341 621 3387 quod
634 3340 744 3383 plures
760 3337 875 3374 Galliae
888 3338 1129 3384 Proceres'pro
1141 3340 1172 3374 se
1184 3337 1374 3372 orationum
1392 3335 1540 3380 suffragia
1554 3334 1572 3370 ὲ
1583 3333 1781 3369 Monialibus
1794 3333 1914 3377 petieri
1922 3340 1977 3370 nt,
1999 3332 2033 3365 &
2047 3330 2118 3364 Rex
2133 3328 2201 3382 l'o·

200 3383 297 3464 lznioe
312 3387 345 3422 δι
358 3386 436 3424 Dux
449 3388 667 3435 Lotharingiae
680 3387 853 3424 Stanislaus
869 3397 943 3422 cum
962 3387 1091 3430 Regina
1104 3386 1261 3431 Coniuge
1286 3383 1444 3430 replicatis
1471 3382 1587 3420 litteris
1609 3382 1648 3417 iis
1666 3382 1779 3428 Regiae
1798 3379 2038 3418 benevolentiae
2059 3376 2200 3411 officis„

203 3441 223 3468 a
245 3434 452 3480 promiserint
477 3437 541 3473 &m

315 3855 416 3898 Tom-
428 3856 464 3898 V.
1450 3846 1486 3888 K
2054 3823 2150 3870 ΛΞΜ
