2592 4094
854 223 1612 343 lotharingia.
2017 260 2172 341 197

218 366 483 417 Guardiaenos
510 368 684 435 ejusdem
723 364 927 417 Nationis
960 404 976 426 ‚
1010 386 1059 416 ac
1098 370 1301 418 inflanter
1324 371 1630 435 postulaverint
1658 402 1674 426 ,
1716 382 1762 416 ut
1788 367 1924 418 earum
1958 367 2115 434 divifio
2137 373 2232 421 ‘De-

213 451 325 503 creto
354 437 639 505 Deffi'nitionis
667 438 885 489 Generalis
889 437 1135 506 stabiliatur
1150 473 1166 496 ,
1181 457 1271 487 cum
1295 439 1591 490 conditionibus
1594 437 1686 507 fibi
1712 437 1917 505 benevilis
1935 471 1948 485 .
1986 436 2084 485 Nos
2103 443 2230 504 infra-

201 506 359 574 firipti
390 507 607 559 Generalis
636 513 689 557 &
705 507 970 577 Diffinieores
993 507 1211 557 Generales
1233 506 1333 573 pos‘l
1355 524 1558 559 maturam
1581 508 1931 566 deliberationem,
1951 508 2111 559 auditis
2127 521 2231 571 prae·

212 576 339 627 dietis
368 577 480 630 RR.
511 577 601 628 PP.
618 577 899 628 ''Provinciali
917 614 932 634 ‚
958 583 1011 626 ἔθ’
1040 575 1285 626 Cuft’odibus
1303 612 1318 634 ,
1356 579 1465 645 visis
1495 599 1626 629 eorum
1652 579 1953 628 memorialibus
1979 580 2035 629 (7·
2050 577 2233 643 firiptu-

213 650 275 694 ris
290 681 307 703 ,
341 648 397 695 (2·
424 648 682 717 consideratis
707 646 887 696 omnibus
918 645 1212 713 confiderandis
1230 682 1246 704 ,
1274 648 1395 714 justis
1434 650 1484 698 de
1510 649 1636 715 caufi's
1659 654 1837 698 animum
1870 649 2039 715 nostrum
2063 665 2234 697 moven-

210 715 325 764 tibus
351 751 368 775 ,
404 719 478 766 hoc
505 718 696 786 presenti
723 717 910 768 ‘Decreto
931 716 1105 766 dicimus
1138 718 1192 765 (9·
1209 718 1436 782 statuimus
1462 753 1478 775 ,
1509 720 1618 786 quod
1640 721 1877 785 inposterum
1892 719 2080 787 Custodia
2109 717 2232 768 Cam-

204 789 341 852 paniae
366 806 455 836 cum
486 787 668 836 omnibus
696 822 714 845 ,
748 806 846 858 quos
871 805 974 835 nunc
993 787 1168 853 poffidet
1181 787 1499 845 ,Conventibus
1512 823 1529 845 ,
1558 806 1691 836 eorum
1717 790 1922 839 limitibus
1936 827 1952 848 ‚
1982 792 2038 839 (7
2060 787 2229 856 quasqu-

211 859 272 922 ris
286 893 301 915 ,
327 858 506 906 mauebit
517 857 720 924 stparata
742 865 770 907 ἁ
801 858 1032 910 Provincia
1057 856 1343 923 Lotharingiae
1363 892 1380 914 ,
1415 875 1485 905 nec
1506 856 1681 923 subdita
1709 862 1790 906 erit
1819 862 2018 926 gubernio
2044 861 2099 907 (9·
2125 857 2234 925 vist-

209 931 367 977 tationi
399 926 686 977 Provincialis
709 927 830 977 dicia
853 926 1092 977 Provinciae
1105 962 1121 986 ,
1134 926 1218 992 fid
1240 927 1476 991 dependebit
1503 927 1734 976 immediate
1761 927 1812 975 ab
1837 929 2064 978 Admodum
2096 927 2158 978 R.
2182 928 2232 978 P.

212 996 410 1046 Generali
446 1010 523 1061 pro
552 1009 730 1060 tempore
755 996 952 1061 existente
974 1029 990 1052 ,
1022 1001 1094 1063 qui
1118 996 1239 1045 illam
1272 995 1519 1063 gubernabit
1548 1011 1622 1062 per
1649 997 1975 1066 Commfftrium
1998 1013 2235 1064 permanen-

210 1081 293 1113 tem
311 1069 337 1113 ἆ
352 1066 401 1131 [ἓ
415 1065 650 1131 deputatum
667 1098 682 1122 ,
692 1068 826 1127 juxta
850 1066 1160 1131 commistionem
1189 1066 1275 1132 ipsi
1298 1066 1470 1118 dandam
1490 1066 1700 1134 .Singulis
1725 1074 1842 1116 annis
1868 1067 2139 1117 celebrabitur
2154 1067 2236 1117 Ca·

203 1136 387 1200 pitulum
416 1133 654 1184 Cuflodiale
669 1169 685 1192 ,
720 1139 766 1185 in
786 1154 870 1204 quo
897 1136 1100 1204 eligentur
1129 1139 1154 1184 a
1183 1137 1437 1188 Guardianis
1465 1143 1516 1185 ὃ
1547 1137 1756 1202 Difiretis
1778 1137 1897 1187 difz'ae
1929 1138 2132 1188 Custodiae
2155 1138 2234 1186 duo

209 1205 479 1274 Diffinitores
503 1239 519 1262 ,
547 1209 620 1274 qui
652 1223 739 1254 cum
769 1205 859 1270 R.
890 1205 957 1256 Ῥ.
983 1205 1265 1274 Commffirio
1300 1206 1520 1257 inflituent
1554 1207 1812 1256 Guardianos
1837 1223 1913 1274 pro
1931 1208 2113 1276 singulis
2142 1212 2233 1272 ejus

212 1274 524 1333 Conventibus‚
556 1276 610 1323 (Ὺ
635 1275 724 1324 alia
758 1281 892 1326 omnia
916 1276 1162 1343 prastabunt
1188 1312 1203 1335 ,
1242 1294 1326 1346 qua
1354 1275 1671 1345 Deffinitoribus
1707 1276 2048 1327 Provincialibus
2086 1291 2234 1342 compe-

214 1359 311 1393 tunt
325 1379 342 1403 ,
352 1349 498 1410 juxta
524 1346 675 1412 nostras
697 1347 1006 1396 conHitutiones
1033 1366 1045 1396 ε
1076 1354 1128 1398 ἃς
1161 1366 1260 1395 unus
1289 1366 1342 1396 ex
1371 1349 1464 1396 illis
1478 1350 1639 1414 poterit
1671 1347 1772 1414 eligi
1799 1382 1815 1404 ,
1847 1348 1902 1391 (θ’
1926 1349 2158 1395 continuari
2190 1347 2235 1392 in

215 1414 412 1480 Capitulo
433 1415 624 1483 siquenti
649 1451 666 1474 ,
682 1415 799 1485 ficut
836 1421 881 1466 in
906 1417 1151 1468 Provinciis
1174 1418 1252 1467 duo
1279 1419 1444 1467 tantum
1473 1417 1625 1484 poffint
1655 1418 1756 1485 eligi
1779 1416 2057 1484 Dcffinitores
2091 1431 2238 1482 praece-

205 1484 340 1533 dentis
367 1483 554 1550 Capituli
585 1520 597 1533 .
636 1485 694 1535 Et
729 1490 826 1557 quia
854 1486 969 1537 dift‘a
995 1486 1228 1540 Provincia
1247 1487 1533 1556 Lotharingia
1564 1493 1652 1545 iam
1684 1491 1710 1536 a
1742 1487 1934 1554 pluribus
1965 1489 2082 1535 annis
2121 1484 2234 1551 msse

206 1573 328 1606 unum
355 1557 518 1604 tanticm
535 1553 752 1607 Cus‘lodem
779 1559 838 1607 ad
862 1558 1104 1624 Capitulum
1128 1559 1346 1628 generale,
1374 1565 1427 1608 s&
1461 1557 1651 1626 Custodia
1675 1557 1907 1625 Campania
1935 1558 2112 1607 alterum
2126 1591 2143 1614 ,
2173 1572 2238 1602 eo-

206 1625 296 1675 dem
320 1625 508 1692 prasenti
538 1625 717 1675 Decreto
738 1629 1002 1694 statuimus,
1029 1630 1084 1677 (β’
1117 1630 1347 1681 ordinamus
1380 1626 1409 1688 ,’
1423 1629 1533 1698 quod
1554 1633 1599 1678 in
1626 1629 1842 1695 Capitulis
1878 1627 2147 1682 Provinciali
2181 1629 2236 1674 &5

211 1693 448 1745 Custodiali
462 1731 479 1755 ,
513 1696 749 1747 immediate
780 1715 875 1747 ante
898 1698 1134 1764 Capitulum
1155 1700 1347 1767 generale
1369 1694 1619 1749 celebrandis
1638 1736 1655 1760 ,
1690 1698 1922 1750 Provincia
1952 1697 2236 1760 Lotbaringiae

206 1765 338 1833 eligat
371 1769 534 1816 tantum
561 1785 684 1815 unum
719 1767 936 1817 Custodem
959 1768 1009 1816 de
1035 1782 1199 1832 corpore
1227 1769 1347 1818 diHae
1374 1768 1611 1819 Provincia
1625 1805 1641 1827 ,
1665 1773 1738 1837 qui
1761 1772 1841 1820 una
1864 1786 1954 1817 cum
1984 1766 2047 1815 R.
2066 1765 2117 1814 P.
2136 1765 2237 1814 Pro-

207 1835 394 1883 vinciali
421 1837 569 1884 veniet
600 1835 659 1882 ad
685 1835 924 1900 Capitulum
947 1837 1138 1903 generale
1152 1869 1168 1891 ,
1195 1838 1251 1883 (7·
1287 1836 1475 1901 Custodia
1502 1835 1739 1902 Campania
1770 1840 1895 1887 etiam
1926 1852 2048 1884 unum
2076 1834 2139 1883 de⁴
2154 1850 2241 1880 cor-

201 1918 304 1970 pore
330 1901 449 1953 diflae
483 1903 677 1970 Custodia
694 1938 710 1961 ,
745 1907 790 1952 in
821 1922 900 1973 qua
926 1903 1116 1954 eleHione
1140 1903 1205 1953 R.
1222 1904 1274 1954 P.
1303 1904 1607 1973 Commfflrius
1632 1905 1853 1957 Generalis
1887 1903 2057 1956 babebit
2090 1920 2238 1956 vocem

208 1971 399 2024 alli-vam
417 1974 472 2022 &¹
493 1972 707 2038 pafflvam
722 2007 734 2021 .
774 1974 937 2024 Poterit
964 1989 1102 2021 tamen
1128 1971 1361 2025 Provincia
1388 1974 1675 2043 Locharingiae
1703 1978 1747 2022 in
1759 1976 1853 2042 fitis
1883 1975 2097 2041 Capitulis
2127 1974 2238 2024 Pro-

204 2041 464 2092 vincialibus
488 2043 638 2106 eligere
667 2057 841 2105 quatuor
874 2042 1145 2104 Deffi'nitores
1178 2073 1196 2095 ‚
1226 2057 1274 2087 ut
1282 2044 1458 2107 ficiunt
1494 2045 1586 2091 alie
1614 2045 1852 2094 Provinciae
1880 2078 1895 2091 .
1939 2044 2136 2094 Volumus
2167 2060 2238 2090 au-

206 2125 289 2159 tent
317 2144 333 2166 ,
366 2123 415 2157 ut
444 2110 532 2173 post
543 2106 864 2173 publicationem
879 2142 894 2164 ,
922 2110 976 2154 (9⁴
1004 2108 1283 2155 executionem
1305 2108 1519 2176 proesentis
1534 2108 1720 2156 ‘Decreti
1747 2110 1946 2167 Fratres,
1979 2115 2051 2178 qui
2067 2112 2168 2178 fient
2194 2115 2239 2157 in

205 2177 404 2228 Cuflodia
429 2177 661 2243 Campania
677 2195 783 2235 ,non
809 2176 961 2244 poffint
991 2175 1168 2243 amplius
1193 2175 1370 2244 tranfi're
1387 2180 1433 2225 in
1456 2174 2028 2248 Provinciam'Lotharingiae
2043 2216 2059 2238 ,
2083 2182 2139 2229 (9·
2164 2182 2240 2230 vi-

206 2243 335 2316 cifft'm
349 2284 364 2307 ,
379 2253 450 2318 qui
467 2247 576 2314 sunt
606 2247 657 2297 de
679 2261 840 2314 corpore
868 2243 1156 2314 Lotharingiae
1174 2279 1192 2303 ‚
1216 2261 1262 2294 ut
1275 2246 1346 2314 stc
1371 2247 1574 2314 fiparatae
1587 2283 1604 2306 ,
1620 2266 1696 2296 non
1719 2264 1914 2316 poterunt
1947 2249 2124 2317 trarfire
2150 2254 2238 2301 itt-.-

207 2319 440 2386 Custodiam
464 2317 695 2383 Campania
715 2317 812 2384 sine
839 2316 1072 2366 obedientia
1103 2315 1336 2366 Admodum
1367 2317 1430 2366 R.
1449 2316 1500 2366 P.
1528 2318 1746 2368 Generalis
1760 2353 1773 2368 .
1812 2316 1887 2370 Ita
1910 2320 2088 2369 dicimus
2112 2355 2130 2380 ,
2166 2322 2235 2372 de·

207 2394 408 2439 cernimus
423 2425 440 2446 ,
466 2388 720 2436 declaramus
738 2422 755 2445 ,
778 2389 833 2435 (y
859 2387 1080 2436 §latuimus
1110 2385 1186 2433 hoc
1216 2386 1270 2434 (3·
1303 2389 1412 2434 omni
1437 2386 1602 2434 meliori
1621 2387 1738 2434 modo
1756 2423 1769 2435 .
1897 2435 1907 2450 ,-

346 2456 510 2508 Datum
539 2457 684 2509 Roma
708 2460 753 2506 in
774 2457 864 2506 loco
895 2456 1033 2508 noflro
1068 2453 1350 2505 Immaculata
1380 2453 1662 2526 Conceptionis
1689 2453 1758 2503 die
1795 2455 2007 2523 13.]unt't'
2043 2460 2140 2504 166
2143 2460 2206 2505 2.

629 2603 681 2649 F.
698 2601 889 2649 Marcus
928 2596 1190 2652 Antonius,
1215 2590 1422 2644 Minister
1451 2593 1686 2646 Generalis
1702 2629 1715 2646 .
2128 2625 2135 2631 .

623 2672 677 2718 F.
697 2673 973 2732 Fortunatus
988 2667 1010 2714 a
1028 2663 1234 2722 Cadere,
1246 2661 1595 2721 Peccantem&
1614 2658 1958 2714 Commiffarius
1973 2665 2204 2715 Generalis
2218 2699 2231 2716 .

622 2742 676 2787 F.
695 2740 878 2788 Samuel
910 2737 936 2784 ὲ
968 2733 1233 2802 Pilsenburg
1251 2768 1266 2790 ,
1296 2731 1534 2785 Diffinitor
1562 2734 1833 2784 Generalis.

626 2809 679 2855 F.
710 2803 935 2870 Aloyfius
965 2805 991 2852 ὲ
1021 2808 1237 2861 Verona,
1259 2801 1498 2854 Diffinitor
1526 2805 1792 2854 Generalis.

632 2878 686 2924 F.
705 2878 1024 2924 Bonaventura
1058 2873 1082 2922 ὲ
1114 2875 1336 2923 Recineto
1355 2909 1371 2930 ‚
1403 2869 1639 2922 Diffinitor
1669 2872 1905 2923 Generalis
1923 2906 1936 2920 .

630 2948 684 2996 F.
705 2943 927 2996 Claudius
949 2944 1175 2996 Bituricus
1188 2940 1455 3004 ,Diffinitor
1484 2944 1719 2992 Generalis
1736 2979 1750 2992 .

320 3112 390 3178 In
432 3113 657 3180 florido
698 3112 802 3181 fiio
838 3113 1088 3182 circuitu
1130 3112 1265 3209 post
1292 3113 1529 3178 iteratas
1568 3106 1865 3177 stiffiones
1901 3107 2120 3179 retinet

629 3256 869 3307 Conventus
905 3255 1102 3305 Fratrum
1515 3266 1551 3298 x
1560 3269 1595 3300 x
1610 3267 1641 3299 v
1651 3269 1670 3304 1
1685 3269 1705 3305 1
1716 3284 1730 3303 .

622 3375 816 3444 Hospitia
1475 3391 1482 3399 ·
1507 3390 1526 3420 1
1541 3390 1561 3420 1

632 3493 964 3545 Monafferium
991 3492 1267 3545 monialium
1514 3510 1534 3540 ι
1545 3526 1557 3541 .

2075 3835 2156 3888 Ad
