2638 4088
1025 146 1656 265 Apostolica.

321 291 510 343 patorum
524 313 537 334 ,
552 286 660 343 quod
675 287 789 339 alias,
802 288 1010 345 postquam
1029 288 1099 333 fel.
1116 304 1198 333 rec.
1215 291 1310 333 (Λε-

319 358 432 387 mens
452 348 556 401 Papa
574 349 648 389 IX.
666 346 932 391 Praedeceffor
952 349 1084 391 noster
1108 363 1180 404 per
1193 349 1309 402 quas-

296 430 299 434 ·
317 403 413 445 dam
442 402 525 446 suas
550 406 588 447 in
612 405 727 448 fimili
755 407 881 450 forma
899 408 1040 450 Brevis
1067 408 1209 450 literas
1236 409 1311 450 sta-

317 472 475 512 tuerat,
497 472 542 506 ut
568 466 756 520 Capitula
784 465 1048 507 Provincialia
1074 466 1305 509 diEtiOrdi·

317 522 479 578 nis,quae
492 533 583 566 ante
602 524 944 567 Constitutionem
958 523 1174 579 hujusmodi
1188 534 1305 565 erant

317 581 500 624 annualia
514 607 528 629 a
543 582 785 638 inposterum
800 582 1102 625 celebrarentur
1112 582 1164 624 de
1178 583 1305 624 trien·

319 639 388 681 nio
401 639 440 680 in
454 640 673 682 triennium
686 671 700 692 ‚
716 656 797 684 rec.
814 655 931 683 mem.
948 641 1138 685 Clemens
1155 643 1232 683 PP.
1251 642 1303 682 X.

315 698 438 740 etiam
455 698 715 753 praedeceffor
730 700 858 742 noster
873 728 888 752 ,
901 699 1082 743 eamdem
1095 699 1304 741 Constitu-

318 757 470 798 tionem
486 758 715 802 moderatus
742 760 796 800 est
809 785 824 808 ‚
851 757 954 801 faeta
972 757 1167 802 facultate
1184 756 1303 800 Mini-

316 815 397 858 stro
411 817 601 859 Generali
627 817 801 874 ejusdem
827 818 991 859 Ordinis
1018 832 1094 873 pro
1121 827 1301 870 tempore

316 874 498 917 existenti
518 875 737 918 ordinandi
759 874 948 931 Capitula
968 876 1234 919 provincialia
1250 875 1303 917 de

315 931 560 988 sesquicnnio
572 934 613 975 in
630 931 915 989 sesquiennium
932 932 1046 988 juxta
1059 934 1303 990 exigentiam

316 991 623 1035 Provinciarum
639 1021 650 1031 .
671 991 822 1036 Veram
840 992 879 1032 in
899 992 1096 1048 Capitulo
1109 992 1302 1035 Generali

315 1049 480 1091 Ordinis
500 1050 674 1104 praedicti
690 1065 795 1093 anno
819 1051 937 1100 1685.
967 1053 1106 1093 Romae
1119 1050 1303 1094 celebra-

313 1116 360 1150 to
376 1136 391 1158 ‚
417 1105 521 1149 dieta
552 1109 762 1152 Provincia
779 1110 1001 1158 Valentiae,
1030 1109 1127 1151 ficut
1148 1110 1303 1152 etiam-2

316 1166 402 1208 aliae
418 1167 698 1222 Hispaniarum
727 1167 1048 1224 supplicaverunt
1067 1167 1304 1211 Definitioni

315 1226 511 1267 Generali
541 1254 554 1276 ,
598 1237 644 1268 ut
671 1227 836 1269 attentis
875 1228 1273 1270 incommoditatibus
1290 1251 1305 1274 ‚

314 1297 408 1338 quas
421 1283 734 1338 experiebantur
750 1299 796 1328 ex
810 1287 865 1328 Ca
873 1284 1096 1342 pitulorum
1113 1286 1306 1342 frequen-

314 1343 398 1391 tia,
415 1341 501 1397 ipfis
526 1344 833 1398 permitteretur
859 1345 1067 1388 celebrare
1081 1344 1305 1401 Capitula„

319 1400 560 1452 menualia,
577 1416 670 1445 cum
700 1404 1093 1460 congregationibus
1113 1405 1305 1446 interme-

315 1457 393 1500 diis
407 1489 422 1510 ,
439 1459 487 1500 ad
513 1460 787 1516 praescriptum
803 1462 999 1516 praedinae
1025 1461 1301 1505 Constitutio-

316 1516 376 1558 nis
403 1518 628 1560 Clementis
652 1522 733 1561 IX.
764 1519 1058 1575 praedecefforis
1077 1551 1088 1563 .
1133 1523 1185 1562 Et
1211 1518 1303 1560 illa·

315 1589 403 1618 rum
419 1575 772 1633 supplicationibus
786 1590 1012 1622 annuerunt
1030 1580 1209 1623 Minister
1222 1581 1304 1621 Ge-

313 1635 463 1678 neralis
479 1637 539 1686 ‚&
558 1634 796 1680 Definitores
824 1638 1048 1681 Generales
1065 1667 1080 1689 ‚
1110 1636 1303 1693 expedito

313 1692 432 1748 super
449 1695 526 1738 hoc
544 1697 724 1738 Decreto
746 1695 857 1753 juxta
884 1710 1024 1738 earum
1050 1697 1274 1739 instantiam
1288 1724 1302 1736 .

314 1749 440 1810 Qod
459 1756 677 1796 Decretum
692 1755 914 1809 expositum
932 1756 969 1795 in
984 1754 1178 1809 Capitulo
1201 1756 1302 1795 Pro·

314 1810 477 1852 vinciali
491 1812 603 1855 dietae
618 1812 841 1854 Provinciae
857 1811 1053 1853 Valentiae
1066 1838 1080 1860 ‚
1096 1826 1165 1865 per
1183 1811 1304 1853 secre-

314 1877 358 1911 ta
373 1869 590 1912 Vocalium
616 1868 797 1924 suffragia
831 1868 992 1913 nemine
1015 1869 1304 1925 discrepante-a

313 1935 571 1983 acceptatum
587 1926 661 1969 suit
676 1956 686 1968 .
703 1930 809 1970 Cum
825 1939 961 1971 autern
976 1956 989 1977 a
1012 1927 1110 1971 ficut
1130 1929 1302 1972 eadem,

314 1984 510 2040 expositio
534 1985 824 2040 subjungebat,
851 1986 1024 2038 praedic'ti
1042 1989 1304 2041 Exponentes

313 2044 550 2086 dubitantes
566 2043 691 2084 modo
706 2070 719 2092 ‚
735 2056 786 2083 ne
801 2043 887 2096 quis
901 2043 1038 2097 aliquo
1065 2043 1306 2096 particulari

312 2101 535 2143 commodo
550 2100 691 2142 duetus
707 2127 721 2149 ‚
753 2099 942 2153 praedictat
970 2099 1303 2142 determinationi

309 2160 349 2202 se
365 2172 571 2216 opponere
587 2187 600 2211 ‚
623 2159 662 2200 δι
676 2157 995 2200 celebrationem
1015 2158 1301 2213 Capitulorum

308 2218 642 2274 sesquiennalium
663 2229 884 2272 procurare
901 2226 1060 2272 pergat,
1079 2221 1303 2259 Decretum

310 2276 572 2321 Definitionis
586 2275 801 2317 Generalis
830 2274 1083 2330 hujusmodi,
1096 2275 1207 2330 quod
1231 2272 1309 2313 sci-

315 2337 415 2379 licet
437 2336 477 2377 in
493 2333 713 2389 supradic‘ta
742 2332 950 2374 Provincia
970 2332 1166 2374 Valentiae
1183 2329 1310 2384 Capi-

314 2395 401 2436 tula
420 2392 686 2434 celebrentur
712 2389 765 2431 de
792 2389 971 2431 triennio
1000 2392 1037 2431 in
1061 2389 1308 2439 triennium,

313 2466 410 2496 cum
421 2449 818 2506 Congregationibus
837 2448 1090 2492 intermediis
1105 2477 1118 2497 2
1134 2449 1183 2491 ad
1206 2456 1306 2503 prae'*

315 2512 508 2566 scriptum
532 2518 764 2551 memorata:
785 2507 1098 2551 Constitutionis
1112 2508 1310 2550 Clemen-

317 2570 368 2612 tis
397 2572 471 2611 IX.
496 2565 788 2624 praedeccss'oris
816 2566 990 2622 praediffi
1013 2595 1026 2617 ,
1073 2564 1309 2621 Apostolicae

316 2627 637 2672 confirmationis
653 2626 791 2668 nostrae
804 2625 951 2668 robore
965 2624 1206 2667 communiri
1222 2621 1309 2676 plu·-

315 2689 461 2731 rimum
476 2684 719 2727 defiderent:
736 2688 822 2728 Nos
841 2684 1049 2739 specialem
1066 2682 1155 2737 ἱρῆς
1174 2684 1309 2735 Expo-

314 2747 503 2789 nentibus
519 2744 692 2798 gratiam
706 2740 841 2784 facere
855 2741 1037 2783 volentes
1053 2769 1066 2791 ,
1081 2742 1121 2781 &
1135 2754 1310 2782 eorum„

317 2803 533 2859 fingulares
559 2799 744 2855 personas
771 2801 792 2841 εὶ
819 2797 1021 2854 quibusvis
1035 2797 1311 2840 excommuni-

320 2861 490 2905 cationis
505 2860 583 2901 &c-
599 2859 638 2899 &
653 2856 857 2900 absolutos
873 2856 960 2899 fore
976 2857 1181 2900 censentes
1192 2883 1205 2904 ,
1218 2858 1310 2910 sup·

317 2917 578 2965 licationibus
593 2931 741 2959 eorum
757 2917 919 2958 nomine
935 2916 1065 2958 Nobis
1093 2917 1205 2971 super
1232 2915 1307 2956 hoc

318 2978 531 3022 humiliter
558 2975 756 3031 porrectis.
779 2975 991 3024 inclinati,
1017 2974 1068 3016 de
1087 2971 1307 3018 Venerabi-

319 3039 418 3081 lium
445 3039 633 3079 Fratrum
664 3033 888 3077 nostrorum
914 3033 951 3073 S.
973 3034 1025 3075 R.
1043 3035 1090 3075 E.
1113 3032 1305 3077 cardina-

320 3097 424 3139 lium
436 3093 609 3150 negotiis
623 3119 637 3141 ‚
658 3094 698 3134 δι
713 3091 1073 3135 consultationibus
1092 3090 1308 3147 Episcopo-

320 3167 410 3198 rum
434 3156 474 3196 δε
504 3152 768 3207 Regularium
792 3149 1092 3206 praepofitorum
1113 3147 1306 3194 confine,

319 3213 486 3256 attentis
502 3211 674 3253 narratis
688 3239 704 3261 ‚
735 3209 964 3266 praediCtum
981 3209 1203 3251 Decretum
1222 3209 1306 3248 De·-

320 3272 486 3314 finitotii
500 3269 712 3311 Generalis
728 3268 967 3311 auctoritate
985 3267 1229 3323 Apostolica,
1246 3273 1307 3307 te-

323 3343 424 3374 nore
453 3328 704 3384 praesentium
731 3326 1018 3369 confirmamus
1031 3355 1046 3376 ‚
1063 3328 1102 3368 ἂι
1117 3324 1310 3380 approba-

325 3401 413 3431 mus
430 3415 442 3438 ,
458 3387 598 3442 illique
618 3385 858 3441 Apostolicae
885 3385 1085 3428 firmitatis
1102 3385 1225 3426 robur
1241 3380 1309 3422 ad—

327 3446 484 3504 jicimus
500 3472 514 3496 ,
527 3459 574 3486 ac
589 3456 729 3485 omnes
742 3470 756 3492 ‚
774 3447 811 3487 δι
828 3444 1003 3499 fingulos
1017 3443 1116 3498 juris
1130 3472 1144 3493 ,
1160 3443 1197 3483 &
1219 3438 1310 3482 fafti

325 3501 501 3547 defectus
517 3529 532 3551 ,
550 3501 575 3543 fi
592 3504 660 3557 qui
680 3500 848 3557 desuper
866 3502 1170 3556 quomodolibet
1189 3501 1312 3539 inter-

328 3561 520 3606 venerint
531 3587 546 3612 ,
565 3559 792 3614 supplemus
807 3573 820 3601 ε
835 3557 940 3601 salva
955 3571 1087 3602 tamen
1103 3557 1257 3612 semper
1273 3557 1311 3597 in

327 3617 523 3680 praemiffis
552 3618 788 3660 auctoritate
802 3617 1143 3672 Congregationis
1165 3628 1314 3657 eorun-

329 3683 421 3724 dem
441 3675 719 3722 Cardinaliurn
735 3703 747 3715 .
779 3678 1057 3717 Decernentes
1081 3674 1179 3730 ipsas
1216 3686 1316 3726 prae-

331 3742 459 3785 sentes
476 3736 631 3778 litteras
647 3733 801 3791 semper
813 3730 946 3790 firmas
957 3759 972 3784 ³
985 3732 1139 3776 validas
1153 3759 1166 3784 2
1183 3732 1221 3773 &
1234 3729 1318 3774 effi-

395 3832 398 3836 .
448 3797 554 3838 Tom.
566 3796 605 3839 V.

2123 171 2286 267 297

1371 306 1488 335 caces
1510 292 1681 334 existere
1695 319 1711 341 ,
1733 290 1772 333 δι
1793 287 1882 334 fore
1900 317 1917 342 ‚
1936 288 2098 344 suosque
2123 295 2344 347 plenarios,

1369 353 1602 406 &integros
1616 349 1773 393 effeetus
1788 349 1947 400 sortiri,
1961 350 2000 390 δι
2015 350 2197 393 obtinere
2213 381 2227 403 ,
2241 367 2286 394 ac
2302 354 2350 395 il-

1371 411 1448 462 lis,
1463 411 1512 451 ad
1527 423 1626 465 quos
1649 411 1820 465 speetat,
1836 411 1876 451 δι
1901 422 1975 464 pro
1996 418 2179 461 tempore
2203 410 2347 462 spe6ta-

1369 469 1444 519 bit,
1459 466 1675 523 pleniffime
1698 467 1896 523 suffragari
1909 496 1924 518 ,
1939 467 1977 508 δι
1997 468 2044 508 ab
2073 466 2152 508 illis
2168 465 2349 519 respecti-

1368 528 1417 569 ve
1433 527 1724 570 inviolabiliter
1738 527 1957 570 observari:
1974 525 2118 581 sicque
2131 526 2171 567 in
2184 522 2352 580 praemis-

1366 584 1412 627 fis
1442 601 1512 640 per
1539 589 1796 641 quoscunque
1829 586 1991 641 Judices
2019 584 2248 626 ordinarios
2271 609 2286 632 ,
2308 582 2351 624 δε

1364 644 1573 700 delegatos
1584 673 1598 696 ,
1612 646 1731 687 etiam
1746 644 1949 686 causarum
1967 642 2111 686 Palatii
2129 639 2349 698 apostolici

1362 704 1582 745 Auditores
1597 728 1611 750 a
1626 702 1820 757 judicari,
1849 701 2061 745 &definiri
2090 701 2242 743 debere
2257 725 2272 749 2
2303 712 2352 741 ac

1365 764 1527 803 irritum
1543 788 1557 811 ,
1578 761 1618 802 δι
1647 761 1789 809 inane,
1815 759 1839 800 fi
1863 759 1974 804 secus
1998 758 2114 815 super
2131 761 2188 802 his
2203 760 2225 803 a
2241 769 2349 812 quo-

1363 834 1502 876 quam,
1517 819 1657 875 quavis
1671 818 1934 867 auc‘toritate,
1949 819 2121 861 scienter
2140 816 2203 861 vel
2230 817 2353 872 igno-

1363 889 1500 921 ranter
1517 877 1739 933 contigerit
1760 878 1952 918 attentari
1970 905 1980 918 .
1999 880 2092 919 Non
2107 875 2354 918 obstantibus

1365 935 1560 993 praemiffis
1575 965 1586 985 ,
1604 949 1649 976 ac
1664 934 2029 977 Constitutionibus
2058 936 2098 976 δι
2112 933 2355 976 Ordinatio-

1366 999 1438 1037 bus
1457 994 1698 1048 Apostolicis
1714 1022 1729 1045 ,
1742 1007 1816 1036 nec
1830 1008 1908 1035 non
1924 1022 1939 1045 ‚
1954 1003 2153 1049 quatenus
2173 1004 2271 1048 opus
2287 990 2356 1044 fit,

1367 1052 1584 1097 Provincia:
1597 1079 1610 1101 a
1625 1053 1664 1096 δε
1677 1052 1843 1094 Ordinis
1858 1053 2133 1108 praedictorum
2147 1076 2162 1099 ,
2184 1050 2349 1093 etiam-a

1364 1113 1621 1170 juramento,
1646 1108 1951 1154 confirmatione
1978 1110 2207 1167 Apostolica
2235 1137 2251 1161 ,
2283 1106 2354 1149 vel

1365 1171 1502 1228 quavis
1532 1169 1608 1213 alia
1636 1168 1827 1211 firmitate
1863 1171 2063 1213 roboratis
2090 1168 2242 1211 statutis
2269 1192 2284 1215 ,
2313 1166 2357 1208 δε

1365 1228 1733 1277 consuetudinibus,
1752 1228 1972 1284 privilegiis
1985 1241 2146 1284 quoque
2163 1223 2355 1275 indultis,

1365 1288 1564 1333 &litteris
1581 1285 1819 1343 Apostolicis
1833 1315 1847 1337 ,
1864 1288 1901 1329 in
1922 1286 2170 1327 contrarium
2185 1281 2358 1337 praemis-

1366 1347 1500 1391 sorum
1519 1344 1826 1401 quomodolibet
1843 1343 2031 1386 concessis
2047 1371 2062 1394 ‚
2086 1340 2356 1391 confirmatis,

1367 1405 1620 1449 &innovatis
1633 1432 1645 1445 .
1661 1404 1817 1461 Qibus
1828 1403 2013 1446 omnibus
2041 1402 2081 1443 δι
2100 1398 2262 1456 singulis
2277 1423 2291 1445 ,
2308 1396 2358 1439 il-

1363 1466 1499 1508 lorum
1514 1472 1678 1507 tenores
1702 1461 1958 1517 praesentibus
1973 1474 2050 1516 pro
2067 1459 2187 1514 plene
2214 1457 2254 1498 &
2271 1452 2356 1498 suf-

1364 1521 1551 1567 ficienter
1567 1520 1754 1578 expreffis
1768 1550 1781 1572 ,
1794 1522 1895 1563 &ad
1918 1521 2086 1563 verbum
2108 1515 2265 1559 insertis
2283 1515 2358 1556 had

1363 1584 1520 1630 bentes‚
1538 1582 1620 1624 illis
1638 1579 1733 1624 alias
1750 1581 1789 1622 in
1805 1579 1873 1624 suo
1887 1579 2036 1622 robore
2065 1573 2351 1632 permansuris,

1362 1643 1436 1685 hac
1456 1644 1542 1684 vice
1569 1640 1763 1683 duntaxat
1780 1667 1794 1690 ,
1821 1638 2043 1696 specialiter
2062 1662 2076 1685 2
2104 1638 2141 1678 &
2166 1630 2355 1686 express‘e

1362 1701 1609 1755 derogamus
1635 1728 1649 1751 ,
1671 1698 1903 1755 caterisque
1940 1695 2158 1739 contrariis
2189 1687 2356 1748 quibus-

1362 1773 1455 1801 cum
1487 1773 1536 1799 ue
1550 1786 1562 1798 .

1458 1773 1628 1857 qDatum
1663 1816 1801 1855 Romae
1829 1813 1933 1867 apud
1973 1812 2156 1853 Sanctam
2187 1804 2358 1849 Mariam

1363 1873 1559 1929 Maiorem
1575 1873 1643 1915 sub
1658 1869 1826 1914 Annulo
1845 1869 2058 1914 Piscatoris
2079 1867 2147 1909 die
2170 1879 2217 1907 vt
2232 1878 2264 1906 1.
2282 1866 2359 1907 Fe-

1363 1933 1514 1976 bruarii
1541 1942 1839 1974 mocnxxxvit.
1866 1924 2128 1973 Pontificatfis
2145 1923 2269 1967 nostri
2283 1935 2358 1975 ans

1364 2006 1420 2035 no
1435 1990 1650 2036 undecimo
1665 2018 1678 2031 .

1427 2104 1671 2158 Autograph.
1698 2105 1740 2143 in
1766 2101 1934 2142 Archivo
1965 2105 2109 2143 secret.
2127 2100 2357 2142 Bra-vimna-

1480 2161 1782 2262 Zdssgolicorum
1788 2158 1941 2218 Rege-sto
1955 2159 2125 2216 menſs&
2140 2156 2237 2199 anni
2241 2165 2360 2211 pra·

1369 2351 1485 2366 Q
1778 2347 2008 2363 ——

1370 2450 1652 2502 Elestionem
1672 2443 1986 2496 Discretorum
2016 2445 2061 2493 in
2090 2443 2357 2513 utriusque,

1438 2518 1648 2571 castellae
1667 2516 1921 2567 Provinciis
1935 2513 2128 2582 abrogat
2141 2549 2154 2564 .

1372 2654 1969 2710 INNOCENTIUS
2006 2626 2189 2703 PAPA
2229 2656 2361 2718 ΧΠ.

1556 2779 1817 2843 Adfaturam
1830 2778 1889 2825 rei
1911 2783 2134 2824 memoriam
2146 2808 2160 2822 .

1512 2916 1624 2969 Uper
1653 2925 1725 2968 pro
1755 2919 1869 2964 parte
1901 2907 2129 2952 Chariffimi
2153 2907 2193 2950 in
2229 2908 2351 2951 Chri·-

1371 2914 1494 3028 N
1530 2973 1587 3014 sto
1607 2971 1693 3014 Filii
1709 2970 1829 3012 nostri
1846 2998 1861 3020 ,
1888 2964 2354 3021 Caroli‚Hispaniarum

1369 3032 1497 3087 Regis
1520 3030 1745 3076 Catholici,
1760 3027 1887 3070 Nobis
1901 3038 1972 3080 per
1997 3023 2185 3067 dilectum
2205 3025 2359 3071 Filium

1368 3090 1559 3133 Nobilem
1578 3084 1983 3135 Virum‚modernum
2007 3082 2162 3124 Ducem
2186 3084 2239 3127 de
2265 3087 2357 3134 Me-‚

1367 3147 1460 3189 dina
1487 3146 1628 3195 Coeli,
1655 3143 1771 3199 ipfius
1793 3140 1930 3185 Caroli
1949 3142 2073 3196 Regis
2102 3142 2208 3198 apud
2236 3145 2356 3194 Nos,

1367 3208 1407 3247 δι
1419 3203 1563 3249 Sedem
1583 3201 1744 3258 Apostol
1753 3201 1851 3242 icam
1866 3202 2080 3242 Oratorem
2095 3200 2355 3256 expofitum,

1369 3263 1443 3306 suit
1458 3293 1474 3314 ,
1498 3260 1606 3318 quod
1637 3271 1716 3300 tam
1733 3257 2046 3300 Praedicatorum
2062 3287 2076 3309 ,
2094 3260 2134 3300 δι
2149 3260 2354 3301 Minorum

1371 3321 1500 3366 Sanc’ti
1531 3317 1724 3362 Francisei
1746 3316 1798 3359 de
1826 3317 2091 3359 Observantia
2117 3317 2351 3369 Ministros,

1372 3380 1489 3438 quam
1504 3377 1673 3421 aliorum
1701 3373 1951 3417 diversorum
1966 3375 2169 3418 Ordinum
2191 3379 2352 3419 Fratres

1373 3441 1412 3482 in
1433 3438 1579 3493 Regnis
1593 3432 1796 3488 utriusque
1823 3431 2006 3476 Caflellae
2020 3434 2256 3480 existentes,
2287 3431 2353 3475 sua

1374 3496 1565 3552 Capitula
1579 3491 1849 3538 Provincialia
1864 3506 1959 3534 cum
1976 3493 2207 3535 interventu
2222 3492 2354 3545 Supe-

1374 3552 1723 3598 riorumlocalium
1744 3553 2031 3592 Conventuum
2049 3548 2249 3592 Ordinum
2272 3550 2352 3590 hu-

1374 3611 1543 3671 jusmodi
1557 3611 1701 3665 absque
1718 3607 1914 3651 Discretis
1928 3608 1991 3650 seu
2006 3607 2230 3663 Sociis,qui
2252 3607 2352 3649 olim

1376 3673 1426 3714 ab
1446 3670 1533 3726 ipfis
1558 3668 1837 3711 Conventibus
1858 3667 1908 3708 ad
1935 3665 2114 3708 effectum
2132 3664 2198 3708 sua
2214 3664 2354 3708 suffra-

1376 3731 1438 3786 gia
1454 3726 1612 3774 ferendi
1627 3725 1666 3770 in
1689 3723 1838 3768 eisdem
1855 3723 2055 3779 Capitulis
2071 3722 2357 3780 eligiconliieq·

1864 3785 1896 3826 P
1909 3796 1936 3838 p
2226 3796 2297 3826 ve-
