2592 4094
343 191 515 279 254

278 307 302 349 a
336 306 474 346 Matre
498 300 697 355 Ancilla,
723 307 793 344 aut
821 297 905 352 ejus
929 291 1119 335 Vicaria·
1150 292 1266 335 Nulli

278 363 437 405 licitum
452 362 497 401 fit
524 360 675 416 aliquas
694 356 951 409 disciplinas,
981 350 1263 403 austeritates,

285 431 351 462 aut
368 419 625 477 poenitentias
651 411 987 458 extraordinarias
1014 411 1147 455 facere
1160 438 1175 462 ,
1189 411 1259 453 nist

278 493 371 524 cum
395 477 558 520 licentia
575 503 589 524 ,
616 477 653 514 &
670 468 948 512 benedictione
964 498 978 521 ,
1004 471 1042 512 &
1059 469 1257 512 obedien·

277 541 335 582 ati
358 531 654 592 Superioriffae,
677 536 745 570 aut
764 541 834 583 per
854 527 952 569 alias
981 528 1265 587 injungantur,

278 598 329 640 ad
364 592 603 639 exercitium
632 585 822 638 virtutis,
848 586 889 627 ὅτ.
909 586 1232 630 mortificationis
1250 614 1265 637 ,

280 664 350 700 aut
366 649 613 711 poenitentiae
635 645 894 701 particularis
907 674 919 687 .

392 713 462 757 Et,
477 707 570 762 quia
585 706 690 747 inter
706 703 778 747 ista
806 704 941 747 omnia
956 702 1187 749 sanetiffima
1201 720 1267 748 ex-

285 769 458 817 ercitia,
478 764 615 809 media
638 762 898 820 particularia
925 763 1158 807 introdueta
1171 795 1187 816 ,
1217 765 1264 810 tit

288 831 434 873 idonea
473 824 524 866 ad
563 822 862 878 acquisitionem
895 820 1065 878 supremi
1109 823 1261 869 amoris

282 884 424 942 sponsi
451 881 595 931 nostri,
624 880 720 924 satis
737 877 965 937 agnoscitur
981 909 994 932 ,
1017 884 1124 938 quod
1148 896 1263 926 com-

287 945 415 988 munis
437 941 555 983 hostis
571 967 586 993 ,
611 941 679 997 qui
706 938 861 995 semper
873 938 1044 991 circuit,
1068 951 1114 984 ut
1132 941 1259 984 devo-

280 1013 360 1054 ret,
372 999 533 1044 invidus
547 999 731 1056 perfectae
744 997 1035 1055 prosecutionis
1054 1001 1268 1049 virtutum,

283 1076 356 1120 per
373 1061 509 1117 plures
534 1058 654 1100 tricas
671 1085 686 1107 ,
715 1065 826 1101 artes
840 1085 855 1109 ,
880 1058 920 1099 δι
935 1056 1146 1112 praeclaros
1172 1073 1270 1115 prae·

280 1129 418 1164 textus
443 1147 459 1171 ‚
489 1119 528 1160 8ι
551 1116 884 1172 inquietitudines
921 1113 1077 1158 delatas
1099 1144 1113 1168 ,
1144 1117 1194 1162 ad
1227 1115 1267 1159 id

285 1180 412 1224 unum
441 1175 686 1228 tendentes,
715 1185 760 1218 ut
785 1174 979 1218 decidere
1009 1190 1085 1218 nos
1110 1173 1264 1219 saciata

281 1238 412 1282 fructu
441 1265 455 1287 ,
479 1249 600 1292 quem
625 1233 786 1291 sperare
823 1232 1016 1279 debemus
1046 1248 1097 1279 ex
1131 1233 1267 1290 spiritu

281 1295 507 1343 vocationis
525 1294 661 1336 nostrae
677 1322 692 1345 ,
712 1294 781 1349 qui
797 1292 972 1335 consistit
989 1294 1027 1335 in
1056 1307 1152 1335 vera
1169 1307 1268 1349 pau·

285 1361 446 1415 pertate
460 1381 472 1404 ,
501 1353 783 1408 simplicitate,
800 1353 840 1395 &
858 1351 1104 1402 humilitate,
1117 1352 1194 1399 sic,
1224 1361 1270 1394 ut

284 1414 400 1459 nobis
417 1410 512 1454 absit
533 1412 727 1467 gloriari,
740 1410 1077 1467 &conquiescere
1091 1441 1106 1462 ,
1137 1409 1204 1452 nisi
1227 1411 1269 1451 in

282 1472 532 1528 despectibus
549 1468 927 1522 ‚ecconfufionibus
944 1495 958 1517 ,
986 1479 1030 1512 ut
1057 1469 1106 1512 fic
1137 1469 1271 1512 habita

282 1530 517 1588 cognitione
539 1543 687 1584 magnae
702 1529 956 1584 indignitatis
972 1528 1114 1571 nostrae
1128 1557 1142 1579 ,
1158 1529 1198 1569 δι
1213 1529 1271 1570 vi-

288 1590 443 1639 litatis,
471 1591 586 1631 tanto
614 1588 741 1641 magis
767 1587 990 1631 studeamus
1020 1588 1122 1631 nulli
1140 1588 1274 1636 alteri,

284 1648 427 1690 affe-&u
471 1647 511 1691 &
539 1645 748 1688 voluntate
777 1646 1012 1695 adhaerere,
1049 1647 1166 1703 quim
1197 1646 1271 1689 soli

282 1711 392 1752 Deo,
407 1717 478 1745 nos
493 1706 740 1758 resignantes
772 1719 864 1746 cum
888 1704 1190 1760 profundissima
1207 1732 1222 1755 ,
1238 1706 1279 1745 δι

285 1761 515 1807 humillima
532 1762 808 1816 dependentia
822 1788 836 1809 ,
849 1762 1131 1804 amorofiffime
1146 1762 1196 1802 ad
1214 1763 1277 1815 ip-

285 1825 365 1865 fius
383 1819 687 1875 beneplacitum
700 1847 711 1859 .
727 1821 782 1860 Et
796 1834 887 1861 cum
905 1818 1154 1875 experientia
1169 1832 1280 1860 com·

286 1888 446 1939 pertum
463 1881 525 1928 fit,
544 1877 653 1934 quod
670 1876 842 1930 candor,
855 1878 894 1919 δι
907 1878 1113 1921 sinceritas
1130 1878 1282 1919 anima-

287 1954 378 1983 rum
414 1936 566 1979 summe
583 1934 780 1978 deserviat
803 1937 853 1979 ad
872 1937 956 1991 ejus
971 1947 1075 1981 artes
1090 1965 1105 1989 ,
1119 1938 1156 1978 &
1189 1935 1281 1978 sub-

288 1998 407 2042 dolas
427 1995 746 2040 machinationes
763 1996 985 2039 eludendas
998 2027 1012 2050 ‚

402 2056 648 2098 Ordinamus
662 2083 677 2105 ,
708 2064 752 2095 ut
769 2069 908 2096 omnes
923 2058 1095 2095 Sorores
1115 2051 1281 2107 publice

291 2129 385 2157 cum
401 2113 509 2154 omni
527 2112 716 2152 libertate
730 2136 744 2159 ,
775 2112 815 2150 δι
831 2109 1087 2163 simplicitate
1103 2137 1119 2157 ,
1149 2111 1186 2149 &
1206 2108 1281 2148 in.»

285 2172 424 2228 spiritu
444 2168 626 2210 veritatis
640 2166 778 2208 dicant
797 2166 901 2209 suam
922 2166 1085 2223 culpam
1104 2165 1142 2207 in
1160 2162 1284 2207 Refe-

288 2229 446 2275 istorio,
483 2234 576 2268 ante
592 2224 914 2267 benedictionem
929 2225 1114 2280 prandii,
1146 2222 1283 2279 &spe-

291 2288 451 2332 cialiter
488 2283 538 2326 de
577 2282 948 2339 imperfectionibus
979 2283 1288 2332 communibus,

294 2342 509 2390 commiffis
534 2352 675 2383 contra
691 2342 890 2396 Regulam
915 2370 928 2392 ,
963 2340 1284 2383 &Constitutio-

294 2420 392 2454 nes,
429 2409 680 2454 exponentes
702 2413 795 2441 cum
821 2398 1019 2441 desiderio
1050 2397 1289 2441 confusionis

298 2459 482 2521 propriae,
498 2458 676 2500 internas
705 2456 1011 2512 dispositiones,
1043 2471 1117 2512 per
1137 2454 1290 2500 confel-

295 2523 446 2566 fionem
460 2517 560 2567 oris,
575 2517 635 2558 uti
657 2517 826 2572 legimus
839 2516 1107 2560 conscientias
1134 2517 1287 2572 primo-

291 2596 382 2626 rum
398 2581 561 2620 Parrum
592 2573 702 2617 fuisse
731 2574 799 2617 sibi
828 2577 972 2619 mutuo
987 2573 1260 2618 manifestatas
1274 2604 1289 2627 ,

291 2654 363 2698 per
381 2634 689 2679 illustrationem
708 2635 1070 2678 extraordinariam
1098 2663 1112 2687 ,
1142 2649 1228 2691 quae
1250 2635 1291 2676 in

295 2696 466 2742 Ordinis
482 2692 538 2734 sui
553 2694 724 2735 exordio
738 2694 911 2748 contigit
929 2695 968 2736 in
987 2695 1286 2749 SeraphicoPa·

298 2768 363 2801 tre
379 2753 513 2797 nostro
527 2754 675 2794 sancto
692 2754 905 2794 Francisco
919 2767 930 2795 :
946 2754 1150 2804 nimirum,
1165 2767 1291 2808 quan·

293 2816 380 2860 tum
398 2812 449 2855 ad
465 2813 653 2855 Seniores
675 2810 881 2864 professas,
894 2812 1035 2854 diebus
1049 2842 1066 2863 ,
1090 2814 1231 2867 quibus
1247 2809 1292 2853 fit

295 2870 504 2918 ordinaria
532 2868 746 2924 disciplina
771 2870 810 2911 in
838 2871 982 2913 Choro
999 2900 1014 2923 ,
1045 2872 1291 2927 &quantum

299 2932 347 2977 ad
366 2932 463 2973 alias
481 2927 697 2985 professas,
709 2943 795 2983 quae
811 2943 892 2971 non
910 2931 1159 2973 absolverint
1173 2943 1294 2985 quar-

301 3003 387 3034 tum
406 3003 555 3032 annum
584 2988 623 3029 in
641 2987 855 3043 Religione
873 3015 887 3037 ,
914 2990 954 3030 δι
970 2988 1156 3030 Novitias
1169 3015 1184 3036 ,
1218 2988 1295 3030 illae

302 3050 442 3092 dicent
470 3046 632 3103 lingulis
654 3045 811 3098 diebus,
830 3046 948 3102 usque
962 3047 1013 3090 ad
1029 3046 1296 3089 absolutum,

306 3105 908 3165 quadriennium,adimplentes
924 3121 1015 3148 cum
1033 3107 1145 3148 omni
1164 3105 1297 3147 humi-

307 3167 428 3210 litate
463 3163 728 3219 penitentiam
756 3163 1135 3219 fibiaSuperioriffa
1159 3163 1296 3220 injun-

302 3229 424 3272 etam,
442 3220 548 3264 salvo
564 3224 718 3265 tantum
733 3249 747 3271 ,
763 3224 871 3278 quod
888 3224 1004 3268 sextis
1024 3224 1134 3267 feriis
1147 3222 1186 3265 se
1199 3237 1298 3267 cou-

304 3283 544 3328 formabunt
560 3280 752 3336 Capitulo
767 3285 865 3325 XII.

400 3383 403 3385 ,
424 3339 549 3400 Qod
561 3368 576 3391 ,
592 3339 616 3381 li
634 3342 844 3398 contingat
860 3343 1012 3400 aliquas
1029 3349 1194 3389 Sorores
1209 3356 1297 3398 gra·

308 3401 414 3443 viter
444 3412 617 3455 peccare
642 3413 732 3442 cum
759 3402 948 3447 scandalo
974 3404 1144 3447 aliarum
1167 3430 1182 3453 ,
1227 3408 1295 3443 aut

297 3469 448 3503 contra
465 3458 680 3514 Regulam,
699 3461 739 3501 δι
754 3462 1089 3512 Constitutiones,
1105 3461 1295 3517 Superio-

299 3517 487 3562 rill'aillis
505 3516 692 3574 injunget
708 3522 990 3574 poenitentiam
1018 3536 1111 3566 cum
1143 3517 1294 3563 miseri-

298 3579 440 3620 cordia
457 3605 471 3628 ,
503 3588 624 3633 prout
649 3578 842 3634 expedire
874 3580 1098 3635 judicabit,
1129 3581 1169 3621 δε
1195 3578 1293 3622 ficut

298 3637 576 3679 declarabitur
592 3638 807 3692 Cap-XII.
833 3640 973 3683 harum
995 3638 1286 3699 praesentium-e

302 3695 648 3739 Constitutionum
663 3723 677 3739 .

1067 154 1595 237 Provincia

1431 292 1941 346 CAPU-'r
2043 301 2355 348 VILQ

1374 416 1438 456 De
1458 411 1568 455 ,modo
1594 409 1830 463 laborand1'3
1863 407 1912 457 ὅ
1934 411 2130 453 exercitiis
2149 425 2248 466 comq
2288 439 2292 454 2

1439 469 1615 514 munibus
1630 472 1816 512 Sororum
1832 496 1846 519 ,
1860 480 1906 509 ac
1926 468 2101 523 operibus
2115 469 2190 512 bu·
2221 495 2224 499 -

1521 528 1706 572 mairam
1728 555 1743 578 ,
1786 529 1835 577 (5
1865 526 2076 584 Religionis
2099 557 2113 572 .

1442 647 1646 707 Quoniam
1661 647 1832 690 arduum
1856 647 1895 688 &
1907 643 2072 688 difficile
2083 643 2139 688 est
2154 671 2168 695 ‚
2198 646 2307 702 quod

1326 706 1415 763 quis
1441 708 1480 749 in
1506 708 1638 750 Deum
1663 704 1815 762 semper
1839 704 2055 753 elevetur,
2082 704 2134 746 ad
2156 705 2312 752 evitan-¹

1323 766 1420 808 dum
1435 765 1589 815 otium,
1615 765 1794 808 radicem
1807 764 1987 807 omnium
2002 762 2218 811 malorum,
2235 762 2309 805 sta·

1321 825 1479 876 tuitur,
1512 834 1557 866 ut
1585 825 1706 867 certis
1735 822 1846 867 horis
1878 822 2074 879 praefixis,
2105 833 2246 864 omnes
2261 819 2312 862 fi-

1323 883 1405 926 mul
1420 885 1470 926 ad
1486 896 1587 939 opus
1601 879 1847 926 conveniant
1868 909 1882 931 ,
1898 883 1953 934 δι,
1967 891 2180 937 antequam
2205 876 2311 922 illud

1326 941 1633 998 aggrediantur,
1647 940 1743 985 fiant
1766 941 1906 997 aliquae
1921 955 2059 996 preces
2073 967 2088 992 ,
2121 937 2182 981 uti
2204 938 2245 979 δι
2265 937 2313 980 -in

1328 1000 1426 1053 fine,
1440 1002 1480 1043 &
1494 1000 1654 1056 reliquo
1668 1000 1863 1056 temporis
1887 999 2034 1054 partim
2063 997 2249 1041 servetur
2268 994 2319 1038 fi-

1332 1059 1665 1116 lentium‚partim
1683 1059 1842 1115 legatur
1859 1057 2009 1115 aliquid
2032 1070 2082 1100 ex
2109 1057 2242 1112 aliquo
2261 1054 2318 1097 li-

1331 1120 1405 1161 bro
1428 1119 1621 1174 spirituali
1635 1148 1650 1169 ‚
1681 1129 1751 1160 aut
1768 1121 1902 1161 Mater
1915 1114 2074 1159 Ancilla
2093 1141 2108 1165 ,
2137 1124 2208 1158 aut
2225 1113 2313 1171 ejus

1329 1177 1493 1221 Vicaria
1509 1176 1660 1233 aliquid
1687 1176 1737 1219 ad
1754 1177 1951 1232 pietatem
1967 1174 2146 1229 spectans
2163 1184 2318 1228 propo-

1329 1246 1397 1280 nat
1413 1264 1427 1287 ,
1458 1236 1567 1291 quod
1583 1235 1729 1278 serviet
1744 1233 2106 1277 adinstruetionem
2127 1260 2142 1283 ,
2171 1233 2211 1274 &
2224 1227 2319 1272 aedi-
2381 1259 2383 1262 -

1330 1295 1564 1338 ficationem
1589 1297 1785 1337 Sororum
1812 1322 1827 1345 ,
1858 1306 1943 1349 quae
1968 1291 2131 1347 insuper
2153 1291 2322 1346 aliqua-s

1330 1353 1510 1408 suffragia
1531 1353 1704 1396 recitare
1729 1360 1925 1408 poterunt
1940 1379 1951 1392 .
1984 1353 2152 1395 Sorores
2168 1347 2321 1400 Refer-2

1332 1412 1516 1457 mationis
1543 1411 1684 1455 nostra:
1709 1424 1913 1468 nunquam
1937 1419 2179 1465 operentur,
2194 1420 2323 1464 pecu-

1333 1473 1437 1516 niam
1455 1470 1641 1515 lucrandi
1662 1469 1783 1513 causa
1798 1498 1812 1521 ,
1827 1468 1912 1521 sed,
1927 1469 2129 1524 postquam
2145 1466 2329 1510 absolve·

1337 1532 1419 1575 rint
1438 1559 1452 1582 ,
1482 1529 1589 1588 quod
1612 1529 1663 1572 ad
1681 1528 1906 1572 Sacristiam
1922 1527 2068 1583 spectat
2083 1553 2098 1575 ,
2129 1527 2169 1567 δι
2189 1524 2240 1568 ad
2257 1537 2330 1566 ne—

1338 1588 1498 1633 cessaria
1518 1585 1783 1637 Conventus,
1814 1586 2019 1642 reliquum
2047 1585 2241 1641 temporis
2269 1582 2331 1626 in-

1337 1649 1494 1692 sumant
1511 1646 1842 1690 adlaborandum
1865 1658 1942 1700 pro
1956 1645 2198 1700 pauperibus
2214 1644 2328 1703 Con-

1340 1708 1528 1749 ventibus
1546 1704 1844 1759 Religiosorum
1865 1704 1993 1747 Patris
2006 1701 2128 1746 nostri
2145 1707 2185 1743 S.
2199 1703 2330 1745 Fran-

1341 1763 1433 1806 cisci
1449 1791 1464 1813 ,
1495 1772 1564 1804 aut
1581 1762 1670 1803 aliis
1684 1789 1699 1812 ,
1714 1761 1866 1803 deinde
1881 1761 2119 1816 pauperibus
2134 1758 2327 1801 Ecclefiis

1341 1821 1544 1870 ruralibus
1560 1847 1576 1869 ,
1605 1817 1823 1875 praesertim
1837 1818 1922 1874 ejus
1938 1817 2161 1866 Dioecefis,
2185 1817 2225 1858 in
2250 1829 2328 1872 qua
2398 1852 2400 1855 .

1345 1878 1578 1923 relidebunt
1600 1890 1616 1930 3
1662 1891 1735 1921 nec
1753 1891 1924 1933 unquam
1942 1889 2015 1933 pro
2030 1875 2070 1919 se
2086 1874 2175 1933 ipsis
2192 1875 2231 1917 in
2244 1888 2337 1931 par·

1346 1938 1508 1982 ticulari
1521 1959 1536 1987 ,
1551 1947 1596 1979 ut
1610 1950 1655 1978 ea
1684 1937 1722 1978 in
1738 1937 1909 1979 formam
1925 1934 2255 1980 munusculorum
2267 1933 2328 1976 di-

1344 1996 1541 2040 stribuant
1556 2020 1570 2042 ,
1593 1992 1909 2049 quibuscumque
1919 1993 2096 2048 personis
2107 2022 2124 2044 ,
2141 2001 2210 2035 aut
2228 2005 2332 2047 quo-

1343 2065 1529 2107 cumque
1543 2061 1740 2103 praetextu
1754 2061 1981 2104 operentur
1993 2079 2006 2092 .

1461 2112 1684 2151 Monentur
1700 2107 1780 2150 illae
1794 2133 1809 2156 ,
1823 2109 1966 2164 quibus
1981 2111 2092 2152 Deus
2105 2105 2221 2149 dedit
2229 2120 2332 2163 gra-

1345 2171 1439 2214 tiam
1455 2165 1694 2219 laborandi,
1725 2177 1770 2209 ut
1795 2164 1971 2209 fideliter
1999 2167 2037 2210 se
2062 2165 2329 2221 impendant,

1348 2228 1398 2271 ad
1428 2229 1535 2276 hoc,
1567 2231 1642 2275 ut,
1671 2238 1755 2280 quae
1782 2240 1862 2267 non
1885 2227 2074 2268 noverint
2103 2225 2288 2271 laborare
2315 2251 2330 2275 ,

1349 2286 1536 2333 discant,
1567 2279 1634 2325 sed
1661 2281 1777 2337 super
1792 2283 1928 2325 omnia
1955 2293 2173 2334 caveatur,
2204 2297 2253 2325 ne
2275 2282 2335 2326 la-

1350 2345 1451 2386 bore
1492 2339 1696 2396 corporali
1741 2340 1902 2396 spiritus
1940 2340 2245 2384 introverfionis
2291 2342 2333 2383 δι

1347 2400 1538 2446 orationis
1559 2398 1856 2454 extinguatur,
1886 2400 1937 2443 ad
1965 2414 2085 2457 quem
2113 2400 2247 2443 omnia
2273 2412 2338 2442 re-

1349 2460 1446 2518 serri
1460 2459 1610 2502 debent
1623 2485 1635 2498 .

1461 2519 1628 2574 Insuper
1650 2517 1862 2569 statuitur,
1895 2519 1994 2560 utin
2013 2517 2198 2562 omnibus
2223 2519 2339 2561 Con-

1356 2578 1543 2625 ventibus
1582 2590 1789 2632 nunquam
1831 2579 2076 2621 omittantur
2110 2575 2338 2620 exercitia..

1354 2636 1581 2683 communia
1601 2664 1616 2687 ,
1651 2638 1690 2678 δε
1707 2651 1829 2691 opera
1844 2636 2084 2678 humilitatis
2098 2663 2113 2686 ,
2146 2637 2227 2678 imo
2250 2649 2339 2679 ου

1356 2694 1616 2754 Superioriffa
1632 2695 1672 2737 se
1686 2695 1862 2737 absentet
1895 2697 1974 2738 line
1989 2696 2130 2751 gravi,
2161 2695 2200 2735 δι
2213 2693 2341 2735 mani-

1354 2757 1448 2800 festa
1464 2753 1716 2807 neceffitate3
1747 2754 1924 2810 quinimo
1943 2756 1982 2796 in
1998 2754 2184 2796 omnibus
2201 2752 2244 2794 (it
2258 2751 2340 2807 pri·

1355 2832 1432 2866 ma,
1444 2815 1495 2858 ad
1520 2814 1789 2857 imitationem
1809 2814 1968 2856 Domini
1986 2810 2204 2868 nostriJesu
2218 2808 2339 2854 Chri-

1354 2876 1428 2925 sti,
1466 2876 1644 2930 praebens
1671 2872 1759 2914 aliis
1784 2872 1940 2915 bonum
1959 2871 2216 2927 exemplum,
2248 2866 2343 2911 &in

1355 2935 1542 2978 omnibus
1562 2933 1751 2988 operibus
1771 2931 1916 2974 vilibus
1932 2961 1948 2983 ,
1965 2933 2003 2974 δι
2015 2930 2180 2988 abjet‘tis
2197 2957 2212 2981 ,
2242 2941 2343 2970 una-

1355 3007 1521 3049 quaeque
1537 2993 1644 3035 vices
1658 2991 1742 3033 suas
1755 2991 1874 3034 obeat
1888 3018 1902 3040 ,
1934 3002 2003 3033 aut
2028 2986 2342 3036 hebdomadam,

1357 3052 1466 3110 juxta
1486 3050 1712 3107 Religionis
1726 3049 1968 3093 laudabilem
1982 3046 2338 3095 consuetudinem,

1360 3112 1429 3153 nisi
1443 3110 1648 3153 interdum
1663 3105 1921 3164 Superioriffa
1937 3108 2055 3150 aliter
2070 3107 2225 3151 statuat,
2239 3114 2339 3158 pro-

1357 3177 1448 3224 pter
1463 3169 1589 3212 bonas
1603 3169 1778 3212 rationes
1803 3167 1844 3210 &
1856 3166 1991 3210 causas
2003 3192 2018 3207 0
2051 3167 2120 3213 Et,
2136 3162 2236 3206 utin
2253 3173 2345 3217 per-

1357 3236 1523 3283 petuum
1545 3227 1686 3271 melius
1702 3227 1782 3268 haec
1798 3225 2052 3267 uniformitas
2079 3224 2119 3264 δι
2134 3219 2340 3276 aequalitas

1355 3285 1624 3337 observetur,
1658 3284 1858 3331 Novitiae,
1884 3291 2071 3337 tempore
2101 3277 2341 3323 Novitiatfis

1356 3344 1576 3399 diligenter
1591 3352 1859 3386 exerceantur
1876 3341 1913 3383 in
1931 3340 2118 3385 omnibus
2143 3338 2188 3381 iis
2206 3338 2342 3387 rebus,

1356 3404 1476 3446 etiam
1492 3402 1664 3445 maxime
1679 3400 1919 3448 humilibus,
1934 3401 1974 3440 δι
1991 3398 2133 3440 vilibus
2145 3423 2159 3446 ,
2192 3410 2277 3452 quae
2297 3398 2337 3438 in

1353 3461 1661 3506 Communitate
1691 3457 1910 3503 necessario
1936 3456 2023 3499 fieri
2053 3457 2205 3500 debent
2233 3483 2248 3505 ,
2293 3463 2340 3506 ut

1354 3523 1487 3578 postea
1502 3516 1776 3577 proseslionem
1793 3517 1985 3560 facientes
2002 3515 2146 3570 pollint
2159 3514 2340 3562 dicere...

1352 3578 1671 3634 cumpropheta,
1685 3578 1789 3633 elegi
1802 3576 1954 3635 abjeaa
1965 3573 2040 3618 effe
2053 3576 2093 3617 in
2102 3578 2237 3617 Domo
2255 3575 2338 3614 Do-

1352 3641 1449 3683 mini
1467 3639 1544 3681 mei
1558 3637 1685 3693 magis
1699 3664 1713 3685 ,
1739 3639 1858 3693 quam
1872 3636 2054 3682 habitare
2080 3634 2119 3679 in
2139 3635 2332 3684 tabernar-

1355 3699 1455 3745 culis
1469 3707 1728 3755 peccatorum
1744 3725 1757 3739 .

2134 3797 2289 3863 cA‘P.
