<?xml version="1.0" encoding="UTF-8"?>
<!DOCTYPE html PUBLIC "-//W3C//DTD XHTML 1.0 Transitional//EN"
    "http://www.w3.org/TR/xhtml1/DTD/xhtml1-transitional.dtd">
<html xmlns="http://www.w3.org/1999/xhtml" xml:lang="en" lang="en">
 <head>
  <title>
</title>
<meta http-equiv="Content-Type" content="text/html;charset=utf-8" />
  <meta name='ocr-system' content='tesseract 3.04.00' />
  <meta name='ocr-capabilities' content='ocr_page ocr_carea ocr_par ocr_line ocrx_word'/>
</head>
<body>
  <div class='ocr_page' id='page_1' title='image "./bullariumordinis05cath_0211.png"; bbox 0 0 2592 4094; ppageno 0'>
   <div class='ocr_carea' id='block_1_1' title="bbox 888 189 1574 285">
    <p class='ocr_par' dir='ltr' id='par_1_1' title="bbox 888 189 1574 285">
     <span class='ocr_line' id='line_1_1' title="bbox 888 189 1574 285; baseline 0.001 -8"><span class='ocrx_word' id='word_1_1' title='bbox 888 190 972 278; x_wconf 73' lang='lat' dir='ltr'>S.</span> <span class='ocrx_word' id='word_1_2' title='bbox 1026 189 1574 285; x_wconf 71' lang='lat' dir='ltr'>Ludoviai.</span> 
     </span>
    </p>
   </div>
   <div class='ocr_carea' id='block_1_2' title="bbox 351 388 1069 435">
    <p class='ocr_par' dir='ltr' id='par_1_2' title="bbox 351 388 1069 435">
     <span class='ocr_line' id='line_1_2' title="bbox 351 388 1069 435; baseline 0 -4"><span class='ocrx_word' id='word_1_3' title='bbox 351 388 680 434; x_wconf 83' lang='lat' dir='ltr'>RESCRIPTO</span> <span class='ocrx_word' id='word_1_4' title='bbox 709 388 1045 435; x_wconf 77' lang='lat' dir='ltr'>PONTIFICIO</span> <span class='ocrx_word' id='word_1_5' title='bbox 1057 417 1069 431; x_wconf 89' lang='grc'><strong>.</strong></span> 
     </span>
    </p>
   </div>
   <div class='ocr_carea' id='block_1_3' title="bbox 222 507 1203 789">
    <p class='ocr_par' dir='ltr' id='par_1_3' title="bbox 222 507 1203 650">
     <span class='ocr_line' id='line_1_3' title="bbox 222 507 1203 567; baseline -0.003 -8"><span class='ocrx_word' id='word_1_6' title='bbox 222 507 386 559; x_wconf 82' lang='lat' dir='ltr'>Mariae</span> <span class='ocrx_word' id='word_1_7' title='bbox 413 511 560 558; x_wconf 78' lang='lat' dir='ltr'>Annae</span> <span class='ocrx_word' id='word_1_8' title='bbox 585 509 611 558; x_wconf 70' lang='grc' dir='ltr'><strong><em>ἃ</em></strong></span> <span class='ocrx_word' id='word_1_9' title='bbox 634 509 844 558; x_wconf 90' lang='lat' dir='ltr'>Bullione</span> <span class='ocrx_word' id='word_1_10' title='bbox 868 541 885 567; x_wconf 91' lang='lat'><strong>,</strong></span> <span class='ocrx_word' id='word_1_11' title='bbox 914 510 1056 559; x_wconf 88' lang='lat' dir='ltr'>Ducis</span> <span class='ocrx_word' id='word_1_12' title='bbox 1076 508 1203 562; x_wconf 91' lang='lat' dir='ltr'>Uze-</span> 
     </span>
     <span class='ocr_line' id='line_1_4' title="bbox 290 576 1202 650; baseline -0.001 -23"><span class='ocrx_word' id='word_1_13' title='bbox 290 580 366 633; x_wconf 79' lang='lat' dir='ltr'>tiae</span> <span class='ocrx_word' id='word_1_14' title='bbox 394 581 618 650; x_wconf 88' lang='lat' dir='ltr'>Conjugi,</span> <span class='ocrx_word' id='word_1_15' title='bbox 635 576 850 647; x_wconf 83' lang='lat' dir='ltr'>ingressus</span> <span class='ocrx_word' id='word_1_16' title='bbox 880 579 925 639; x_wconf 85' lang='lat' dir='ltr'>in</span> <span class='ocrx_word' id='word_1_17' title='bbox 957 583 1202 628; x_wconf 75' lang='lat' dir='ltr'>Domum..</span> 
     </span>
    </p>

    <p class='ocr_par' dir='ltr' id='par_1_4' title="bbox 240 648 1203 789">
     <span class='ocr_line' id='line_1_5' title="bbox 240 648 1203 721; baseline 0.001 -25"><span class='ocrx_word' id='word_1_18' title='bbox 240 698 246 721; x_wconf 15' lang='grc' dir='ltr'>,Δ</span> <span class='ocrx_word' id='word_1_19' title='bbox 275 653 505 704; x_wconf 45' lang='lat' dir='ltr'>,Fratrum</span> <span class='ocrx_word' id='word_1_20' title='bbox 555 650 771 702; x_wconf 85' lang='lat' dir='ltr'>Civitatis</span> <span class='ocrx_word' id='word_1_21' title='bbox 822 650 1006 703; x_wconf 86' lang='lat' dir='ltr'>Uzetiae</span> <span class='ocrx_word' id='word_1_22' title='bbox 1054 648 1203 698; x_wconf 89' lang='lat' dir='ltr'>indul-</span> 
     </span>
     <span class='ocr_line' id='line_1_6' title="bbox 288 732 459 789; baseline 0.012 -21"><span class='ocrx_word' id='word_1_23' title='bbox 288 732 429 789; x_wconf 88' lang='lat' dir='ltr'>getur</span> <span class='ocrx_word' id='word_1_24' title='bbox 446 755 459 770; x_wconf 89' lang='lat'><strong>.</strong></span> 
     </span>
    </p>
   </div>
   <div class='ocr_carea' id='block_1_4' title="bbox 482 848 922 916">
    <p class='ocr_par' dir='ltr' id='par_1_5' title="bbox 482 848 922 916">
     <span class='ocr_line' id='line_1_7' title="bbox 482 848 922 916; baseline -0.002 -19"><span class='ocrx_word' id='word_1_25' title='bbox 482 848 725 916; x_wconf 77' lang='lat' dir='ltr'>Beatiffi&#39;me</span> <span class='ocrx_word' id='word_1_26' title='bbox 749 848 892 900; x_wconf 72' lang='lat' dir='ltr'>‘Pater</span> <span class='ocrx_word' id='word_1_27' title='bbox 909 883 922 897; x_wconf 86' lang='lat'><strong>.</strong></span> 
     </span>
    </p>
   </div>
   <div class='ocr_carea' id='block_1_5' title="bbox 213 974 1207 1443">
    <p class='ocr_par' dir='ltr' id='par_1_6' title="bbox 213 974 1207 1443">
     <span class='ocr_line' id='line_1_8' title="bbox 331 974 1200 1020; baseline -0.001 -2"><span class='ocrx_word' id='word_1_28' title='bbox 331 977 370 1018; x_wconf 90' lang='lat' dir='ltr'>U</span> <span class='ocrx_word' id='word_1_29' title='bbox 381 977 426 1016; x_wconf 87' lang='lat' dir='ltr'>M</span> <span class='ocrx_word' id='word_1_30' title='bbox 456 975 784 1018; x_wconf 78' lang='lat' dir='ltr'>Excellentiffimi</span> <span class='ocrx_word' id='word_1_31' title='bbox 801 979 933 1018; x_wconf 84' lang='lat' dir='ltr'>Duces</span> <span class='ocrx_word' id='word_1_32' title='bbox 942 975 1094 1020; x_wconf 86' lang='lat' dir='ltr'>Uzetiae</span> <span class='ocrx_word' id='word_1_33' title='bbox 1109 974 1200 1018; x_wconf 88' lang='lat' dir='ltr'>fun-</span> 
     </span>
     <span class='ocr_line' id='line_1_9' title="bbox 351 1032 1200 1089; baseline 0.002 -17"><span class='ocrx_word' id='word_1_34' title='bbox 351 1032 510 1073; x_wconf 79' lang='lat' dir='ltr'>datores</span> <span class='ocrx_word' id='word_1_35' title='bbox 525 1034 692 1075; x_wconf 85' lang='lat' dir='ltr'>existant</span> <span class='ocrx_word' id='word_1_36' title='bbox 709 1033 954 1077; x_wconf 71' lang='lat' dir='ltr'>Conventus</span> <span class='ocrx_word' id='word_1_37' title='bbox 969 1037 1200 1089; x_wconf 79' lang='lat' dir='ltr'>Capucino-</span> 
     </span>
     <span class='ocr_line' id='line_1_10' title="bbox 213 1089 1202 1149; baseline 0.003 -16"><span class='ocrx_word' id='word_1_38' title='bbox 213 1102 364 1133; x_wconf 77' lang='lat' dir='ltr'>norum</span> <span class='ocrx_word' id='word_1_39' title='bbox 380 1089 572 1134; x_wconf 81' lang='lat' dir='ltr'>civitatis</span> <span class='ocrx_word' id='word_1_40' title='bbox 587 1092 765 1143; x_wconf 79' lang='lat' dir='ltr'>Uzetiae‚</span> <span class='ocrx_word' id='word_1_41' title='bbox 792 1092 982 1149; x_wconf 88' lang='lat' dir='ltr'>idemque</span> <span class='ocrx_word' id='word_1_42' title='bbox 1007 1097 1202 1136; x_wconf 89' lang='lat' dir='ltr'>Conven-</span> 
     </span>
     <span class='ocr_line' id='line_1_11' title="bbox 215 1150 1206 1207; baseline 0.004 -16"><span class='ocrx_word' id='word_1_43' title='bbox 215 1156 283 1191; x_wconf 77' lang='lat' dir='ltr'>tus</span> <span class='ocrx_word' id='word_1_44' title='bbox 298 1161 370 1203; x_wconf 86' lang='lat' dir='ltr'>per</span> <span class='ocrx_word' id='word_1_45' title='bbox 385 1150 595 1194; x_wconf 83' lang='lat' dir='ltr'>continuas</span> <span class='ocrx_word' id='word_1_46' title='bbox 611 1151 886 1207; x_wconf 80' lang='lat' dir='ltr'>eleemosynas</span> <span class='ocrx_word' id='word_1_47' title='bbox 897 1178 912 1200; x_wconf 71' lang='lat' dir='ltr'>a</span> <span class='ocrx_word' id='word_1_48' title='bbox 939 1154 978 1195; x_wconf 77' lang='grc' dir='ltr'>δε</span> <span class='ocrx_word' id='word_1_49' title='bbox 1001 1151 1206 1207; x_wconf 69' lang='lat' dir='ltr'>plurima-v</span> 
     </span>
     <span class='ocr_line' id='line_1_12' title="bbox 215 1205 1207 1267; baseline 0.005 -19"><span class='ocrx_word' id='word_1_50' title='bbox 215 1205 415 1255; x_wconf 75' lang='lat' dir='ltr'>beneficia</span> <span class='ocrx_word' id='word_1_51' title='bbox 428 1212 452 1254; x_wconf 68' lang='grc' dir='ltr'>ὲ</span> <span class='ocrx_word' id='word_1_52' title='bbox 474 1208 658 1265; x_wconf 72' lang='lat' dir='ltr'>praedit‘tt</span> <span class='ocrx_word' id='word_1_53' title='bbox 672 1211 861 1267; x_wconf 82' lang='lat' dir='ltr'>praeclara</span> <span class='ocrx_word' id='word_1_54' title='bbox 880 1211 1207 1265; x_wconf 70' lang='lat' dir='ltr'>Familia,magna</span> 
     </span>
     <span class='ocr_line' id='line_1_13' title="bbox 216 1264 1206 1320; baseline 0.004 -13"><span class='ocrx_word' id='word_1_55' title='bbox 216 1279 268 1307; x_wconf 79' lang='lat' dir='ltr'>ex</span> <span class='ocrx_word' id='word_1_56' title='bbox 292 1275 406 1320; x_wconf 81' lang='lat' dir='ltr'>parte</span> <span class='ocrx_word' id='word_1_57' title='bbox 420 1264 689 1320; x_wconf 85' lang='lat' dir='ltr'>sustentetur,</span> <span class='ocrx_word' id='word_1_58' title='bbox 719 1270 935 1314; x_wconf 71' lang='lat' dir='ltr'>sanctitati</span> <span class='ocrx_word' id='word_1_59' title='bbox 951 1270 1105 1313; x_wconf 87' lang='lat' dir='ltr'>Vestrae</span> <span class='ocrx_word' id='word_1_60' title='bbox 1132 1272 1206 1312; x_wconf 82' lang='lat' dir='ltr'>hu-</span> 
     </span>
     <span class='ocr_line' id='line_1_14' title="bbox 217 1323 1201 1384; baseline 0.003 -17"><span class='ocrx_word' id='word_1_61' title='bbox 217 1323 388 1367; x_wconf 72' lang='lat' dir='ltr'>millime</span> <span class='ocrx_word' id='word_1_62' title='bbox 406 1323 653 1383; x_wconf 78' lang='lat' dir='ltr'>supplicatur</span> <span class='ocrx_word' id='word_1_63' title='bbox 677 1342 751 1384; x_wconf 82' lang='lat' dir='ltr'>pro</span> <span class='ocrx_word' id='word_1_64' title='bbox 776 1330 904 1384; x_wconf 78' lang='lat' dir='ltr'>gratia</span> <span class='ocrx_word' id='word_1_65' title='bbox 920 1359 936 1381; x_wconf 88' lang='lat'>,</span> <span class='ocrx_word' id='word_1_66' title='bbox 959 1331 996 1371; x_wconf 86' lang='lat'>&amp;</span> <span class='ocrx_word' id='word_1_67' title='bbox 1026 1329 1201 1384; x_wconf 81' lang='lat' dir='ltr'>benigna.</span> 
     </span>
     <span class='ocr_line' id='line_1_15' title="bbox 214 1382 1202 1443; baseline 0.006 -19"><span class='ocrx_word' id='word_1_68' title='bbox 214 1382 437 1434; x_wconf 78' lang='lat' dir='ltr'>facultate,</span> <span class='ocrx_word' id='word_1_69' title='bbox 463 1394 508 1428; x_wconf 89' lang='lat' dir='ltr'>ut</span> <span class='ocrx_word' id='word_1_70' title='bbox 533 1388 728 1431; x_wconf 79' lang='lat' dir='ltr'>consueto</span> <span class='ocrx_word' id='word_1_71' title='bbox 742 1387 1017 1432; x_wconf 81' lang='lat' dir='ltr'>Fundatorum</span> <span class='ocrx_word' id='word_1_72' title='bbox 1036 1388 1202 1443; x_wconf 86' lang='lat' dir='ltr'>privile-</span> 
     </span>
    </p>
   </div>
   <div class='ocr_carea' id='block_1_6' title="bbox 130 1443 1201 1501">
    <p class='ocr_par' dir='ltr' id='par_1_7' title="bbox 130 1443 1201 1501">
     <span class='ocr_line' id='line_1_16' title="bbox 130 1443 1201 1501; baseline 0.005 -18"><span class='ocrx_word' id='word_1_73' title='bbox 130 1497 134 1501; x_wconf 24' lang='lat'><em>*</em></span> <span class='ocrx_word' id='word_1_74' title='bbox 214 1443 309 1499; x_wconf 78' lang='lat' dir='ltr'>gio,</span> <span class='ocrx_word' id='word_1_75' title='bbox 333 1443 464 1486; x_wconf 78' lang='lat' dir='ltr'>Maria</span> <span class='ocrx_word' id='word_1_76' title='bbox 492 1446 610 1487; x_wconf 77' lang='lat' dir='ltr'>Anna</span> <span class='ocrx_word' id='word_1_77' title='bbox 634 1445 886 1500; x_wconf 48' lang='lat' dir='ltr'>&amp;Bullionffi</span> <span class='ocrx_word' id='word_1_78' title='bbox 913 1449 1030 1491; x_wconf 88' lang='lat' dir='ltr'>Uxor</span> <span class='ocrx_word' id='word_1_79' title='bbox 1050 1445 1201 1489; x_wconf 86' lang='lat' dir='ltr'>Excel-</span> 
     </span>
    </p>
   </div>
   <div class='ocr_carea' id='block_1_7' title="bbox 212 1500 1206 1853">
    <p class='ocr_par' dir='ltr' id='par_1_8' title="bbox 212 1500 1206 1853">
     <span class='ocr_line' id='line_1_17' title="bbox 212 1500 1206 1555; baseline 0.003 -11"><span class='ocrx_word' id='word_1_80' title='bbox 212 1500 415 1545; x_wconf 84' lang='lat' dir='ltr'>lentiffimi</span> <span class='ocrx_word' id='word_1_81' title='bbox 430 1503 592 1547; x_wconf 91' lang='lat' dir='ltr'>Domini</span> <span class='ocrx_word' id='word_1_82' title='bbox 622 1505 766 1555; x_wconf 77' lang='lat' dir='ltr'>Ducis,</span> <span class='ocrx_word' id='word_1_83' title='bbox 778 1507 903 1548; x_wconf 87' lang='lat' dir='ltr'>Primi</span> <span class='ocrx_word' id='word_1_84' title='bbox 932 1506 1110 1549; x_wconf 71' lang='lat' dir='ltr'>franciae</span> <span class='ocrx_word' id='word_1_85' title='bbox 1129 1507 1206 1547; x_wconf 75' lang='lat' dir='ltr'>Pa-</span> 
     </span>
     <span class='ocr_line' id='line_1_18' title="bbox 218 1559 1204 1616; baseline 0.005 -14"><span class='ocrx_word' id='word_1_86' title='bbox 218 1559 304 1612; x_wconf 88' lang='lat' dir='ltr'>ris,</span> <span class='ocrx_word' id='word_1_87' title='bbox 320 1562 440 1616; x_wconf 81' lang='lat' dir='ltr'>Regii</span> <span class='ocrx_word' id='word_1_88' title='bbox 452 1561 621 1605; x_wconf 82' lang='lat' dir='ltr'>Ordinis</span> <span class='ocrx_word' id='word_1_89' title='bbox 645 1563 685 1605; x_wconf 91' lang='lat' dir='ltr'>S.</span> <span class='ocrx_word' id='word_1_90' title='bbox 703 1564 902 1607; x_wconf 88' lang='lat' dir='ltr'>Ludovici</span> <span class='ocrx_word' id='word_1_91' title='bbox 928 1563 1204 1608; x_wconf 87' lang='lat' dir='ltr'>Commenda-</span> 
     </span>
     <span class='ocr_line' id='line_1_19' title="bbox 214 1620 1197 1677; baseline 0.006 -17"><span class='ocrx_word' id='word_1_92' title='bbox 214 1620 318 1661; x_wconf 89' lang='lat' dir='ltr'>toris</span> <span class='ocrx_word' id='word_1_93' title='bbox 340 1620 618 1677; x_wconf 61' lang='lat' dir='ltr'>Sec-„gaudere</span> <span class='ocrx_word' id='word_1_94' title='bbox 642 1647 657 1671; x_wconf 83' lang='lat'>‚</span> <span class='ocrx_word' id='word_1_95' title='bbox 689 1624 730 1664; x_wconf 77' lang='grc' dir='ltr'>δε</span> <span class='ocrx_word' id='word_1_96' title='bbox 754 1623 904 1666; x_wconf 68' lang='lat' dir='ltr'>dietum</span> <span class='ocrx_word' id='word_1_97' title='bbox 930 1628 1197 1668; x_wconf 84' lang='lat' dir='ltr'>Conventum</span> 
     </span>
     <span class='ocr_line' id='line_1_20' title="bbox 214 1678 1201 1736; baseline 0.006 -17"><span class='ocrx_word' id='word_1_98' title='bbox 214 1678 379 1722; x_wconf 84' lang='lat' dir='ltr'>Ordinis</span> <span class='ocrx_word' id='word_1_99' title='bbox 406 1681 710 1736; x_wconf 80' lang='lat' dir='ltr'>Capucinorum</span> <span class='ocrx_word' id='word_1_100' title='bbox 738 1682 931 1725; x_wconf 82' lang='lat' dir='ltr'>Civitatis</span> <span class='ocrx_word' id='word_1_101' title='bbox 947 1683 1116 1734; x_wconf 86' lang='lat' dir='ltr'>Uzetiae,</span> <span class='ocrx_word' id='word_1_102' title='bbox 1131 1682 1201 1726; x_wconf 83' lang='lat' dir='ltr'>ali.</span> 
     </span>
     <span class='ocr_line' id='line_1_21' title="bbox 213 1738 1202 1795; baseline 0.005 -16"><span class='ocrx_word' id='word_1_103' title='bbox 213 1739 373 1792; x_wconf 90' lang='lat' dir='ltr'>quoties</span> <span class='ocrx_word' id='word_1_104' title='bbox 395 1738 434 1781; x_wconf 91' lang='lat' dir='ltr'>in</span> <span class='ocrx_word' id='word_1_105' title='bbox 449 1752 555 1782; x_wconf 89' lang='lat' dir='ltr'>anno</span> <span class='ocrx_word' id='word_1_106' title='bbox 567 1754 641 1795; x_wconf 88' lang='lat' dir='ltr'>pro</span> <span class='ocrx_word' id='word_1_107' title='bbox 655 1740 720 1783; x_wconf 81' lang='lat' dir='ltr'>sua</span> <span class='ocrx_word' id='word_1_108' title='bbox 732 1739 953 1784; x_wconf 78' lang='lat' dir='ltr'>devotione</span> <span class='ocrx_word' id='word_1_109' title='bbox 966 1741 1106 1791; x_wconf 68' lang='lat' dir='ltr'>,licite</span> <span class='ocrx_word' id='word_1_110' title='bbox 1136 1742 1202 1784; x_wconf 91' lang='lat' dir='ltr'>in-</span> 
     </span>
     <span class='ocr_line' id='line_1_22' title="bbox 217 1795 885 1853; baseline 0.001 -16"><span class='ocrx_word' id='word_1_111' title='bbox 217 1795 331 1848; x_wconf 80' lang='lat' dir='ltr'>gredi</span> <span class='ocrx_word' id='word_1_112' title='bbox 356 1797 488 1839; x_wconf 79' lang='lat' dir='ltr'>valeat</span> <span class='ocrx_word' id='word_1_113' title='bbox 503 1825 515 1837; x_wconf 89' lang='lat'><strong>.</strong></span> <span class='ocrx_word' id='word_1_114' title='bbox 529 1801 663 1853; x_wconf 83' lang='lat' dir='ltr'>Quam</span> <span class='ocrx_word' id='word_1_115' title='bbox 679 1800 787 1839; x_wconf 87' lang='lat' dir='ltr'>Deus</span> <span class='ocrx_word' id='word_1_116' title='bbox 801 1799 885 1838; x_wconf 77' lang='lat' dir='ltr'>&amp;c-</span> 
     </span>
    </p>
   </div>
   <div class='ocr_carea' id='block_1_8' title="bbox 327 1901 1086 2034">
    <p class='ocr_par' dir='ltr' id='par_1_9' title="bbox 327 1901 1086 2034">
     <span class='ocr_line' id='line_1_23' title="bbox 327 1901 1086 1968; baseline 0.003 -16"><span class='ocrx_word' id='word_1_117' title='bbox 327 1901 402 1952; x_wconf 78' lang='lat' dir='ltr'>Ex</span> <span class='ocrx_word' id='word_1_118' title='bbox 424 1902 634 1952; x_wconf 82' lang='lat' dir='ltr'>audientia</span> <span class='ocrx_word' id='word_1_119' title='bbox 669 1902 920 1968; x_wconf 70' lang='lat' dir='ltr'>SanHtffimi</span> <span class='ocrx_word' id='word_1_120' title='bbox 944 1904 1012 1953; x_wconf 82' lang='lat' dir='ltr'>die</span> <span class='ocrx_word' id='word_1_121' title='bbox 1036 1920 1086 1967; x_wconf 85' lang='lat'>4.</span> 
     </span>
     <span class='ocr_line' id='line_1_24' title="bbox 546 1971 884 2034; baseline 0.003 -12"><span class='ocrx_word' id='word_1_122' title='bbox 546 1971 715 2022; x_wconf 80' lang='lat' dir='ltr'>Martii</span> <span class='ocrx_word' id='word_1_123' title='bbox 735 1991 753 2022; x_wconf 85' lang='lat'>1</span> <span class='ocrx_word' id='word_1_124' title='bbox 766 1993 884 2034; x_wconf 87' lang='lat'>729.</span> 
     </span>
    </p>
   </div>
   <div class='ocr_carea' id='block_1_9' title="bbox 218 2083 1198 2189">
    <p class='ocr_par' dir='ltr' id='par_1_10' title="bbox 218 2083 1198 2189">
     <span class='ocr_line' id='line_1_25' title="bbox 333 2083 1198 2140; baseline 0 -11"><span class='ocrx_word' id='word_1_125' title='bbox 333 2085 597 2130; x_wconf 66' lang='lat' dir='ltr'>Sanetiffimus</span> <span class='ocrx_word' id='word_1_126' title='bbox 629 2086 769 2127; x_wconf 84' lang='lat' dir='ltr'>annuit</span> <span class='ocrx_word' id='word_1_127' title='bbox 796 2083 1097 2140; x_wconf 87' lang='lat' dir='ltr'>quibuscunque</span> <span class='ocrx_word' id='word_1_128' title='bbox 1125 2086 1198 2129; x_wconf 67' lang='lat' dir='ltr'>in.»</span> 
     </span>
     <span class='ocr_line' id='line_1_26' title="bbox 218 2141 854 2189; baseline -0.003 -2"><span class='ocrx_word' id='word_1_129' title='bbox 218 2145 463 2189; x_wconf 70' lang='lat' dir='ltr'>contrarium</span> <span class='ocrx_word' id='word_1_130' title='bbox 484 2157 567 2188; x_wconf 89' lang='lat' dir='ltr'>non</span> <span class='ocrx_word' id='word_1_131' title='bbox 582 2141 830 2188; x_wconf 79' lang='lat' dir='ltr'>obstantibus</span> <span class='ocrx_word' id='word_1_132' title='bbox 843 2169 854 2181; x_wconf 84' lang='lat'><strong>·</strong></span> 
     </span>
    </p>
   </div>
   <div class='ocr_carea' id='block_1_10' title="bbox 586 2226 1127 2314">
    <p class='ocr_par' dir='ltr' id='par_1_11' title="bbox 586 2226 1127 2314">
     <span class='ocr_line' id='line_1_27' title="bbox 586 2226 1127 2314; baseline -0.002 -2"><span class='ocrx_word' id='word_1_133' title='bbox 586 2226 655 2312; x_wconf 83' lang='lat' dir='ltr'>N.</span> <span class='ocrx_word' id='word_1_134' title='bbox 671 2264 743 2312; x_wconf 91' lang='lat' dir='ltr'>M.</span> <span class='ocrx_word' id='word_1_135' title='bbox 763 2260 907 2314; x_wconf 87' lang='lat' dir='ltr'>Card.</span> <span class='ocrx_word' id='word_1_136' title='bbox 929 2263 1127 2314; x_wconf 87' lang='lat' dir='ltr'>Lercari.</span> 
     </span>
    </p>
   </div>
   <div class='ocr_carea' id='block_1_11' title="bbox 209 2380 856 2441">
    <p class='ocr_par' dir='ltr' id='par_1_12' title="bbox 209 2380 856 2441">
     <span class='ocr_line' id='line_1_28' title="bbox 209 2380 856 2441; baseline -0.015 -11"><span class='ocrx_word' id='word_1_137' title='bbox 209 2391 382 2441; x_wconf 80' lang='lat' dir='ltr'>Autogr.</span> <span class='ocrx_word' id='word_1_138' title='bbox 400 2393 443 2424; x_wconf 88' lang='lat' dir='ltr'>m</span> <span class='ocrx_word' id='word_1_139' title='bbox 465 2380 588 2426; x_wconf 77' lang='lat' dir='ltr'>Arcb.</span> <span class='ocrx_word' id='word_1_140' title='bbox 606 2382 830 2438; x_wconf 21' lang='lat' dir='ltr'>„conventas</span> <span class='ocrx_word' id='word_1_141' title='bbox 845 2408 856 2420; x_wconf 93' lang='lat'>.</span> 
     </span>
    </p>
   </div>
   <div class='ocr_carea' id='block_1_12' title="bbox 855 2521 1087 2536">
    <p class='ocr_par' dir='ltr' id='par_1_13' title="bbox 855 2521 1087 2536">
     <span class='ocr_line' id='line_1_29' title="bbox 855 2521 1087 2536; baseline 0 0"><span class='ocrx_word' id='word_1_142' title='bbox 855 2521 1087 2536; x_wconf 95' lang='lat' dir='ltr'> </span> 
     </span>
    </p>
   </div>
   <div class='ocr_carea' id='block_1_13' title="bbox 1091 2521 1202 2536">
    <p class='ocr_par' dir='ltr' id='par_1_14' title="bbox 1091 2521 1202 2536">
     <span class='ocr_line' id='line_1_30' title="bbox 1091 2521 1202 2536; baseline -0.036 0"><span class='ocrx_word' id='word_1_143' title='bbox 1091 2521 1202 2536; x_wconf 73' lang='lat'>-</span> 
     </span>
    </p>
   </div>
   <div class='ocr_carea' id='block_1_14' title="bbox 219 2521 854 2544">
    <p class='ocr_par' dir='ltr' id='par_1_15' title="bbox 219 2521 854 2544">
     <span class='ocr_line' id='line_1_31' title="bbox 219 2521 854 2544; baseline 0 1550"><span class='ocrx_word' id='word_1_144' title='bbox 219 2521 854 2544; x_wconf 95' lang='lat' dir='ltr'> </span> 
     </span>
    </p>
   </div>
   <div class='ocr_carea' id='block_1_15' title="bbox 361 2616 1064 2662">
    <p class='ocr_par' dir='ltr' id='par_1_16' title="bbox 361 2616 1064 2662">
     <span class='ocr_line' id='line_1_32' title="bbox 361 2616 1064 2662; baseline -0.014 0"><span class='ocrx_word' id='word_1_145' title='bbox 361 2618 631 2662; x_wconf 82' lang='lat' dir='ltr'>LITTERIS</span> <span class='ocrx_word' id='word_1_146' title='bbox 664 2616 939 2662; x_wconf 79' lang='lat' dir='ltr'>APOSTOLI</span> <span class='ocrx_word' id='word_1_147' title='bbox 948 2618 1038 2659; x_wconf 84' lang='lat' dir='ltr'>Cls</span> <span class='ocrx_word' id='word_1_148' title='bbox 1052 2641 1064 2652; x_wconf 92' lang='lat'><strong>.</strong></span> 
     </span>
    </p>
   </div>
   <div class='ocr_carea' id='block_1_16' title="bbox 216 2741 1204 2886">
    <p class='ocr_par' dir='ltr' id='par_1_17' title="bbox 216 2741 1204 2886">
     <span class='ocr_line' id='line_1_33' title="bbox 216 2741 1204 2802; baseline -0.013 0"><span class='ocrx_word' id='word_1_149' title='bbox 216 2742 394 2802; x_wconf 70' lang='lat' dir='ltr'>Fratres</span> <span class='ocrx_word' id='word_1_150' title='bbox 413 2746 631 2798; x_wconf 88' lang='lat' dir='ltr'>Civitatis</span> <span class='ocrx_word' id='word_1_151' title='bbox 652 2744 995 2801; x_wconf 82' lang='lat' dir='ltr'>Avenionenfis,</span> <span class='ocrx_word' id='word_1_152' title='bbox 1007 2741 1204 2792; x_wconf 71' lang='lat' dir='ltr'>exatffio-</span> 
     </span>
     <span class='ocr_line' id='line_1_34' title="bbox 284 2814 1131 2886; baseline -0.008 -18"><span class='ocrx_word' id='word_1_153' title='bbox 284 2837 339 2868; x_wconf 89' lang='lat' dir='ltr'>ne</span> <span class='ocrx_word' id='word_1_154' title='bbox 357 2817 565 2886; x_wconf 81' lang='lat' dir='ltr'>gabellae,</span> <span class='ocrx_word' id='word_1_155' title='bbox 580 2814 810 2863; x_wconf 84' lang='lat' dir='ltr'>molestari</span> <span class='ocrx_word' id='word_1_156' title='bbox 838 2814 1101 2880; x_wconf 87' lang='lat' dir='ltr'>prohibetur</span> <span class='ocrx_word' id='word_1_157' title='bbox 1118 2848 1131 2862; x_wconf 90' lang='lat'><strong>.</strong></span> 
     </span>
    </p>
   </div>
   <div class='ocr_carea' id='block_1_17' title="bbox 221 2951 1201 3127">
    <p class='ocr_par' dir='ltr' id='par_1_18' title="bbox 221 2951 1201 3127">
     <span class='ocr_line' id='line_1_35' title="bbox 221 2951 1201 3012; baseline -0.011 -9"><span class='ocrx_word' id='word_1_158' title='bbox 221 2954 444 3012; x_wconf 73' lang='lat' dir='ltr'>Perillustrt&#39;</span> <span class='ocrx_word' id='word_1_159' title='bbox 458 2981 476 3002; x_wconf 63' lang='lat'><em>5</em></span> <span class='ocrx_word' id='word_1_160' title='bbox 498 2965 542 2994; x_wconf 86' lang='lat' dir='ltr'>ac</span> <span class='ocrx_word' id='word_1_161' title='bbox 558 2953 777 2997; x_wconf 79' lang='lat' dir='ltr'>Reverendo</span> <span class='ocrx_word' id='word_1_162' title='bbox 803 2954 997 3006; x_wconf 77' lang='lat' dir='ltr'>Domino,</span> <span class='ocrx_word' id='word_1_163' title='bbox 1021 2954 1082 2996; x_wconf 77' lang='lat' dir='ltr'>uti</span> <span class='ocrx_word' id='word_1_164' title='bbox 1101 2951 1201 2994; x_wconf 83' lang='lat' dir='ltr'>Fra-</span> 
     </span>
     <span class='ocr_line' id='line_1_36' title="bbox 377 3011 1044 3068; baseline -0.006 -11"><span class='ocrx_word' id='word_1_165' title='bbox 377 3017 453 3066; x_wconf 79' lang='lat' dir='ltr'>tri,</span> <span class='ocrx_word' id='word_1_166' title='bbox 476 3011 642 3056; x_wconf 80' lang='lat' dir='ltr'>Domino</span> <span class='ocrx_word' id='word_1_167' title='bbox 657 3012 782 3062; x_wconf 84' lang='lat' dir='ltr'>Delci,</span> <span class='ocrx_word' id='word_1_168' title='bbox 804 3014 1044 3068; x_wconf 71' lang='lat' dir='ltr'>Vin-Legata</span> 
     </span>
     <span class='ocr_line' id='line_1_37' title="bbox 571 3070 853 3127; baseline -0.011 -11"><span class='ocrx_word' id='word_1_169' title='bbox 571 3070 831 3127; x_wconf 80' lang='lat' dir='ltr'>Avenioncnfi</span> <span class='ocrx_word' id='word_1_170' title='bbox 840 3102 853 3113; x_wconf 89' lang='lat'>.</span> 
     </span>
    </p>
   </div>
   <div class='ocr_carea' id='block_1_18' title="bbox 295 3190 1122 3310">
    <p class='ocr_par' dir='ltr' id='par_1_19' title="bbox 295 3190 1122 3310">
     <span class='ocr_line' id='line_1_38' title="bbox 295 3190 1122 3243; baseline -0.006 -8"><span class='ocrx_word' id='word_1_171' title='bbox 295 3190 545 3236; x_wconf 62' lang='lat' dir='ltr'>Perilluffris</span> <span class='ocrx_word' id='word_1_172' title='bbox 566 3218 580 3243; x_wconf 91' lang='lat'><strong>,</strong></span> <span class='ocrx_word' id='word_1_173' title='bbox 604 3202 651 3232; x_wconf 80' lang='lat' dir='ltr'>ac</span> <span class='ocrx_word' id='word_1_174' title='bbox 681 3191 899 3233; x_wconf 71' lang='lat' dir='ltr'>Reverendo</span> <span class='ocrx_word' id='word_1_175' title='bbox 928 3190 1122 3237; x_wconf 68' lang='lat' dir='ltr'>DomIne,</span> 
     </span>
     <span class='ocr_line' id='line_1_39' title="bbox 580 3250 842 3310; baseline -0.019 -17"><span class='ocrx_word' id='word_1_176' title='bbox 580 3253 644 3293; x_wconf 81' lang='lat' dir='ltr'>uti</span> <span class='ocrx_word' id='word_1_177' title='bbox 670 3250 842 3310; x_wconf 62' lang='lat' dir='ltr'>Frater.</span> 
     </span>
    </p>
   </div>
   <div class='ocr_carea' id='block_1_19' title="bbox 220 3378 1201 3847">
    <p class='ocr_par' dir='ltr' id='par_1_20' title="bbox 220 3378 1201 3847">
     <span class='ocr_line' id='line_1_40' title="bbox 267 3378 1199 3434; baseline -0.005 -13"><span class='ocrx_word' id='word_1_178' title='bbox 267 3400 271 3404; x_wconf 85' lang='lat'><strong>·</strong></span> <span class='ocrx_word' id='word_1_179' title='bbox 326 3378 497 3434; x_wconf 85' lang='lat' dir='ltr'>Xpofito</span> <span class='ocrx_word' id='word_1_180' title='bbox 511 3378 609 3420; x_wconf 90' lang='lat' dir='ltr'>mihi</span> <span class='ocrx_word' id='word_1_181' title='bbox 622 3380 646 3423; x_wconf 71' lang='grc' dir='ltr'>ὲ</span> <span class='ocrx_word' id='word_1_182' title='bbox 661 3381 782 3422; x_wconf 83' lang='lat' dir='ltr'>Patre</span> <span class='ocrx_word' id='word_1_183' title='bbox 799 3379 1039 3422; x_wconf 86' lang='lat' dir='ltr'>Cherubino</span> <span class='ocrx_word' id='word_1_184' title='bbox 1058 3378 1082 3421; x_wconf 69' lang='grc' dir='ltr'>ὲ</span> <span class='ocrx_word' id='word_1_185' title='bbox 1111 3379 1199 3419; x_wconf 88' lang='grc' dir='ltr'>Νο-</span> 
     </span>
     <span class='ocr_line' id='line_1_41' title="bbox 345 3435 1199 3491; baseline -0.004 -12"><span class='ocrx_word' id='word_1_186' title='bbox 345 3450 432 3489; x_wconf 85' lang='lat' dir='ltr'>ves,</span> <span class='ocrx_word' id='word_1_187' title='bbox 446 3436 673 3491; x_wconf 87' lang='lat' dir='ltr'>Religiosos</span> <span class='ocrx_word' id='word_1_188' title='bbox 690 3441 850 3481; x_wconf 86' lang='lat' dir='ltr'>Fratres</span> <span class='ocrx_word' id='word_1_189' title='bbox 876 3436 964 3481; x_wconf 87' lang='lat' dir='ltr'>suos</span> <span class='ocrx_word' id='word_1_190' title='bbox 993 3438 1032 3479; x_wconf 89' lang='lat' dir='ltr'>in</span> <span class='ocrx_word' id='word_1_191' title='bbox 1047 3436 1113 3478; x_wconf 75' lang='lat' dir='ltr'>ista</span> <span class='ocrx_word' id='word_1_192' title='bbox 1128 3435 1199 3477; x_wconf 87' lang='lat' dir='ltr'>ci·</span> 
     </span>
     <span class='ocr_line' id='line_1_42' title="bbox 221 3494 1200 3553; baseline -0.001 -18"><span class='ocrx_word' id='word_1_193' title='bbox 221 3499 350 3538; x_wconf 83' lang='lat' dir='ltr'>vitate</span> <span class='ocrx_word' id='word_1_194' title='bbox 375 3494 659 3545; x_wconf 82' lang='lat' dir='ltr'>Avenionensi,</span> <span class='ocrx_word' id='word_1_195' title='bbox 674 3498 880 3553; x_wconf 83' lang='lat' dir='ltr'>postquam</span> <span class='ocrx_word' id='word_1_196' title='bbox 905 3497 958 3540; x_wconf 88' lang='lat' dir='ltr'>de</span> <span class='ocrx_word' id='word_1_197' title='bbox 991 3494 1200 3551; x_wconf 84' lang='lat' dir='ltr'>praeterito</span> 
     </span>
     <span class='ocr_line' id='line_1_43' title="bbox 220 3551 1198 3610; baseline 0 -17"><span class='ocrx_word' id='word_1_198' title='bbox 220 3551 379 3610; x_wconf 86' lang='lat' dir='ltr'>semper</span> <span class='ocrx_word' id='word_1_199' title='bbox 407 3553 661 3609; x_wconf 84' lang='lat' dir='ltr'>exemptione</span> <span class='ocrx_word' id='word_1_200' title='bbox 685 3556 848 3609; x_wconf 81' lang='lat' dir='ltr'>gabellae</span> <span class='ocrx_word' id='word_1_201' title='bbox 870 3570 1005 3599; x_wconf 87' lang='lat' dir='ltr'>rerum</span> <span class='ocrx_word' id='word_1_202' title='bbox 1020 3555 1198 3596; x_wconf 89' lang='lat' dir='ltr'>omnium</span> 
     </span>
     <span class='ocr_line' id='line_1_44' title="bbox 222 3610 1199 3668; baseline 0 -15"><span class='ocrx_word' id='word_1_203' title='bbox 222 3625 300 3668; x_wconf 90' lang='lat' dir='ltr'>pro</span> <span class='ocrx_word' id='word_1_204' title='bbox 326 3611 396 3654; x_wconf 93' lang='lat' dir='ltr'>suo</span> <span class='ocrx_word' id='word_1_205' title='bbox 421 3610 491 3653; x_wconf 87' lang='lat' dir='ltr'>usu</span> <span class='ocrx_word' id='word_1_206' title='bbox 516 3611 567 3653; x_wconf 74' lang='lat' dir='ltr'>ad</span> <span class='ocrx_word' id='word_1_207' title='bbox 596 3611 740 3654; x_wconf 71' lang='lat' dir='ltr'>dietam</span> <span class='ocrx_word' id='word_1_208' title='bbox 766 3614 989 3657; x_wconf 82' lang='lat' dir='ltr'>Civitatem</span> <span class='ocrx_word' id='word_1_209' title='bbox 1017 3612 1199 3656; x_wconf 60' lang='lat' dir='ltr'>advecta-</span> 
     </span>
     <span class='ocr_line' id='line_1_45' title="bbox 221 3668 1197 3727; baseline -0.003 -14"><span class='ocrx_word' id='word_1_210' title='bbox 221 3685 309 3713; x_wconf 89' lang='lat' dir='ltr'>rum</span> <span class='ocrx_word' id='word_1_211' title='bbox 342 3668 463 3726; x_wconf 73' lang='lat' dir='ltr'>gavisi</span> <span class='ocrx_word' id='word_1_212' title='bbox 491 3669 603 3719; x_wconf 80' lang='lat' dir='ltr'>sunt,</span> <span class='ocrx_word' id='word_1_213' title='bbox 626 3672 649 3714; x_wconf 74' lang='grc' dir='ltr'>ὲ</span> <span class='ocrx_word' id='word_1_214' title='bbox 676 3672 809 3726; x_wconf 83' lang='lat' dir='ltr'>paucis</span> <span class='ocrx_word' id='word_1_215' title='bbox 832 3675 941 3715; x_wconf 81' lang='lat' dir='ltr'>annis</span> <span class='ocrx_word' id='word_1_216' title='bbox 969 3670 1197 3727; x_wconf 84' lang='lat' dir='ltr'>hujusmodi</span> 
     </span>
     <span class='ocr_line' id='line_1_46' title="bbox 220 3725 1201 3785; baseline -0.001 -13"><span class='ocrx_word' id='word_1_217' title='bbox 220 3728 479 3785; x_wconf 44' lang='lat' dir='ltr'>privilegio&amp;</span> <span class='ocrx_word' id='word_1_218' title='bbox 495 3725 629 3771; x_wconf 84' lang='lat' dir='ltr'>multis</span> <span class='ocrx_word' id='word_1_219' title='bbox 644 3729 813 3775; x_wconf 86' lang='lat' dir='ltr'>Summis</span> <span class='ocrx_word' id='word_1_220' title='bbox 827 3730 1088 3775; x_wconf 86' lang='lat' dir='ltr'>Pontificibus</span> <span class='ocrx_word' id='word_1_221' title='bbox 1106 3743 1201 3771; x_wconf 89' lang='lat' dir='ltr'>con-</span> 
     </span>
     <span class='ocr_line' id='line_1_47' title="bbox 221 3787 1200 3847; baseline 0.001 -17"><span class='ocrx_word' id='word_1_222' title='bbox 221 3787 326 3834; x_wconf 83' lang='lat' dir='ltr'>ceffo</span> <span class='ocrx_word' id='word_1_223' title='bbox 341 3790 381 3831; x_wconf 75' lang='grc' dir='ltr'>δι</span> <span class='ocrx_word' id='word_1_224' title='bbox 394 3788 650 3841; x_wconf 79' lang='lat' dir='ltr'>confirmato,</span> <span class='ocrx_word' id='word_1_225' title='bbox 664 3787 774 3832; x_wconf 73' lang='lat' dir='ltr'>fuisse</span> <span class='ocrx_word' id='word_1_226' title='bbox 787 3791 969 3847; x_wconf 80' lang='lat' dir='ltr'>privatos</span> <span class='ocrx_word' id='word_1_227' title='bbox 983 3819 997 3843; x_wconf 82' lang='lat'>‚</span> <span class='ocrx_word' id='word_1_228' title='bbox 1019 3787 1087 3833; x_wconf 86' lang='lat' dir='ltr'>sub</span> <span class='ocrx_word' id='word_1_229' title='bbox 1102 3803 1200 3845; x_wconf 87' lang='lat' dir='ltr'>prae-</span> 
     </span>
    </p>
   </div>
   <div class='ocr_carea' id='block_1_20' title="bbox 2017 209 2166 292">
    <p class='ocr_par' dir='ltr' id='par_1_21' title="bbox 2017 209 2166 292">
     <span class='ocr_line' id='line_1_48' title="bbox 2017 209 2166 292; baseline 0.034 -5"><span class='ocrx_word' id='word_1_230' title='bbox 2017 209 2166 292; x_wconf 85' lang='lat'>181</span> 
     </span>
    </p>
   </div>
   <div class='ocr_carea' id='block_1_21' title="bbox 1258 334 2243 1156">
    <p class='ocr_par' dir='ltr' id='par_1_22' title="bbox 1258 334 2243 1156">
     <span class='ocr_line' id='line_1_49' title="bbox 1258 334 2239 401; baseline 0.001 -21"><span class='ocrx_word' id='word_1_231' title='bbox 1258 347 1375 380; x_wconf 82' lang='lat' dir='ltr'>textu</span> <span class='ocrx_word' id='word_1_232' title='bbox 1389 367 1404 388; x_wconf 92' lang='lat'>,</span> <span class='ocrx_word' id='word_1_233' title='bbox 1417 338 1525 392; x_wconf 92' lang='lat' dir='ltr'>quod</span> <span class='ocrx_word' id='word_1_234' title='bbox 1549 337 1617 380; x_wconf 82' lang='lat' dir='ltr'>ista</span> <span class='ocrx_word' id='word_1_235' title='bbox 1630 334 1988 392; x_wconf 65' lang='lat' dir='ltr'>Civit232tempore</span> <span class='ocrx_word' id='word_1_236' title='bbox 2014 346 2239 401; x_wconf 82' lang='lat' dir='ltr'>pestis‚plu..</span> 
     </span>
     <span class='ocr_line' id='line_1_50' title="bbox 1260 393 2238 456; baseline 0.006 -19"><span class='ocrx_word' id='word_1_237' title='bbox 1260 398 1360 438; x_wconf 84' lang='lat' dir='ltr'>rima</span> <span class='ocrx_word' id='word_1_238' title='bbox 1375 396 1521 438; x_wconf 75' lang='lat' dir='ltr'>damna</span> <span class='ocrx_word' id='word_1_239' title='bbox 1541 393 1644 451; x_wconf 68' lang='lat' dir='ltr'>pulsa</span> <span class='ocrx_word' id='word_1_240' title='bbox 1659 395 1703 438; x_wconf 85' lang='lat' dir='ltr'>fit</span> <span class='ocrx_word' id='word_1_241' title='bbox 1716 422 1730 444; x_wconf 72' lang='lat'><strong>³</strong></span> <span class='ocrx_word' id='word_1_242' title='bbox 1742 398 1780 439; x_wconf 86' lang='lat'>&amp;</span> <span class='ocrx_word' id='word_1_243' title='bbox 1793 396 2045 440; x_wconf 75' lang='lat' dir='ltr'>considerato</span> <span class='ocrx_word' id='word_1_244' title='bbox 2070 404 2092 441; x_wconf 72' lang='lat' dir='ltr'>i</span> <span class='ocrx_word' id='word_1_245' title='bbox 2116 417 2238 456; x_wconf 51' lang='lat' dir='ltr'>mQ,</span> 
     </span>
     <span class='ocr_line' id='line_1_51' title="bbox 1262 453 2238 513; baseline 0.008 -19"><span class='ocrx_word' id='word_1_246' title='bbox 1262 454 1454 507; x_wconf 74' lang='lat' dir='ltr'>quantum</span> <span class='ocrx_word' id='word_1_247' title='bbox 1487 457 1570 497; x_wconf 83' lang='lat' dir='ltr'>Suae</span> <span class='ocrx_word' id='word_1_248' title='bbox 1599 455 1825 507; x_wconf 68' lang='lat' dir='ltr'>sanctitati,</span> <span class='ocrx_word' id='word_1_249' title='bbox 1839 453 2062 513; x_wconf 84' lang='lat' dir='ltr'>hujusmodi</span> <span class='ocrx_word' id='word_1_250' title='bbox 2087 460 2238 502; x_wconf 86' lang='lat' dir='ltr'>violen-</span> 
     </span>
     <span class='ocr_line' id='line_1_52' title="bbox 1263 511 2239 571; baseline 0.005 -18"><span class='ocrx_word' id='word_1_251' title='bbox 1263 520 1321 553; x_wconf 76' lang='lat' dir='ltr'>tia</span> <span class='ocrx_word' id='word_1_252' title='bbox 1345 514 1383 554; x_wconf 91' lang='lat' dir='ltr'>in</span> <span class='ocrx_word' id='word_1_253' title='bbox 1400 511 1493 554; x_wconf 79' lang='lat' dir='ltr'>casu</span> <span class='ocrx_word' id='word_1_254' title='bbox 1511 512 1644 555; x_wconf 75' lang='lat' dir='ltr'>similis</span> <span class='ocrx_word' id='word_1_255' title='bbox 1662 514 1712 557; x_wconf 81' lang='lat' dir='ltr'>ad</span> <span class='ocrx_word' id='word_1_256' title='bbox 1731 517 1829 557; x_wconf 84' lang='lat' dir='ltr'>Eam</span> <span class='ocrx_word' id='word_1_257' title='bbox 1844 513 2030 558; x_wconf 69' lang='lat' dir='ltr'>recursus</span> <span class='ocrx_word' id='word_1_258' title='bbox 2050 514 2239 571; x_wconf 83' lang='lat' dir='ltr'>displice-</span> 
     </span>
     <span class='ocr_line' id='line_1_53' title="bbox 1262 571 2240 621; baseline 0.003 -10"><span class='ocrx_word' id='word_1_259' title='bbox 1262 580 1352 621; x_wconf 83' lang='lat' dir='ltr'>ret,</span> <span class='ocrx_word' id='word_1_260' title='bbox 1381 573 1661 614; x_wconf 81' lang='lat' dir='ltr'>Dominationi</span> <span class='ocrx_word' id='word_1_261' title='bbox 1677 577 1763 616; x_wconf 83' lang='lat' dir='ltr'>Suae</span> <span class='ocrx_word' id='word_1_262' title='bbox 1795 571 1969 616; x_wconf 89' lang='lat' dir='ltr'>scribere</span> <span class='ocrx_word' id='word_1_263' title='bbox 1997 575 2037 616; x_wconf 76' lang='grc' dir='ltr'>δι</span> <span class='ocrx_word' id='word_1_264' title='bbox 2051 574 2240 617; x_wconf 87' lang='lat' dir='ltr'>commit-</span> 
     </span>
     <span class='ocr_line' id='line_1_54' title="bbox 1262 630 2235 687; baseline 0.002 -16"><span class='ocrx_word' id='word_1_265' title='bbox 1262 638 1351 672; x_wconf 87' lang='lat' dir='ltr'>tere</span> <span class='ocrx_word' id='word_1_266' title='bbox 1374 630 1483 672; x_wconf 86' lang='lat' dir='ltr'>volui</span> <span class='ocrx_word' id='word_1_267' title='bbox 1497 659 1512 681; x_wconf 86' lang='lat'>‚</span> <span class='ocrx_word' id='word_1_268' title='bbox 1528 641 1646 686; x_wconf 89' lang='lat' dir='ltr'>prout</span> <span class='ocrx_word' id='word_1_269' title='bbox 1661 633 1702 673; x_wconf 75' lang='grc' dir='ltr'>δε</span> <span class='ocrx_word' id='word_1_270' title='bbox 1717 633 1820 675; x_wconf 84' lang='lat' dir='ltr'>hisce</span> <span class='ocrx_word' id='word_1_271' title='bbox 1840 630 2095 687; x_wconf 84' lang='lat' dir='ltr'>praesentibus</span> <span class='ocrx_word' id='word_1_272' title='bbox 2113 632 2235 681; x_wconf 85' lang='lat' dir='ltr'>facio,</span> 
     </span>
     <span class='ocr_line' id='line_1_55' title="bbox 1259 689 2242 746; baseline 0.002 -16"><span class='ocrx_word' id='word_1_273' title='bbox 1259 696 1307 730; x_wconf 91' lang='lat' dir='ltr'>ut</span> <span class='ocrx_word' id='word_1_274' title='bbox 1323 689 1483 730; x_wconf 91' lang='lat' dir='ltr'>nomine</span> <span class='ocrx_word' id='word_1_275' title='bbox 1504 701 1598 729; x_wconf 90' lang='lat' dir='ltr'>meo</span> <span class='ocrx_word' id='word_1_276' title='bbox 1613 690 1797 742; x_wconf 60' lang='lat' dir='ltr'>Consum</span> <span class='ocrx_word' id='word_1_277' title='bbox 1810 694 1846 733; x_wconf 73' lang='grc' dir='ltr'>δι</span> <span class='ocrx_word' id='word_1_278' title='bbox 1866 692 2113 746; x_wconf 79' lang='lat' dir='ltr'>Magistratui</span> <span class='ocrx_word' id='word_1_279' title='bbox 2129 705 2242 733; x_wconf 75' lang='lat' dir='ltr'>man-</span> 
     </span>
     <span class='ocr_line' id='line_1_56' title="bbox 1260 746 2238 806; baseline 0.004 -18"><span class='ocrx_word' id='word_1_280' title='bbox 1260 746 1356 796; x_wconf 86' lang='lat' dir='ltr'>det,</span> <span class='ocrx_word' id='word_1_281' title='bbox 1382 755 1580 801; x_wconf 87' lang='lat' dir='ltr'>quatenus</span> <span class='ocrx_word' id='word_1_282' title='bbox 1607 747 1865 799; x_wconf 70' lang='lat' dir='ltr'>immediate,</span> <span class='ocrx_word' id='word_1_283' title='bbox 1891 751 1941 791; x_wconf 83' lang='lat' dir='ltr'>ab</span> <span class='ocrx_word' id='word_1_284' title='bbox 1969 752 2041 793; x_wconf 84' lang='lat' dir='ltr'>hac</span> <span class='ocrx_word' id='word_1_285' title='bbox 2071 749 2238 806; x_wconf 55' lang='lat' dir='ltr'>injusta,</span> 
     </span>
     <span class='ocr_line' id='line_1_57' title="bbox 1259 803 2242 861; baseline 0.003 -15"><span class='ocrx_word' id='word_1_286' title='bbox 1259 804 1464 847; x_wconf 69' lang='lat' dir='ltr'>exactione</span> <span class='ocrx_word' id='word_1_287' title='bbox 1487 803 1826 859; x_wconf 75' lang='lat' dir='ltr'>gabellae‚contra</span> <span class='ocrx_word' id='word_1_288' title='bbox 1856 806 1984 851; x_wconf 64' lang='lat' dir='ltr'>dictos</span> <span class='ocrx_word' id='word_1_289' title='bbox 2008 812 2242 861; x_wconf 76' lang='lat' dir='ltr'>PP-Capu-</span> 
     </span>
     <span class='ocr_line' id='line_1_58' title="bbox 1259 861 2240 918; baseline 0.005 -14"><span class='ocrx_word' id='word_1_290' title='bbox 1259 862 1379 906; x_wconf 85' lang='lat' dir='ltr'>cinos</span> <span class='ocrx_word' id='word_1_291' title='bbox 1391 861 1569 906; x_wconf 83' lang='lat' dir='ltr'>defistant</span> <span class='ocrx_word' id='word_1_292' title='bbox 1585 890 1600 912; x_wconf 90' lang='lat'><strong>,</strong></span> <span class='ocrx_word' id='word_1_293' title='bbox 1616 871 1686 905; x_wconf 85' lang='lat' dir='ltr'>aut</span> <span class='ocrx_word' id='word_1_294' title='bbox 1701 891 1714 914; x_wconf 91' lang='lat'>,</span> <span class='ocrx_word' id='word_1_295' title='bbox 1742 875 1932 918; x_wconf 88' lang='lat' dir='ltr'>quatenus</span> <span class='ocrx_word' id='word_1_296' title='bbox 1947 868 2098 911; x_wconf 87' lang='lat' dir='ltr'>habent</span> <span class='ocrx_word' id='word_1_297' title='bbox 2111 866 2240 910; x_wconf 75' lang='lat' dir='ltr'>ratio-</span> 
     </span>
     <span class='ocr_line' id='line_1_59' title="bbox 1261 921 2243 982; baseline 0.009 -21"><span class='ocrx_word' id='word_1_298' title='bbox 1261 935 1332 962; x_wconf 83' lang='lat' dir='ltr'>nes</span> <span class='ocrx_word' id='word_1_299' title='bbox 1356 923 1393 962; x_wconf 95' lang='lat' dir='ltr'>in</span> <span class='ocrx_word' id='word_1_300' title='bbox 1411 921 1652 963; x_wconf 83' lang='lat' dir='ltr'>contrarium</span> <span class='ocrx_word' id='word_1_301' title='bbox 1668 946 1682 967; x_wconf 67' lang='lat' dir='ltr'>a</span> <span class='ocrx_word' id='word_1_302' title='bbox 1696 935 1761 962; x_wconf 79' lang='lat' dir='ltr'>eas</span> <span class='ocrx_word' id='word_1_303' title='bbox 1785 923 1879 963; x_wconf 85' lang='lat' dir='ltr'>mihi</span> <span class='ocrx_word' id='word_1_304' title='bbox 1894 936 2094 980; x_wconf 81' lang='lat' dir='ltr'>exponant</span> <span class='ocrx_word' id='word_1_305' title='bbox 2111 954 2125 977; x_wconf 88' lang='lat'><strong>‚</strong></span> <span class='ocrx_word' id='word_1_306' title='bbox 2145 938 2243 982; x_wconf 69' lang='lat' dir='ltr'>qua-</span> 
     </span>
     <span class='ocr_line' id='line_1_60' title="bbox 1262 979 2240 1038; baseline 0.006 -18"><span class='ocrx_word' id='word_1_307' title='bbox 1262 988 1378 1025; x_wconf 78' lang='lat' dir='ltr'>tenus</span> <span class='ocrx_word' id='word_1_308' title='bbox 1392 993 1455 1022; x_wconf 88' lang='lat' dir='ltr'>eas</span> <span class='ocrx_word' id='word_1_309' title='bbox 1470 979 1910 1033; x_wconf 76' lang='lat' dir='ltr'>examinare‚justitiam</span> <span class='ocrx_word' id='word_1_310' title='bbox 1929 1012 1941 1033; x_wconf 86' lang='lat'><strong>‚</strong></span> <span class='ocrx_word' id='word_1_311' title='bbox 1957 998 2038 1038; x_wconf 80' lang='lat' dir='ltr'>quae</span> <span class='ocrx_word' id='word_1_312' title='bbox 2053 985 2240 1033; x_wconf 77' lang='lat' dir='ltr'>debetur,</span> 
     </span>
     <span class='ocr_line' id='line_1_61' title="bbox 1262 1035 2125 1094; baseline 0.007 -14"><span class='ocrx_word' id='word_1_313' title='bbox 1262 1038 1367 1094; x_wconf 81' lang='lat' dir='ltr'>parti</span> <span class='ocrx_word' id='word_1_314' title='bbox 1382 1035 1516 1079; x_wconf 81' lang='lat' dir='ltr'>facere</span> <span class='ocrx_word' id='word_1_315' title='bbox 1531 1037 1680 1091; x_wconf 82' lang='lat' dir='ltr'>poffim.</span> <span class='ocrx_word' id='word_1_316' title='bbox 1699 1039 1848 1081; x_wconf 84' lang='lat' dir='ltr'>Precor</span> <span class='ocrx_word' id='word_1_317' title='bbox 1863 1040 1884 1079; x_wconf 68' lang='grc' dir='ltr'>ἑ</span> <span class='ocrx_word' id='word_1_318' title='bbox 1908 1041 2033 1085; x_wconf 83' lang='lat' dir='ltr'>Coelo</span> <span class='ocrx_word' id='word_1_319' title='bbox 2046 1043 2125 1086; x_wconf 72' lang='lat' dir='ltr'>&amp;c-</span> 
     </span>
     <span class='ocr_line' id='line_1_62' title="bbox 1380 1098 1969 1156; baseline 0.002 -17"><span class='ocrx_word' id='word_1_320' title='bbox 1380 1098 1520 1139; x_wconf 82' lang='lat' dir='ltr'>Romae</span> <span class='ocrx_word' id='word_1_321' title='bbox 1541 1108 1603 1139; x_wconf 88' lang='lat'>10.</span> <span class='ocrx_word' id='word_1_322' title='bbox 1621 1098 1827 1152; x_wconf 81' lang='lat' dir='ltr'>Septemb.</span> <span class='ocrx_word' id='word_1_323' title='bbox 1847 1110 1969 1156; x_wconf 82' lang='lat'>1729.</span> 
     </span>
    </p>
   </div>
   <div class='ocr_carea' id='block_1_22' title="bbox 1325 1212 2071 1373">
    <p class='ocr_par' dir='ltr' id='par_1_23' title="bbox 1325 1212 2071 1373">
     <span class='ocr_line' id='line_1_63' title="bbox 1325 1212 1783 1258; baseline 0.007 -5"><span class='ocrx_word' id='word_1_324' title='bbox 1325 1212 1618 1258; x_wconf 80' lang='lat' dir='ltr'>Dominationis</span> <span class='ocrx_word' id='word_1_325' title='bbox 1637 1212 1783 1256; x_wconf 78' lang='lat' dir='ltr'>Vestrae</span> 
     </span>
     <span class='ocr_line' id='line_1_64' title="bbox 1843 1330 2071 1373; baseline 0.013 -3"><span class='ocrx_word' id='word_1_326' title='bbox 1843 1330 1912 1371; x_wconf 74' lang='lat' dir='ltr'>Uti</span> <span class='ocrx_word' id='word_1_327' title='bbox 1927 1330 2071 1373; x_wconf 72' lang='lat' dir='ltr'>frater</span> 
     </span>
    </p>
   </div>
   <div class='ocr_carea' id='block_1_23' title="bbox 1581 1444 2171 1498">
    <p class='ocr_par' dir='ltr' id='par_1_24' title="bbox 1581 1444 2171 1498">
     <span class='ocr_line' id='line_1_65' title="bbox 1581 1444 2171 1498; baseline -0.002 -1"><span class='ocrx_word' id='word_1_328' title='bbox 1581 1451 1628 1498; x_wconf 93' lang='lat' dir='ltr'>N</span> <span class='ocrx_word' id='word_1_329' title='bbox 1635 1448 1805 1498; x_wconf 84' lang='lat' dir='ltr'>icolaus</span> <span class='ocrx_word' id='word_1_330' title='bbox 1820 1445 1965 1498; x_wconf 79' lang='lat' dir='ltr'>Card.</span> <span class='ocrx_word' id='word_1_331' title='bbox 1979 1444 2144 1498; x_wconf 82' lang='lat' dir='ltr'>Coscia</span> <span class='ocrx_word' id='word_1_332' title='bbox 2157 1481 2171 1496; x_wconf 93' lang='lat'><strong>.</strong></span> 
     </span>
    </p>
   </div>
   <div class='ocr_carea' id='block_1_24' title="bbox 1323 1566 1995 1627">
    <p class='ocr_par' dir='ltr' id='par_1_25' title="bbox 1323 1566 1995 1627">
     <span class='ocr_line' id='line_1_66' title="bbox 1323 1566 1995 1627; baseline -0.007 -14"><span class='ocrx_word' id='word_1_333' title='bbox 1323 1571 1495 1627; x_wconf 76' lang='lat' dir='ltr'>Autogr.</span> <span class='ocrx_word' id='word_1_334' title='bbox 1508 1570 1552 1612; x_wconf 74' lang='lat' dir='ltr'>in</span> <span class='ocrx_word' id='word_1_335' title='bbox 1566 1566 1740 1610; x_wconf 83' lang='lat' dir='ltr'>Archivo</span> <span class='ocrx_word' id='word_1_336' title='bbox 1758 1568 1969 1611; x_wconf 66' lang='lat' dir='ltr'>Provincia·</span> <span class='ocrx_word' id='word_1_337' title='bbox 1982 1593 1995 1608; x_wconf 90' lang='lat'><strong>.</strong></span> 
     </span>
    </p>
   </div>
   <div class='ocr_carea' id='block_1_25' title="bbox 1260 1710 1491 1725">
    <p class='ocr_par' dir='ltr' id='par_1_26' title="bbox 1260 1710 1491 1725">
     <span class='ocr_line' id='line_1_67' title="bbox 1260 1710 1491 1725; baseline 0 2369"><span class='ocrx_word' id='word_1_338' title='bbox 1260 1710 1491 1725; x_wconf 95' lang='lat' dir='ltr'> </span> 
     </span>
    </p>
   </div>
   <div class='ocr_carea' id='block_1_26' title="bbox 1610 1710 1838 1725">
    <p class='ocr_par' dir='ltr' id='par_1_27' title="bbox 1610 1710 1838 1725">
     <span class='ocr_line' id='line_1_68' title="bbox 1610 1710 1838 1725; baseline 0 0"><span class='ocrx_word' id='word_1_339' title='bbox 1610 1710 1838 1725; x_wconf 95' lang='lat' dir='ltr'> </span> 
     </span>
    </p>
   </div>
   <div class='ocr_carea' id='block_1_27' title="bbox 1262 1802 2248 2006">
    <p class='ocr_par' dir='ltr' id='par_1_28' title="bbox 1262 1802 2248 2006">
     <span class='ocr_line' id='line_1_69' title="bbox 1262 1802 2248 1856; baseline -0.004 -2"><span class='ocrx_word' id='word_1_340' title='bbox 1262 1805 1461 1854; x_wconf 82' lang='lat' dir='ltr'>Palliurn</span> <span class='ocrx_word' id='word_1_341' title='bbox 1478 1805 1502 1851; x_wconf 70' lang='grc' dir='ltr'>ἑ</span> <span class='ocrx_word' id='word_1_342' title='bbox 1520 1809 1595 1852; x_wconf 87' lang='lat' dir='ltr'>Fr.</span> <span class='ocrx_word' id='word_1_343' title='bbox 1611 1804 1880 1852; x_wconf 87' lang='lat' dir='ltr'>Cherubino</span> <span class='ocrx_word' id='word_1_344' title='bbox 1897 1802 1955 1851; x_wconf 89' lang='lat' dir='ltr'>de</span> <span class='ocrx_word' id='word_1_345' title='bbox 1968 1804 2148 1856; x_wconf 90' lang='lat' dir='ltr'>Noves,</span> <span class='ocrx_word' id='word_1_346' title='bbox 2164 1816 2248 1850; x_wconf 88' lang='lat' dir='ltr'>ceu</span> 
     </span>
     <span class='ocr_line' id='line_1_70' title="bbox 1330 1869 2248 1939; baseline -0.001 -20"><span class='ocrx_word' id='word_1_347' title='bbox 1330 1873 1513 1921; x_wconf 74' lang='lat' dir='ltr'>Nunt10</span> <span class='ocrx_word' id='word_1_348' title='bbox 1527 1907 1541 1930; x_wconf 94' lang='lat'><strong>,</strong></span> <span class='ocrx_word' id='word_1_349' title='bbox 1557 1869 1835 1939; x_wconf 85' lang='lat' dir='ltr'>postulatum</span> <span class='ocrx_word' id='word_1_350' title='bbox 1852 1907 1868 1930; x_wconf 87' lang='lat'>‚</span> <span class='ocrx_word' id='word_1_351' title='bbox 1884 1871 2094 1924; x_wconf 88' lang='lat' dir='ltr'>Henrico</span> <span class='ocrx_word' id='word_1_352' title='bbox 2112 1874 2248 1919; x_wconf 88' lang='lat' dir='ltr'>Fran-</span> 
     </span>
     <span class='ocr_line' id='line_1_71' title="bbox 1328 1939 2247 2006; baseline -0.001 -17"><span class='ocrx_word' id='word_1_353' title='bbox 1328 1939 1448 1990; x_wconf 88' lang='lat' dir='ltr'>cisco</span> <span class='ocrx_word' id='word_1_354' title='bbox 1465 1942 1674 1992; x_wconf 86' lang='lat' dir='ltr'>Xaverio</span> <span class='ocrx_word' id='word_1_355' title='bbox 1697 1941 1752 1990; x_wconf 92' lang='lat' dir='ltr'>de</span> <span class='ocrx_word' id='word_1_356' title='bbox 1771 1941 1989 1992; x_wconf 88' lang='lat' dir='ltr'>Belsunce</span> <span class='ocrx_word' id='word_1_357' title='bbox 2012 1939 2104 1992; x_wconf 73' lang='grc' dir='ltr'>ἅς.</span> <span class='ocrx_word' id='word_1_358' title='bbox 2140 1940 2247 2006; x_wconf 85' lang='lat' dir='ltr'>Epi-</span> 
     </span>
    </p>
   </div>
   <div class='ocr_carea' id='block_1_28' title="bbox 1329 2008 2244 2124">
    <p class='ocr_par' dir='ltr' id='par_1_29' title="bbox 1329 2008 2244 2124">
     <span class='ocr_line' id='line_1_72' title="bbox 1329 2008 2244 2087; baseline 0.003 -31"><span class='ocrx_word' id='word_1_359' title='bbox 1329 2008 1469 2075; x_wconf 87' lang='lat' dir='ltr'>scopo</span> <span class='ocrx_word' id='word_1_360' title='bbox 1496 2009 1762 2087; x_wconf 71' lang='lat' dir='ltr'>Maffilienfi</span> <span class='ocrx_word' id='word_1_361' title='bbox 1787 2011 2104 2081; x_wconf 84' lang='lat' dir='ltr'>affignandum</span> <span class='ocrx_word' id='word_1_362' title='bbox 2128 2009 2244 2060; x_wconf 62' lang='lat' dir='ltr'>esse,</span> 
     </span>
     <span class='ocr_line' id='line_1_73' title="bbox 1329 2090 1907 2124; baseline 0.009 -3"><span class='ocrx_word' id='word_1_363' title='bbox 1329 2090 1561 2124; x_wconf 76' lang='lat' dir='ltr'>renuntiat</span> <span class='ocrx_word' id='word_1_364' title='bbox 1579 2110 1592 2123; x_wconf 89' lang='lat'><strong>.</strong></span> <span class='ocrx_word' id='word_1_365' title='bbox 1905 2096 1907 2100; x_wconf 70' lang='grc'>’</span> 
     </span>
    </p>
   </div>
   <div class='ocr_carea' id='block_1_29' title="bbox 1260 2204 2242 2262">
    <p class='ocr_par' dir='ltr' id='par_1_30' title="bbox 1260 2204 2242 2262">
     <span class='ocr_line' id='line_1_74' title="bbox 1260 2204 2242 2262; baseline 0.006 -9"><span class='ocrx_word' id='word_1_366' title='bbox 1260 2204 1673 2257; x_wconf 85' lang='lat' dir='ltr'>CLEMENS</span> <span class='ocrx_word' id='word_1_367' title='bbox 1734 2207 2242 2262; x_wconf 86' lang='lat' dir='ltr'>EPISCOPUS</span> 
     </span>
    </p>
   </div>
   <div class='ocr_carea' id='block_1_30' title="bbox 1468 2322 2046 2368">
    <p class='ocr_par' dir='ltr' id='par_1_31' title="bbox 1468 2322 2046 2368">
     <span class='ocr_line' id='line_1_75' title="bbox 1468 2322 2046 2368; baseline 0.003 -4"><span class='ocrx_word' id='word_1_368' title='bbox 1468 2323 1642 2365; x_wconf 61' lang='lat' dir='ltr'>Ser-vus</span> <span class='ocrx_word' id='word_1_369' title='bbox 1671 2322 1929 2368; x_wconf 61' lang='lat' dir='ltr'>Ser-vonum</span> <span class='ocrx_word' id='word_1_370' title='bbox 1961 2327 2046 2366; x_wconf 71' lang='lat' dir='ltr'>Der</span> 
     </span>
    </p>
   </div>
   <div class='ocr_carea' id='block_1_31' title="bbox 1268 2434 2238 2654">
    <p class='ocr_par' dir='ltr' id='par_1_32' title="bbox 1268 2434 2238 2654">
     <span class='ocr_line' id='line_1_76' title="bbox 1268 2434 2238 2495; baseline 0.002 -15"><span class='ocrx_word' id='word_1_371' title='bbox 1268 2434 1483 2480; x_wconf 77' lang='lat' dir='ltr'>Venerabili</span> <span class='ocrx_word' id='word_1_372' title='bbox 1498 2438 1658 2486; x_wconf 76' lang='lat' dir='ltr'>Fratri,</span> <span class='ocrx_word' id='word_1_373' title='bbox 1666 2437 1830 2480; x_wconf 76' lang='lat' dir='ltr'>Henrico</span> <span class='ocrx_word' id='word_1_374' title='bbox 1844 2439 1879 2479; x_wconf 86' lang='lat' dir='ltr'>F</span> <span class='ocrx_word' id='word_1_375' title='bbox 1881 2437 2052 2495; x_wconf 79' lang='lat' dir='ltr'>rancifio</span> <span class='ocrx_word' id='word_1_376' title='bbox 2070 2440 2238 2482; x_wconf 75' lang='lat' dir='ltr'>Xaverio</span> 
     </span>
     <span class='ocr_line' id='line_1_77' title="bbox 1317 2493 2182 2552; baseline 0.002 -16"><span class='ocrx_word' id='word_1_377' title='bbox 1317 2495 1363 2536; x_wconf 80' lang='lat' dir='ltr'>de</span> <span class='ocrx_word' id='word_1_378' title='bbox 1386 2493 1569 2549; x_wconf 82' lang='lat' dir='ltr'>Belsunce</span> <span class='ocrx_word' id='word_1_379' title='bbox 1600 2494 1645 2535; x_wconf 84' lang='lat' dir='ltr'>de</span> <span class='ocrx_word' id='word_1_380' title='bbox 1675 2494 1800 2550; x_wconf 82' lang='lat' dir='ltr'>Castel</span> <span class='ocrx_word' id='word_1_381' title='bbox 1829 2497 1984 2544; x_wconf 85' lang='lat' dir='ltr'>Moron,</span> <span class='ocrx_word' id='word_1_382' title='bbox 2000 2496 2182 2552; x_wconf 80' lang='lat' dir='ltr'>Epifiopo</span> 
     </span>
     <span class='ocr_line' id='line_1_78' title="bbox 1374 2549 2130 2611; baseline 0.007 -21"><span class='ocrx_word' id='word_1_383' title='bbox 1374 2549 1604 2607; x_wconf 76' lang='lat' dir='ltr'>Maffllienlt&#39;</span> <span class='ocrx_word' id='word_1_384' title='bbox 1611 2551 1808 2608; x_wconf 75' lang='lat' dir='ltr'>‚filatem</span> <span class='ocrx_word' id='word_1_385' title='bbox 1825 2579 1840 2601; x_wconf 85' lang='lat'>.,</span> <span class='ocrx_word' id='word_1_386' title='bbox 1860 2551 1908 2599; x_wconf 63' lang='grc' dir='ltr'>ἐς</span> <span class='ocrx_word' id='word_1_387' title='bbox 1933 2553 2130 2611; x_wconf 73' lang='lat' dir='ltr'>qustolt‘-</span> 
     </span>
     <span class='ocr_line' id='line_1_79' title="bbox 1532 2609 1981 2654; baseline 0 -2"><span class='ocrx_word' id='word_1_388' title='bbox 1532 2623 1616 2653; x_wconf 85' lang='lat' dir='ltr'>cam</span> <span class='ocrx_word' id='word_1_389' title='bbox 1642 2609 1952 2654; x_wconf 63' lang='lat' dir='ltr'>Bene-difflantur</span> <span class='ocrx_word' id='word_1_390' title='bbox 1966 2638 1981 2652; x_wconf 89' lang='lat'><strong>.</strong></span> 
     </span>
    </p>
   </div>
   <div class='ocr_carea' id='block_1_32' title="bbox 1258 2726 2240 3783">
    <p class='ocr_par' dir='ltr' id='par_1_33' title="bbox 1364 2726 2237 2784">
     <span class='ocr_line' id='line_1_80' title="bbox 1364 2726 2237 2784; baseline -0.001 -13"><span class='ocrx_word' id='word_1_391' title='bbox 1364 2726 1558 2771; x_wconf 85' lang='lat' dir='ltr'>Ersonam</span> <span class='ocrx_word' id='word_1_392' title='bbox 1579 2735 1716 2781; x_wconf 76' lang='lat' dir='ltr'>tuam,</span> <span class='ocrx_word' id='word_1_393' title='bbox 1739 2727 1898 2779; x_wconf 78' lang='lat' dir='ltr'>Nobis,</span> <span class='ocrx_word' id='word_1_394' title='bbox 1926 2728 1965 2769; x_wconf 71' lang='grc' dir='ltr'>δε</span> <span class='ocrx_word' id='word_1_395' title='bbox 1998 2726 2237 2784; x_wconf 77' lang='lat' dir='ltr'>Apostolicae</span> 
     </span>
    </p>

    <p class='ocr_par' dir='ltr' id='par_1_34' title="bbox 1258 2786 2240 3783">
     <span class='ocr_line' id='line_1_81' title="bbox 1377 2786 2239 2842; baseline 0 -14"><span class='ocrx_word' id='word_1_396' title='bbox 1377 2787 1471 2829; x_wconf 91' lang='lat' dir='ltr'>Sedi</span> <span class='ocrx_word' id='word_1_397' title='bbox 1486 2786 1707 2836; x_wconf 70' lang='lat' dir='ltr'>devotam,</span> <span class='ocrx_word' id='word_1_398' title='bbox 1739 2787 1817 2829; x_wconf 90' lang='lat' dir='ltr'>tuis</span> <span class='ocrx_word' id='word_1_399' title='bbox 1846 2787 2097 2842; x_wconf 85' lang='lat' dir='ltr'>exigentibus</span> <span class='ocrx_word' id='word_1_400' title='bbox 2116 2787 2239 2828; x_wconf 90' lang='lat' dir='ltr'>meri-</span> 
     </span>
     <span class='ocr_line' id='line_1_82' title="bbox 1261 2843 2240 2901; baseline -0.002 -14"><span class='ocrx_word' id='word_1_401' title='bbox 1261 2857 1314 2887; x_wconf 75' lang='lat' dir='ltr'>tis</span> <span class='ocrx_word' id='word_1_402' title='bbox 1329 2874 1341 2896; x_wconf 88' lang='lat'><strong>‚</strong></span> <span class='ocrx_word' id='word_1_403' title='bbox 1357 2843 1524 2901; x_wconf 52' lang='lat' dir='ltr'>paterna</span> <span class='ocrx_word' id='word_1_404' title='bbox 1538 2843 1830 2889; x_wconf 60' lang='lat' dir='ltr'>benevolentia</span> <span class='ocrx_word' id='word_1_405' title='bbox 1857 2844 2143 2901; x_wconf 85' lang='lat' dir='ltr'>prosequentes</span> <span class='ocrx_word' id='word_1_406' title='bbox 2156 2871 2170 2891; x_wconf 70' lang='lat' dir='ltr'>s</span> <span class='ocrx_word' id='word_1_407' title='bbox 2186 2843 2240 2886; x_wconf 85' lang='lat' dir='ltr'>il·</span> 
     </span>
     <span class='ocr_line' id='line_1_83' title="bbox 1258 2902 2235 2962; baseline 0 -16"><span class='ocrx_word' id='word_1_408' title='bbox 1258 2904 1298 2946; x_wconf 83' lang='lat' dir='ltr'>la</span> <span class='ocrx_word' id='word_1_409' title='bbox 1327 2906 1421 2962; x_wconf 74' lang='lat' dir='ltr'>Tibi</span> <span class='ocrx_word' id='word_1_410' title='bbox 1442 2902 1614 2947; x_wconf 87' lang='lat' dir='ltr'>libenter</span> <span class='ocrx_word' id='word_1_411' title='bbox 1627 2903 1907 2954; x_wconf 80' lang='lat' dir='ltr'>concedimus,</span> <span class='ocrx_word' id='word_1_412' title='bbox 1926 2917 2011 2959; x_wconf 88' lang='lat' dir='ltr'>quae</span> <span class='ocrx_word' id='word_1_413' title='bbox 2026 2902 2074 2945; x_wconf 90' lang='lat' dir='ltr'>ad</span> <span class='ocrx_word' id='word_1_414' title='bbox 2098 2902 2235 2946; x_wconf 87' lang='lat' dir='ltr'>Divini</span> 
     </span>
     <span class='ocr_line' id='line_1_84' title="bbox 1260 2960 2236 3011; baseline -0.002 -7"><span class='ocrx_word' id='word_1_415' title='bbox 1260 2962 1393 3005; x_wconf 70' lang='lat' dir='ltr'>cultus</span> <span class='ocrx_word' id='word_1_416' title='bbox 1414 2965 1709 3006; x_wconf 87' lang='lat' dir='ltr'>incrementum</span> <span class='ocrx_word' id='word_1_417' title='bbox 1724 2988 1739 3011; x_wconf 70' lang='lat' dir='ltr'>s</span> <span class='ocrx_word' id='word_1_418' title='bbox 1764 2960 2000 3004; x_wconf 77' lang='lat' dir='ltr'>&amp;Ecclefiae</span> <span class='ocrx_word' id='word_1_419' title='bbox 2022 2970 2097 3003; x_wconf 84' lang='lat' dir='ltr'>tuae</span> <span class='ocrx_word' id='word_1_420' title='bbox 2112 2960 2236 3004; x_wconf 89' lang='lat' dir='ltr'>deco·</span> 
     </span>
     <span class='ocr_line' id='line_1_85' title="bbox 1259 3019 2230 3078; baseline -0.005 -13"><span class='ocrx_word' id='word_1_421' title='bbox 1259 3035 1345 3065; x_wconf 90' lang='lat' dir='ltr'>rem</span> <span class='ocrx_word' id='word_1_422' title='bbox 1361 3021 1526 3065; x_wconf 87' lang='lat' dir='ltr'>tendere</span> <span class='ocrx_word' id='word_1_423' title='bbox 1538 3019 1824 3078; x_wconf 84' lang='lat' dir='ltr'>dignoscuntur</span> <span class='ocrx_word' id='word_1_424' title='bbox 1837 3032 1852 3071; x_wconf 77' lang='lat'>3</span> <span class='ocrx_word' id='word_1_425' title='bbox 1868 3021 1904 3062; x_wconf 93' lang='lat' dir='ltr'>in</span> <span class='ocrx_word' id='word_1_426' title='bbox 1920 3020 1958 3062; x_wconf 94' lang='lat' dir='ltr'>id</span> <span class='ocrx_word' id='word_1_427' title='bbox 1973 3031 2135 3076; x_wconf 90' lang='lat' dir='ltr'>quoque</span> <span class='ocrx_word' id='word_1_428' title='bbox 2167 3019 2230 3061; x_wconf 88' lang='lat' dir='ltr'>in-</span> 
     </span>
     <span class='ocr_line' id='line_1_86' title="bbox 1260 3075 2232 3135; baseline -0.005 -12"><span class='ocrx_word' id='word_1_429' title='bbox 1260 3080 1462 3124; x_wconf 88' lang='lat' dir='ltr'>tendimus</span> <span class='ocrx_word' id='word_1_430' title='bbox 1479 3109 1493 3132; x_wconf 79' lang='lat'><strong>,</strong></span> <span class='ocrx_word' id='word_1_431' title='bbox 1518 3090 1562 3122; x_wconf 91' lang='lat' dir='ltr'>ut</span> <span class='ocrx_word' id='word_1_432' title='bbox 1586 3080 1747 3135; x_wconf 82' lang='lat' dir='ltr'>gratiae,</span> <span class='ocrx_word' id='word_1_433' title='bbox 1769 3091 1856 3134; x_wconf 84' lang='lat' dir='ltr'>quae</span> <span class='ocrx_word' id='word_1_434' title='bbox 1882 3081 1905 3122; x_wconf 69' lang='grc' dir='ltr'>ὲ</span> <span class='ocrx_word' id='word_1_435' title='bbox 1921 3079 2047 3121; x_wconf 85' lang='lat' dir='ltr'>Nobis</span> <span class='ocrx_word' id='word_1_436' title='bbox 2071 3075 2232 3121; x_wconf 59' lang='lat' dir='ltr'>emant-</span> 
     </span>
     <span class='ocr_line' id='line_1_87' title="bbox 1259 3135 2228 3194; baseline -0.005 -12"><span class='ocrx_word' id='word_1_437' title='bbox 1259 3151 1381 3188; x_wconf 76' lang='lat' dir='ltr'>runt‚</span> <span class='ocrx_word' id='word_1_438' title='bbox 1407 3139 1518 3182; x_wconf 86' lang='lat' dir='ltr'>suum</span> <span class='ocrx_word' id='word_1_439' title='bbox 1541 3139 1764 3194; x_wconf 84' lang='lat' dir='ltr'>plenarium</span> <span class='ocrx_word' id='word_1_440' title='bbox 1779 3135 1960 3181; x_wconf 60' lang='lat' dir='ltr'>effectum</span> <span class='ocrx_word' id='word_1_441' title='bbox 1986 3135 2228 3188; x_wconf 76' lang='lat' dir='ltr'>sortiantur3</span> 
     </span>
     <span class='ocr_line' id='line_1_88' title="bbox 1260 3194 2231 3254; baseline -0.007 -12"><span class='ocrx_word' id='word_1_442' title='bbox 1260 3203 1365 3242; x_wconf 90' lang='lat' dir='ltr'>Cum</span> <span class='ocrx_word' id='word_1_443' title='bbox 1382 3199 1513 3254; x_wconf 81' lang='lat' dir='ltr'>itaque</span> <span class='ocrx_word' id='word_1_444' title='bbox 1528 3198 1646 3239; x_wconf 90' lang='lat' dir='ltr'>hodie</span> <span class='ocrx_word' id='word_1_445' title='bbox 1676 3196 1877 3245; x_wconf 81' lang='lat' dir='ltr'>Panium,</span> <span class='ocrx_word' id='word_1_446' title='bbox 1905 3196 2058 3251; x_wconf 82' lang='lat' dir='ltr'>infigne</span> <span class='ocrx_word' id='word_1_447' title='bbox 2084 3194 2231 3238; x_wconf 85' lang='lat' dir='ltr'>videli-</span> 
     </span>
     <span class='ocr_line' id='line_1_89' title="bbox 1259 3253 2227 3310; baseline -0.007 -9"><span class='ocrx_word' id='word_1_448' title='bbox 1259 3267 1326 3301; x_wconf 89' lang='lat' dir='ltr'>cet</span> <span class='ocrx_word' id='word_1_449' title='bbox 1352 3255 1597 3301; x_wconf 75' lang='lat' dir='ltr'>pontificalis</span> <span class='ocrx_word' id='word_1_450' title='bbox 1625 3254 1784 3308; x_wconf 86' lang='lat' dir='ltr'>officii,</span> <span class='ocrx_word' id='word_1_451' title='bbox 1809 3268 1858 3297; x_wconf 84' lang='lat' dir='ltr'>ex</span> <span class='ocrx_word' id='word_1_452' title='bbox 1887 3263 2002 3310; x_wconf 86' lang='lat' dir='ltr'>parte</span> <span class='ocrx_word' id='word_1_453' title='bbox 2020 3265 2087 3297; x_wconf 84' lang='lat' dir='ltr'>tua</span> <span class='ocrx_word' id='word_1_454' title='bbox 2104 3253 2227 3296; x_wconf 82' lang='lat' dir='ltr'>fuerit</span> 
     </span>
     <span class='ocr_line' id='line_1_90' title="bbox 1260 3312 2226 3371; baseline -0.011 -9"><span class='ocrx_word' id='word_1_455' title='bbox 1260 3320 1284 3362; x_wconf 73' lang='grc' dir='ltr'>ὲ</span> <span class='ocrx_word' id='word_1_456' title='bbox 1315 3317 1441 3359; x_wconf 89' lang='lat' dir='ltr'>Nobis</span> <span class='ocrx_word' id='word_1_457' title='bbox 1466 3329 1538 3371; x_wconf 87' lang='lat' dir='ltr'>per</span> <span class='ocrx_word' id='word_1_458' title='bbox 1561 3313 1751 3358; x_wconf 64' lang='lat' dir='ltr'>dilectum</span> <span class='ocrx_word' id='word_1_459' title='bbox 1777 3313 1922 3357; x_wconf 84' lang='lat' dir='ltr'>Filium</span> <span class='ocrx_word' id='word_1_460' title='bbox 1951 3312 2226 3357; x_wconf 89' lang='lat' dir='ltr'>Cherubinum</span> 
     </span>
     <span class='ocr_line' id='line_1_91' title="bbox 1260 3368 2228 3428; baseline -0.008 -11"><span class='ocrx_word' id='word_1_461' title='bbox 1260 3375 1310 3418; x_wconf 92' lang='lat' dir='ltr'>de</span> <span class='ocrx_word' id='word_1_462' title='bbox 1326 3378 1484 3422; x_wconf 82' lang='lat' dir='ltr'>Noves,</span> <span class='ocrx_word' id='word_1_463' title='bbox 1502 3374 1787 3428; x_wconf 83' lang='lat' dir='ltr'>Presbyterum</span> <span class='ocrx_word' id='word_1_464' title='bbox 1802 3399 1818 3423; x_wconf 65' lang='lat'>2</span> <span class='ocrx_word' id='word_1_465' title='bbox 1835 3386 1882 3414; x_wconf 81' lang='lat' dir='ltr'>ac</span> <span class='ocrx_word' id='word_1_466' title='bbox 1905 3373 2085 3415; x_wconf 74' lang='lat' dir='ltr'>fratrem</span> <span class='ocrx_word' id='word_1_467' title='bbox 2108 3368 2228 3411; x_wconf 91' lang='lat' dir='ltr'>Ordi-</span> 
     </span>
     <span class='ocr_line' id='line_1_92' title="bbox 1261 3431 2227 3486; baseline -0.01 -8"><span class='ocrx_word' id='word_1_468' title='bbox 1261 3435 1322 3478; x_wconf 87' lang='lat' dir='ltr'>nis</span> <span class='ocrx_word' id='word_1_469' title='bbox 1344 3436 1527 3477; x_wconf 81' lang='lat' dir='ltr'>Fratrum</span> <span class='ocrx_word' id='word_1_470' title='bbox 1541 3433 1672 3474; x_wconf 71' lang='lat' dir='ltr'>Sanffl</span> <span class='ocrx_word' id='word_1_471' title='bbox 1697 3431 1898 3475; x_wconf 72' lang='lat' dir='ltr'>francisci</span> <span class='ocrx_word' id='word_1_472' title='bbox 1924 3431 2227 3486; x_wconf 78' lang='lat' dir='ltr'>Capucinorum</span> 
     </span>
     <span class='ocr_line' id='line_1_93' title="bbox 1262 3487 2224 3549; baseline -0.01 -14"><span class='ocrx_word' id='word_1_473' title='bbox 1262 3502 1581 3549; x_wconf 86' lang='lat' dir='ltr'>nuncupatorum</span> <span class='ocrx_word' id='word_1_474' title='bbox 1596 3489 1777 3546; x_wconf 69' lang='lat' dir='ltr'>expresse</span> <span class='ocrx_word' id='word_1_475' title='bbox 1793 3487 2224 3546; x_wconf 82' lang='lat' dir='ltr'>profeffum‚Nuntium</span> 
     </span>
     <span class='ocr_line' id='line_1_94' title="bbox 1262 3546 2226 3606; baseline -0.011 -12"><span class='ocrx_word' id='word_1_476' title='bbox 1262 3562 1401 3601; x_wconf 85' lang='lat' dir='ltr'>tuum,</span> <span class='ocrx_word' id='word_1_477' title='bbox 1432 3564 1522 3593; x_wconf 90' lang='lat' dir='ltr'>curn</span> <span class='ocrx_word' id='word_1_478' title='bbox 1536 3548 1609 3599; x_wconf 63' lang='lat' dir='ltr'>ei,</span> <span class='ocrx_word' id='word_1_479' title='bbox 1635 3563 1710 3606; x_wconf 84' lang='lat' dir='ltr'>qua</span> <span class='ocrx_word' id='word_1_480' title='bbox 1723 3548 1886 3598; x_wconf 84' lang='lat' dir='ltr'>decuit,</span> <span class='ocrx_word' id='word_1_481' title='bbox 1903 3546 2130 3590; x_wconf 76' lang='lat' dir='ltr'>reverentia</span> <span class='ocrx_word' id='word_1_482' title='bbox 2153 3556 2226 3598; x_wconf 88' lang='lat' dir='ltr'>po-</span> 
     </span>
     <span class='ocr_line' id='line_1_95' title="bbox 1258 3607 2227 3664; baseline -0.01 -11"><span class='ocrx_word' id='word_1_483' title='bbox 1258 3612 1444 3654; x_wconf 81' lang='lat' dir='ltr'>stulatum</span> <span class='ocrx_word' id='word_1_484' title='bbox 1459 3639 1474 3660; x_wconf 91' lang='lat'>‚</span> <span class='ocrx_word' id='word_1_485' title='bbox 1488 3613 1572 3651; x_wconf 89' lang='lat' dir='ltr'>Nos</span> <span class='ocrx_word' id='word_1_486' title='bbox 1598 3609 1678 3650; x_wconf 88' lang='lat' dir='ltr'>tuis</span> <span class='ocrx_word' id='word_1_487' title='bbox 1694 3607 2021 3664; x_wconf 84' lang='lat' dir='ltr'>postulationibus</span> <span class='ocrx_word' id='word_1_488' title='bbox 2049 3615 2227 3645; x_wconf 60' lang='lat' dir='ltr'>annuenn</span> 
     </span>
     <span class='ocr_line' id='line_1_96' title="bbox 1259 3663 2222 3724; baseline -0.01 -13"><span class='ocrx_word' id='word_1_489' title='bbox 1259 3678 1320 3712; x_wconf 86' lang='lat' dir='ltr'>tes</span> <span class='ocrx_word' id='word_1_490' title='bbox 1334 3697 1348 3718; x_wconf 77' lang='lat'>‚</span> <span class='ocrx_word' id='word_1_491' title='bbox 1363 3682 1412 3710; x_wconf 87' lang='lat' dir='ltr'>ex</span> <span class='ocrx_word' id='word_1_492' title='bbox 1425 3669 1550 3721; x_wconf 82' lang='lat' dir='ltr'>gratia</span> <span class='ocrx_word' id='word_1_493' title='bbox 1574 3666 1759 3724; x_wconf 76' lang='lat' dir='ltr'>speciali,</span> <span class='ocrx_word' id='word_1_494' title='bbox 1772 3669 1813 3708; x_wconf 87' lang='lat'>&amp;</span> <span class='ocrx_word' id='word_1_495' title='bbox 1827 3680 1899 3719; x_wconf 84' lang='lat' dir='ltr'>pro</span> <span class='ocrx_word' id='word_1_496' title='bbox 1914 3664 1989 3705; x_wconf 80' lang='lat' dir='ltr'>hac</span> <span class='ocrx_word' id='word_1_497' title='bbox 2017 3663 2105 3703; x_wconf 89' lang='lat' dir='ltr'>vice</span> <span class='ocrx_word' id='word_1_498' title='bbox 2135 3670 2222 3703; x_wconf 75' lang='lat' dir='ltr'>tan.</span> 
     </span>
     <span class='ocr_line' id='line_1_97' title="bbox 1259 3719 2223 3783; baseline -0.011 -11"><span class='ocrx_word' id='word_1_499' title='bbox 1259 3730 1362 3777; x_wconf 78' lang='lat' dir='ltr'>tum,</span> <span class='ocrx_word' id='word_1_500' title='bbox 1378 3725 1545 3770; x_wconf 71' lang='lat' dir='ltr'>Prlliurn</span> <span class='ocrx_word' id='word_1_501' title='bbox 1570 3728 1692 3783; x_wconf 83' lang='lat' dir='ltr'>ipsum</span> <span class='ocrx_word' id='word_1_502' title='bbox 1715 3725 1766 3767; x_wconf 91' lang='lat' dir='ltr'>de</span> <span class='ocrx_word' id='word_1_503' title='bbox 1791 3726 1974 3778; x_wconf 87' lang='lat' dir='ltr'>Corpore</span> <span class='ocrx_word' id='word_1_504' title='bbox 1987 3721 2096 3764; x_wconf 75' lang='lat' dir='ltr'>Beati</span> <span class='ocrx_word' id='word_1_505' title='bbox 2111 3719 2223 3761; x_wconf 87' lang='lat' dir='ltr'>Petri</span> 
     </span>
    </p>
   </div>
   <div class='ocr_carea' id='block_1_33' title="bbox 1257 3778 2222 3881">
    <p class='ocr_par' dir='ltr' id='par_1_35' title="bbox 1257 3778 2222 3881">
     <span class='ocr_line' id='line_1_98' title="bbox 1257 3778 2222 3881; baseline -0.008 -52"><span class='ocrx_word' id='word_1_506' title='bbox 1257 3787 1481 3844; x_wconf 77' lang='lat' dir='ltr'>sumptum,</span> <span class='ocrx_word' id='word_1_507' title='bbox 1509 3800 1580 3843; x_wconf 92' lang='lat' dir='ltr'>per</span> <span class='ocrx_word' id='word_1_508' title='bbox 1601 3781 1862 3829; x_wconf 83' lang='lat' dir='ltr'>Venerabiles</span> <span class='ocrx_word' id='word_1_509' title='bbox 1888 3783 2046 3881; x_wconf 50' lang='lat' dir='ltr'>Fratrgs</span> <span class='ocrx_word' id='word_1_510' title='bbox 2072 3778 2222 3879; x_wconf 73' lang='lat' dir='ltr'>nhostros</span> 
     </span>
     <span class='ocr_line' id='line_1_99' title="bbox 2040 3851 2169 3879; baseline 0 0"><span class='ocrx_word' id='word_1_511' title='bbox 2040 3851 2080 3879; x_wconf 91' lang='lat' dir='ltr'>rc</span> <span class='ocrx_word' id='word_1_512' title='bbox 2114 3852 2169 3879; x_wconf 73' lang='lat' dir='ltr'>ie·</span> 
     </span>
    </p>
   </div>
  </div>
 </body>
</html>
