2592 4094
965 218 1574 339 Insulenfis.

267 364 445 418 christi,
474 381 566 410 curn
589 365 821 411 sanniffimo
833 365 987 424 Spiritu
1013 367 1248 416 Panemo,

253 425 559 533 εΑιιῐίῃείῐιξΡοοοι·
585 428 626 470 &
653 427 782 481 gloria
799 440 904 471 nunc
935 426 977 468 δι’.
1009 426 1050 468 in
1081 426 1246 469 secula.

362 605 482 661 Laus
500 607 616 656 Deo,
641 606 809 651 Manus
823 633 839 660 ,
864 604 1160 657 Fnaucisco,

2055 229 2214 339 265

1306 363 1566 409 existentibus
1580 357 2079 417 perpetuninviolabssiter
2092 364 2283 407 observa-

1305 426 1370 476 ri,
1382 424 1422 464 ει
1438 421 1649 476 adimpleri
1669 420 1843 473 debereg
1857 418 2098 473 irritumque
2114 446 2128 469 ‚
2151 422 2190 462 δι
2202 424 2281 464 ina-

1307 497 1375 528 ne,
1389 479 1585 537 quidquid
1597 478 1708 523 secus
1723 478 1836 535 super
1863 479 1922 521 his
1935 479 1958 522 ὲ
1971 488 2174 534 quoquam
2188 492 2284 532 qua-

1307 540 1368 583 vis
1387 535 1626 581 auctoritate
1642 540 1812 583 scienter
1824 567 1840 591 ‚
1863 536 1927 581 vel
1939 539 2170 595 ignoranter
2182 547 2281 578 con·

1308 600 1451 654 tigerit
1471 597 1692 641 attentari.

1428 659 1523 700 Non
1550 654 1797 699 obstantibus
1824 653 2192 700 Constitutionibus
2203 679 2218 703 ‚
2248 653 2288 693 &

1307 715 1640 760 ordinationibus
1665 714 1908 770 Apostolicis
1921 745 1936 767 ,
1949 729 2012 764 ac,
2028 722 2227 771 quatenus
2240 725 2287 753 o·

1243 802 1246 807 ,
1306 788 1380 831 pus
1396 775 1459 824 fit,
1472 771 1567 813 dieti
1582 772 1761 822 Ordinis,
1774 775 1895 819 etiam
1912 773 2164 828 juramento,
2191 783 2289 814 con-

728 1365 784 1503 aetu1ed
740 1200 783 1342 aegpam
741 991 786 1175 esnjuaw

402 2293 510 2336 Cum
536 2295 707 2338 autem,
749 2286 847 2328 ficut
884 2283 1026 2328 eadem
1056 2283 1252 2340 expositio

270 2351 536 2410 subjungebat
552 2377 568 2398 ,
592 2345 721 2388 dietus
738 2343 965 2399 Episcopus
995 2342 1252 2399 plurimum-2

267 2411 408 2468 cupiat
451 2402 696 2465 praeinsertas
738 2401 1061 2446 Constitutiones
1117 2399 1252 2455 hujus-

268 2467 380 2512 modi
416 2480 497 2524 pro
523 2459 746 2507 inviolabili
773 2475 906 2504 earum
932 2459 1252 2504 observatione,

268 2526 510 2584 Apostolicae
531 2522 668 2567 nostrae
687 2518 1007 2563 confirmationis
1023 2519 1252 2575 patrocinio

271 2585 511 2629 communiri
535 2608 550 2631 ‚
583 2583 671 2624 Nos
699 2579 774 2635 piis
807 2580 906 2622 disti
929 2578 1116 2636 Episcopi
1147 2577 1251 2619 votis

269 2642 499 2702 hujusmodi
526 2652 701 2683 annuere
724 2666 738 2688 2
772 2653 818 2683 ac
846 2643 1018 2682 Sorores
1047 2635 1250 2694 praedicstas

265 2700 548 2759 *spiritualibus
578 2696 812 2748 favoribus,
837 2699 877 2739 δι
902 2696 1040 2750 gratiis
1068 2694 1252 2751 prosequi

268 2761 458 2804 volentes
482 2755 498 2810 ,'
535 2769 753 2811 earumque
788 2754 1001 2810 singulares
1028 2751 1251 2808 personasa

269 2817 471 2874 quibusvis
493 2813 921 2859 excommunicationis
944 2814 1021 2854 &c.
1040 2837 1055 2859 ,
1085 2814 1124 2853 δι
1139 2811 1252 2855 abso-

270 2877 378 2920 lutas
391 2874 478 2916 fore
506 2870 740 2924 censentes,
766 2869 1121 2927 supplicationibus
1148 2869 1252 2924 ejus-

271 2934 365 2977 dem
390 2931 566 2989 praedicti
591 2929 778 2988 Episcopi
796 2930 925 2974 Nobis
957 2928 1070 2984 supet·
1083 2930 1158 2971 hoc
1177 2929 1251 2971 hu-

269 2993 424 3036 militer
437 2987 629 3047 porrectis
648 2988 830 3031 inclinati
849 3018 865 3039 ,
877 2988 929 3030 de
945 2988 1251 3031 Venerabilium

271 3055 462 3096 Fratrum
476 3048 716 3098 nostrorum,
735 3049 884 3090 Sant‘tae
905 3049 1093 3089 Romanae
1109 3047 1253 3089 Eccle-

271 3109 332 3153 fiae
347 3107 626 3153 cardinalium
638 3106 810 3161 negotiis
824 3106 1088 3161 Regularium
1103 3119 1249 3161 praepo-

269 3170 440 3212 sitorum.
456 3165 622 3210 consilio
638 3192 652 3215 ‚
665 3163 911 3219 praeinsertas
935 3164 1254 3209 constitutiones

267 3224 500 3284 hujusmodi
522 3224 569 3274 ab
592 3222 740 3267 eisdem
767 3223 1051 3269 Cardinalibus
1072 3222 1168 3279 jussu
1184 3238 1255 3265 no-

271 3285 352 3327 stro
374 3282 599 3338 recognitas
631 3282 672 3322 δε
700 3282 930 3326 emendatas
947 3309 962 3332 ‚
988 3283 1254 3338 ApostoIIca„

274 3344 508 3386 austeritate
533 3350 674 3385 tenore
687 3340 938 3396 praesentium
966 3343 1163 3396 perpetui>
1188 3354 1255 3395 ap-

276 3402 492 3457 probamus
516 3429 532 3451 ,
562 3397 718 3455 illisque
745 3400 989 3443 inviolabilis
1018 3403 1049 3442 A
1059 3399 1256 3456 postolicae

277 3457 596 3512 confirmationis
620 3458 742 3500 robur
763 3458 1000 3512 adjicimus,
1030 3473 1077 3501 ac
1090 3470 1257 3508 omnes,

271 3521 313 3562 δι
331 3516 599 3572 singulostam
611 3514 704 3571 juris
728 3516 765 3556 &
796 3515 886 3559 faeti
897 3547 913 3568 ,
927 3520 964 3560 &
982 3517 1140 3574 quosvis
1154 3515 1253 3559 alios

274 3574 453 3619 defectus
464 3599 478 3623 ‚
491 3575 518 3615 si
542 3575 609 3631 qui
625 3571 794 3632 desuper
808 3576 1112 3630 quomodolibet
1130 3575 1254 3616 inter·

279 3633 489 3684 venerint,
504 3631 726 3688 supplemus
743 3660 753 3669 .

400 3693 681 3735 Decernentes
714 3689 1027 3736 Constitutiones
1063 3687 1254 3736 easdem„

277 3752 475 3811 perpetuo
489 3749 638 3792 validas
653 3776 667 3799 ,
680 3745 887 3804 firmasque
901 3752 1099 3794 subsistere
1114 3777 1129 3801 2
1158 3751 1198 3791 δι
1227 3751 1248 3794 εἰ

276 3809 473 3912 praedicat-is
492 3808 704 3913 SoVroribus
725 3820 832 3851 nunc
849 3809 913 3860 ,&
924 3823 998 3865 pro
1012 3809 1248 3866 ternpore-..v

438 3881 509 3911 om.
547 3899 560 3908 .

1304 833 1532 875 firmatione
1555 829 1786 883 Apostolica
1797 858 1812 880 ,
1828 833 1890 873 vel
1903 832 2041 887 quavis
2056 830 2287 874 firmitate.)

1304 892 1383 934 alia
1413 889 1616 932 roboratis
1643 888 1794 931 statutis
1809 916 1822 939 ,
1843 891 1884 930 &
1907 888 2260 932 consuetudinibus
2274 916 2289 940 ,

1304 944 1540 1003 caterisque
1553 946 1766 989 contrariis
1791 946 2107 1004 quibuscumque
2120 976 2133 990 .

1418 1007 1571 1048 Datum
1597 1007 1736 1048 Romae
1758 1006 1865 1062 apud
1883 1009 2066 1050 Sanctam
2081 1005 2288 1048 Mariam-a

1306 1064 1509 1122 Maiorem
1535 1062 1602 1106 sub
1635 1065 1806 1108 Annulo
1833 1062 2043 1108 Piscatoris
2073 1064 2138 1119 die
2163 1077 2288 1104 xx11.

1307 1124 1556 1169 Novembris
1578 1137 1768 1166 mncxxx.
1786 1121 2052 1167 Pontificatfis
2067 1121 2194 1165 nostri
2220 1136 2289 1170 anq

1308 1199 1363 1227 no
1384 1186 1558 1228 octavo.
2021 1195 2026 1203 ·

1367 1297 1614 1356 Autograpb.
1640 1300 1682 1340 t’n
1707 1298 1825 1340 Arch.
1850 1298 2086 1342 Secretariae
2106 1301 2291 1342 Bra-vium

1424 1357 1728 1415 Apostolicorum
1744 1356 1899 1415 Regcsso
1931 1358 2063 1413 merfis
2078 1385 2092 1409 ‚
2123 1360 2176 1409 &a
2199 1356 2294 1396 anm‘

1415 1414 1604 1476 praediff.
1605 1413 1740 1475 sol-51
1753 1418 1791 1458 8.

2180 1552 2294 1569 fi—u—

1306 1555 1945 1578 -n-——u-——a—-t--n-—nn—

1310 1662 1387 1709 Fr.
1411 1653 1627 1707 Bafiliurn
1644 1652 1702 1703 de
1731 1654 1858 1704 Aria
1883 1651 2180 1702 Vifitatorem
2201 1652 2295 1700 Or-

1379 1727 1498 1776 dinis
1510 1730 1558 1776 S.
1579 1725 1725 1780 Pauli,
1741 1724 1877 1792 primi
1899 1723 2108 1774 Eremitae
2121 1759 2138 1781 ,
2150 1738 2296 1771 cum-³

1381 1792 1609 1862 Episcopo
1642 1791 1798 1841 Bosnae
1831 1790 2128 1843 constitutum
2150 1790 2263 1841 este-2
2281 1826 2296 1848 ,

1385 1861 1699 1933 sigismundo,
1714 1862 1832 1931 Regi
1847 1861 2045 1911 Poloniae
2064 1862 2113 1915 δε
2129 1864 2300 1914 Sueciae

1384 1931 1633 2009 fignificat.

1317 2059 1545 2112 cbartsp'mo
1558 2063 1601 2099 in
1620 2057 1771 2111 christo
1788 2057 1893 2100 filio
1917 2059 2044 2105 nostro
2057 2089 2072 2110 ‚
2103 2059 2297 2101 Uladislao

1342 2114 1603 2172 sigismundo,
1611 2115 1770 2156 Polom'ae
1782 2115 1831 2160 θ’
1842 2118 1983 2156 Svcciae·
1997 2119 2097 2169 Regi
2108 2115 2269 2171 illustri.

1313 2232 1737 2288 URBANUS
1809 2233 2034 2298 ΡΑΡᾼ
2109 2233 2294 2281 Vnt

1319 2358 1323 2361 ·
1341 2345 1563 2404 Charzfflme
1578 2345 1620 2387 in
1637 2346 1788 2399 christo
1803 2349 1888 2389 Fili
1906 2347 2032 2401 noster
2046 2349 2239 2404 ,filutem
2256 2378 2272 2402 ‚

1472 2405 1520 2456 θ’
1542 2402 1799 2464 Apostolicam
1810 2404 2121 2447 Benedifflonem
2135 2432 2146 2444 .

1434 2519 1629 2576 Eligiosus
1654 2518 1770 2561 Ordo
1786 2520 1917 2566 saneti
1935 2519 2065 2568 Pauli,
2080 2519 2200 2576 primi
2215 2526 2301 2568 He-

1315 2525 1427 2635 R
1460 2576 1755 2634 remitae,qu0d
1775 2578 1796 2620 εὶ
1813 2578 1974 2634 pristina
2003 2590 2160 2620 morum
2182 2579 2302 2625 disci-

1314 2639 1449 2693 plina,
1463 2638 1619 2695 atque&
1642 2636 1770 2682 veteri
1798 2638 2050 2693 optimarum
2071 2636 2210 2691 legum
2227 2639 2302 2683 ob-

1314 2695 1512 2743 servantia
1537 2696 1586 2738 ad
1622 2695 1860 2740 solutiorem
1897 2695 2099 2751 quandam
2135 2695 2300 2740 vivendi

1314 2756 1526 2802 licentiam
1551 2754 1757 2810 prolapsus
1782 2754 1838 2796 est
1854 2783 1869 2806 ‚
1891 2768 2029 2797 eorum
2055 2752 2181 2809 opera*
2197 2755 2300 2798 indi-

1313 2824 1382 2870 get
1396 2844 1410 2864 ,
1430 2829 1501 2871 per
1515 2827 1613 2873 quos
1636 2814 1686 2856 ad
1714 2813 1911 2869 majorum
1928 2812 2085 2856 suorum
2103 2812 2300 2867 instituta,

1313 2887 1360 2918 ac
1387 2872 1636 2918 severiorem·
1647 2872 1800 2927 antiqui
1818 2871 1915 2928 juris
1929 2884 2113 2916 normam
2131 2882 2301 2914 revoce-

1312 2942 1379 2975 tur
1399 2961 1412 2973 .
1430 2931 1522 2989 Ejus
1549 2931 1606 2974 rei
1623 2944 1758 2973 curam
1781 2930 2011 2973 Venerabili
2033 2930 2186 2979 Fratri,
2201 2929 2297 2972 Bos-

1314 3006 1371 3034 nae
1398 2991 1595 3045 Episcopo
1612 3017 1626 3040 ‚
1651 2991 1690 3031 &
1703 2988 1851 3031 dilecto
1867 2987 1973 3031 Filio
1987 3017 2000 3039 ,
2017 2987 2162 3033 Bafilio
2188 2990 2296 3033 de„

1314 3052 1442 3105 Ayre,
1458 3063 1507 3092 ex
1520 3048 1680 3092 Ordine
1697 3047 2191 3101 Capucinorumsspeetatae
2205 3061 2299 3101 pro-

1317 3108 1451 3154 bitatis
1465 3135 1480 3157 ‚
1505 3122 1550 3150 ac
1566 3105 1786 3162 prudentiae
1806 3105 1914 3146 Viris
1938 3103 2266 3149 demandavimus
2281 3134 2296 3157 ‚

1315 3181 1414 3224 quos
1434 3168 1504 3209 hac
1526 3166 1604 3221 ipsa
1619 3162 1807 3205 det-ausa
1836 3161 2088 3218 Apostolicos
2104 3162 2295 3206 Visitato-

1314 3241 1380 3270 res
1401 3224 1672 3268 constituimus
1686 3249 1699 3271 ‚
1715 3230 1758 3263 ut
1774 3248 1787 3272 ,
1802 3220 1995 3278 quidquid
2019 3222 2058 3265 in
2083 3237 2132 3265 eo
2159 3236 2295 3264 corru-

1313 3295 1446 3341 ptum,
1461 3297 1505 3326 ac
1519 3283 1785 3339 depravatum
1799 3281 2047 3337 repererint,
2063 3280 2296 3333 instaurent,

1313 3355 1433 3399 atque
1459 3341 1692 3387 restituant,
1708 3351 1848 3393 pravas
1870 3340 2176 3386 consuetudines
2203 3341 2293 3384 de)

1315 3400 1448 3447 medio
1474 3399 1652 3449 tollant,
1682 3411 1728 3439 ac
1754 3397 1866 3454 leges
1894 3422 1911 3452 2
1929 3412 2024 3454 quas
2052 3402 2164 3441 renae
2186 3399 2293 3440 illius

1315 3458 1599 3515 gubernationi
1625 3454 1857 3500 neceffarias
1871 3484 1886 3508 ,
1913 3469 2033 3514 atque
2046 3467 2292 3513 opportunas

1314 3519 1401 3566 fore
1418 3514 1731 3561 existimaverint
1743 3541 1757 3564 a
1769 3517 1945 3561 condant
1958 3546 1972 3566 ,
1983 3528 2099 3571 atque
2111 3516 2293 3570 promul-

1313 3588 1408 3634 gent
1422 3604 1434 3618 .
1449 3576 1490 3620 si
1505 3589 1581 3632 qua
1597 3575 1636 3617 in
1651 3588 1695 3620 re
1712 3575 1936 3628 patrocinio
1949 3573 2166 3629 Maiestatis
2183 3575 2291 3625 Tuae,

1315 3636 1376 3679 vel
1393 3646 1552 3679 tuorum
1569 3631 1648 3676 illis
1663 3645 1760 3688 opus
1776 3637 1852 3679 erit
1867 3662 1883 3684 ,
1898 3647 1966 3675 eos
1987 3632 2080 3674 Tibi
2094 3631 2289 3689 majorem

1313 3697 1353 3737 in
1375 3691 1539 3738 modum
1551 3692 1851 3737 commendatos
1880 3689 1958 3734 effe
1981 3691 2160 3747 cupimus
2186 3716 2201 3739 a
2231 3701 2292 3742 ut,

1310 3750 1638 3809 quotiescumque
1673 3751 1863 3793 auxilium
1904 3761 2018 3792 tuum
2050 3749 2293 3805 implorave-

1310 3813 1390 3855 rint
1404 3840 1417 3864 ,
1437 3809 1535 3853 nihil
1549 3809 1570 3852 a
1595 3810 1655 3851 Te
1668 3808 1884 3910 desiderarli
1901 3808 2090 3864 patiaris:
2110 3811 2165 3851 ita
2189 3809 2294 3851 enim

1817 3870 1850 3910 L
2200 3868 2236 3907 in
