2592 4094
378 227 543 335 276
930 242 933 244 “
1119 210 1659 297 Provincia

305 364 398 434 fin?
417 400 433 423 2
460 363 617 414 ‘venitm
639 364 764 411 etiam
788 355 924 426 quoad
938 351 1168 420 Seraphim
1192 353 1499 402 fraternitate}
1527 351 1685 401 charde
1700 351 1841 419 ty‘t'am,
1861 363 1909 398 ut
1923 366 1969 400 ea
1994 351 2220 417 restaurari
2234 353 2361 421 Μ,

316 441 360 484 in
396 439 680 504 aggregatione
707 431 766 477 ad
784 421 1499 493 Archicofiatemitaemrnoflmm
1514 422 1885 490 Afflsttwfiam,
1900 437 2091 488 rogantes
2111 436 2189 487 per
2213 424 2352 475 Dm„

321 507 553 556 AntiHites
571 498 782 563 universos
806 491 1031 542 Catholicae
1063 494 1187 545 Fidei
1215 496 1328 563 apud
1351 509 1514 564 gentem
1541 494 1691 552 illane,
1720 511 1769 542 ne
1790 490 1921 544 vobis
1949 492 2207 541 authoritas,
2231 493 2355 559 fita..

324 576 450 644 defint
471 579 546 624 hac
566 576 611 619 in
641 571 686 615 r‘e
699 601 716 624 ,
744 565 803 613 ad
826 566 943 627 afjus
971 567 1237 616 omnimodum
1262 566 1385 615 robur
1416 583 1464 614 ac
1492 565 1774 614 teHimom‘um
1793 598 1810 623 ,
1826 564 1894 612 his
1922 579 2066 611 manus
2091 563 2146 612 ὑ·
2168 562 2356 632 figillum

322 649 447 715 ffcii
474 643 646 693 libenter
668 635 900 684 addidimus
914 669 927 683 .

459 715 600 763 Rome
620 725 700 768 27.
727 705 897 772 vituli,
923 704 978 753 (θ’
1008 723 1117 755 aymo
1141 705 1324 775 &fidae
1346 721 1474 775 pana
1505 711 1654 770 ¹625·

460 851 554 901 Vix
593 844 824 916 personuit
851 847 1115 896 vocantium
1149 848 1326 898 clamor
1357 841 1374 906 ;
1406 845 1638 916 respondit
1665 848 1770 913 laeta
1801 844 1913 896 echo
1942 847 2163 898 Fratrum
2195 860 2355 903 amor,

324 942 414 991 quo
439 937 522 989 pro
542 917 682 967 salute
703 918 959 965 animarum
984 914 1148 965 incensi
1173 915 1297 966 sacro
1311 921 1436 986 operi
1454 915 1806 986 accingebantur
1824 953 1836 965 .
1853 916 2108 966 Primatum
2135 916 2250 964 inter
2275 914 2358 963 hos

323 1013 376 1042 ex
405 1009 532 1057 aequo
553 1003 673 1037 tenet
702 991 776 1035 Fr.
811 983 1074 1036 Franciscus
1101 989 1395 1056 Nugentiu8‚
1413 993 1509 1053 Jam
1535 1002 1669 1039 tomo
1717 1006 1792 1038 tv.
1819 985 1972 1044 fol.27
1976 1005 2028 1046 9.
2055 998 2355 1042 memoratus,

321 1064 397 1129 qui
420 1063 583 1110 nativae
601 1058 774 1126 generis
805 1055 1032 1106 nobilitati
1062 1073 1152 1105 non
1182 1060 1283 1108 leve
1312 1059 1646 1109 incrementum
1664 1055 1830 1122 adjecit
1853 1075 1910 1106 ex
1925 1059 2129 1114 virtute,
2147 1053 2236 1122 quai
2262 1071 2356 1103 non

324 1131 470 1181 solum
499 1129 724 1179 Miffionis
749 1127 1011 1177 Hibernicae
1028 1124 1326 1178 fundamenta
1352 1127 1533 1196 posuit,
1550 1145 1740 1196 eamque
1767 1127 1990 1198 gubernio
2016 1124 2096 1175 suo
2124 1124 2355 1183 fimtavit,

322 1197 396 1251 sed
424 1203 560 1251 etiam
593 1211 769 1247 exteras
800 1198 1030 1266 Regiones
1065 1196 1385 1249 benefaciendo
1409 1198 1698 1267 pertranfivit
1726 1234 1740 1248 .
1774 1198 2063 1250 Provinciam
2113 1195 2354 1244 Rhenano-

326 1268 645 1324 Coloniensem
663 1304 681 1327 ‚
719 1265 910 1317 feliciter
942 1268 1117 1327 erexit,
1149 1267 1197 1321 ὅ(
1228 1268 1376 1320 adhuc
1402 1271 1577 1320 unitam
1618 1271 1811 1321 viriliter
1837 1269 1977 1318 rexit:
2011 1263 2154 1335 Apud
2177 1261 2358 1335 Insulas

324 1346 372 1394 in
417 1342 576 1410 Belgio
608 1342 653 1390 in
686 1335 965 1407 Lagenienfis
1000 1339 1270 1406 Juventutis
1306 1340 1611 1390 commodum
1640 1339 1911 1409 Collegium
1940 1336 2134 1388 instituit
2163 1356 2175 1386 ε
2228 1337 2349 1386 Tor·

326 1413 426 1462 naci
451 1429 604 1480 preces
629 1427 712 1472 40.
740 1410 958 1458 horarum
987 1407 1231 1470 fundavit3
1268 1414 1430 1462 Romae
1455 1412 1645 1462 Tauleri
1662 1427 1776 1479 opus
1797 1411 1832 1459 ‘a
1857 1407 2025 1460 crifi&
2042 1405 2229 1458 censura
2244 1422 2364 1474 praee

326 1481 544 1534 servavit:
569 1482 774 1532 Coloniae
802 1480 1070 1549 Agrippinae
1095 1481 1300 1532 inclitam
1339 1479 1907 1547 Archiconfraternitatem
1937 1516 1953 1540 ,
1992 1478 2049 1529 de
2080 1497 2170 1547 qua
2199 1490 2360 1526 tomus

337 1573 412 1605 xv.
448 1551 528 1603 fol.
549 1554 664 1600 280.
702 1548 799 1600 fuse
837 1552 934 1619 agit
953 1587 970 1609 ,
1001 1554 1268 1618 promovit,
1305 1553 1355 1607 δι
1382 1552 1495 1602 dum
1519 1554 1678 1603 omnia
1708 1550 1902 1603 Ordinis
1930 1549 2085 1600 officia
2101 1551 2145 1598 in
2171 1547 2362 1598 Provin-

326 1626 405 1672 ciis
430 1623 477 1674 ὅ(
506 1620 824 1673 Conventibus
856 1621 1079 1690 sapienter
1100 1621 1259 1692 geffit,
1278 1624 1465 1693 publico
1489 1622 1611 1672 bono
1639 1622 1807 1681 datus,
1828 1621 1990 1688 ubique
2017 1618 2066 1672 ἃ
2103 1620 2364 1669 animarum

326 1691 516 1742 salutem
535 1729 551 1751 ,
579 1690 628 1743 ὅ(
658 1690 761 1741 fidei
794 1693 1070 1743 incrementa
1096 1692 1328 1759 quaefivit,
1356 1695 1411 1744 ab
1440 1691 1535 1760 ipso
1557 1698 1757 1744 Summo
1779 1690 1998 1743 Pontifice
2021 1691 2166 1742 Paulo
2203 1690 2267 1738 V.
2289 1704 2363 1736 ea-

325 1778 508 1833 propter
534 1763 736 1815 Columen
765 1763 978 1836 Ecclesiae,
1009 1766 1064 1812 (7
1090 1764 1248 1813 Lumen
1274 1764 1534 1814 orthodoxe
1557 1763 1682 1830 Fidei
1708 1775 2024 1830 nuncupatus.
2053 1758 2365 1829 Destinaverat

327 1835 511 1901 quidem
539 1836 578 1883 ei
607 1834 653 1883 in
677 1834 842 1885 laboris
867 1836 1106 1903 praemium
1138 1849 1270 1905 grata
1284 1836 1478 1886 Themis
1508 1829 1970 1902 Archiepiscopatum
2000 1827 2368 1886 Armachanum,

326 1907 469 1960 totius
498 1907 648 1974 Regni
677 1908 1008 1974 Metropolim:
1047 1903 1224 1957 Insulas
1239 1908 1389 1956 noluit
1405 1941 1422 1965 ,
1446 1905 1524 1971 qui
1549 1906 1594 1954 in
1618 1901 1812 1955 Christo
1841 1901 1999 1953 omnia
2015 1899 2175 1951 habuit
2193 1933 2206 1946 .
2242 1897 2332 1948 Die
2347 1930 2366 1972 ⁸.

328 1993 421 2042 quo
457 1976 585 2038 hujus
617 1974 918 2025 ascensionem
945 1976 1002 2025 ad
1035 1979 1197 2027 Coelos
1220 1974 1417 2026 Ecclefia
1432 1976 1612 2033 coluit,
1645 1971 1844 2024 ascendit
1876 1970 1926 2023 δε
1961 1968 2228 2023 Franciscus
2258 1984 2368 2018 cum

328 2064 383 2104 eo
413 2047 682 2112 Carolopoli
709 2063 830 2094 anno
867 2056 1016 2108 1635.
1052 2046 1111 2094 ad
1134 2049 1318 2095 Patrem
1345 2071 1361 2102 ·,
1388 2043 1568 2110 spiritus
1611 2039 1677 2095 sui
1718 2040 1851 2089 testes
1879 2041 2134 2107 relinquens
2178 2036 2370 2104 libros-2

328 2115 377 2166 &
414 2114 577 2180 scripta
597 2147 613 2171 ‚
647 2131 744 2177 quae
772 2109 898 2160 sunt}
2258 2110 2260 2112 ’

489 2249 712 2317 Paradifias
739 2252 1120 2317 contemplationum
1146 2270 1159 2298 ε
1206 2249 1338 2298 Liber
1378 2250 1428 2297 de
1465 2249 1730 2307 meditatione
1761 2282 1777 2305 ,
1821 2253 1876 2297 ΕΒ
1926 2247 2173 2314 consbientiae
2205 2250 2364 2297 exami-

332 2343 410 2381 ne,
446 2326 556 2370 inter
585 2320 759 2368 Fratres
796 2322 1004 2368 Flandriae
1038 2319 1353 2385 tfitatiffi‘mus:
1392 2318 1581 2384 Epitome
1612 2317 1770 2379 Coccey
1800 2317 1850 2365 de
1880 2315 2222 2385 Controvetfiis:
2254 2317 2362 2368 Tra-

332 2395 464 2443 elatus
498 2405 640 2438 contra
693 2388 938 2454 Ministrum
982 2390 1276 2438 Acatbolicum
1324 2409 1337 2436 ε
1394 2388 1611 2457 Equfitio
1635 2389 1762 2454 fiaeper
1806 2386 2042 2454 ‘qulam
2091 2408 2103 2435 z
2154 2385 2366 2438 Sermones

325 2462 501 2529 plurimi
530 2495 546 2516 ,
600 2459 755 2508 Latino
783 2494 798 2516 ,
850 2459 1016 2508 Gallico
1045 2495 1062 2518 ,
1107 2460 1162 2507 &-
1199 2459 1353 2508 Ita-lico
1377 2460 1563 2527 sermone
1601 2460 1821 2526 constripti
1870 2477 1883 2506 ε
1933 2456 2083 2525 Cursits
2137 2455 2297 2509 Theolo
2324 2462 2360 2507 i-

331 2551 400 2581 cus
415 2568 429 2590 ,
466 2531 519 2578 ἴθ’
546 2529 888 2595 Philosbpbicus:
927 2529 1155 2580 Trac‘latus
1187 2530 1234 2580 de
1278 2529 1508 2580 Hibernia:
1547 2529 1772 2598 Refittatio
1808 2528 1998 2596 Epistolae
2034 2522 2225 2595 praefixe*
2249 2478 2361 2578 leffe&

333 2600 595 2670 expofitionis
627 2598 791 2668 Mffe
823 2602 916 2650 &a
2085 2613 2088 2618 ’
2347 2609 2355 2617 ’

471 2740 672 2811 Insignes
690 2742 847 2792 habuit
864 2740 1127 2793 Franciscus
1153 2746 1260 2794 Zeli
1278 2742 1344 2794 sui
1371 2741 1579 2811 pedarios
1613 2739 1662 2793 ὅ(
1700 2739 1928 2799 haeredes,
1954 2742 2031 2808 qui
2051 2739 2195 2800 ,dum
2229 2737 2304 2790 ilre
2323 2741 2369 2790 in

333 2812 491 2882 spiritu
516 2814 710 2862 lenitatis
739 2810 943 2863 frustum
974 2816 1193 2884 collegit,
1227 2815 1384 2884 gladio
1412 2814 1519 2864 Zeli
1552 2826 1771 2870 econtra,
1804 2810 1851 2862 ὅ(
1876 2811 2020 2860 10τίεᾶ
2050 2811 2236 2876 justitiae
2267 2829 2370 2862 mu-

332 2888 414 2935 niti
451 2881 747 2933 ascenderunt
780 2885 827 2932 in
850 2903 1032 2934 arenam
1065 2900 1223 2935 contra
1248 2886 1495 2952 pertinaces
1514 2919 1530 2942 ‚
1566 2882 1783 2952 dignique
1812 2882 1955 2932 habiti
1989 2880 2090 2933 sunt
2106 2898 2191 2951 pro
2218 2883 2363 2933 nomi·

334 2973 388 3004 ne
410 2953 523 3023 Jesu
550 2956 852 3004 contumelias
882 2955 929 3006 ἃ
963 2973 1195 3005 carcerum
1230 2954 1474 3022 squallores
1498 2954 1592 3023 pati
1609 2988 1623 3002 .
1784 2962 1788 2965 ’
2074 2995 2086 2998 .<

477 3029 551 3073 Fr.
578 3030 903 3076 Bonaventura
937 3030 1119 3083 Careu,
1146 3024 1468 3079 Kilchenienfis
1483 3061 1500 3086 ,
1537 3041 1654 3083 anno
1686 3032 1832 3090 1649.
1851 3020 2046 3075 secunda
2065 3025 2167 3075 vice
2186 3038 2367 3092 captus,

341 3094 567 3165 ergastulo
596 3093 683 3145 fuit
707 3095 903 3147 inclusus
919 3133 936 3156 ,
971 3098 1016 3145 in
1038 3114 1130 3163 quo
1161 3099 1263 3146 luce
1298 3094 1430 3146 solari
1452 3097 1686 3165 privatus,
1706 3113 1786 3144 nec
1806 3093 1981 3165 integre
2012 3094 2126 3144 stare
2144 3130 2160 3153 ,
2175 3112 2256 3143 nec
2271 3096 2363 3163 pla·

335 3166 390 3215 ne
421 3164 584 3214 cubare
613 3170 792 3230 potuit.

477 3236 761 3301 Fr·J0annes
783 3238 973 3289 Verdon
988 3274 1003 3297 ‚
1020 3236 1300 3293 Ultonieniis
1317 3237 1488 3295 ,laicus
1504 3273 1519 3295 ,
1534 3234 1738 3286 evaserat
1763 3235 1949 3302 quidem
1982 3233 2182 3303 pericula
2210 3230 2360 3299 pestis,

342 3323 430 3372 qua
462 3307 650 3355 durante
678 3304 848 3358 infectis
875 3329 1011 3378 opem
1036 3311 1166 3359 tulit:
1207 3310 1376 3359 rabiem
1411 3309 1726 3357 haereticorum
1756 3308 1901 3354 vitare
1936 3322 2027 3353 non
2062 3304 2216 3372 potuit
2250 3323 2261 3351 ε
2300 3304 2365 3352 in·

336 3390 404 3425 ter
437 3376 620 3426 vincula
650 3376 784 3427 latam
814 3380 869 3429 ab
912 3382 979 3430 his
1006 3383 1168 3430 mortis
1209 3380 1470 3431 sententiam
1508 3376 1758 3447 gaudenter
1794 3377 1839 3423 in
1869 3371 1946 3424 sua
1977 3393 2088 3424 cana
2123 3386 2251 3423 aetate
2289 3392 2365 3423 au-

338 3448 492 3505 divit,
529 3445 576 3496 6(
605 3449 680 3495 vix
706 3467 793 3498 non
819 3455 950 3520 lytro
986 3453 1239 3502 Catholicae
1274 3449 1503 3502 charitatis
1540 3449 1853 3497 executionem
1892 3447 2014 3496 illius
2058 3443 2367 3514 impeditam-a

338 3516 463 3570 fuiffe
491 3516 608 3587 aegre
635 3521 767 3570 tulit.

481 3592 636 3639 Socius
654 3592 728 3639 ille
748 3590 833 3642 fuit
850 3595 1072 3647 Miffionis
1091 3598 1166 3644 Fr.
1181 3598 1214 3645 F
1222 3593 1345 3642 icarii
1365 3591 1538 3649 Tobin,
1555 3587 1668 3640 ficut
1683 3588 1731 3641 ὅ(
1749 3585 1976 3656 paffionis,
1993 3605 2100 3637 nam
2118 3585 2361 3654 compedes

343 3657 388 3707 ὅ(
410 3662 475 3709 illi
501 3658 628 3710 fuere
657 3662 806 3726 injec'ti
835 3662 1016 3734 saepius,
1043 3670 1150 3735 quin
1182 3681 1333 3716 tamen
1362 3663 1616 3713 lnbertatem
1644 3656 1825 3728 spiritus
1851 3660 2118 3727 Evangelici
2145 3656 2362 3727 stringere

339 3733 567 3795 potuerint
602 3769 613 3779 .
652 3736 994 3786 Condemnatus
1019 3740 1077 3789 ad
1105 3755 1338 3789 carcerum
1372 3735 1573 3785 tenebras
1605 3770 1621 3793 ,
1657 3735 1805 3782 lucem
1846 3731 2051 3780 veritatis
2086 3731 2133 3778 in
2181 3727 2361 3786 socios.

341 3797 393 3850 ἃ
423 3799 554 3848 rudes
580 3801 811 3871 dispersu:
840 3812 973 3858 Mors
1004 3810 1117 3863 dum
1147 3806 1311 3859 iterato
1338 3808 1383 3856 in
1411 3806 1599 3857 exilium
1635 3817 1812 3856 mutata
1839 3800 1928 3860 est,
1956 3797 2120 3853 manfit
2154 3796 2359 3874 constans

2219 3877 2312 3910 vnae
