2592 4094
991 230 1477 348 Alsatiae‘.

494 377 946 424 DECRETO

228 475 364 544 ’διώ
375 495 713 566 congregationis
739 495 792 542 de
807 493 1090 562 'Propaganda
1107 491 1217 555 Fide.

394 567 550 618 habite
565 563 877 633 300‘Jaenwt‘s‘
896 571 1045 622 1626.

229 686 454 748 Executio
472 689 701 743 Misfionis
715 688 743 737 ὲ
761 684 997 737 Fratribus
1011 685 1057 735 in
1075 683 1210 741 Urbe

295 762 554 814 Colmariae
595 756 875 814 instituenda
909 760 960 807 Ρ.
989 758 1209 807 Procura-

294 832 391 885 tori
408 835 483 884 Ge
491 830 632 882 nerali
654 827 968 891 committitur
981 862 996 878 .

314 962 420 1004 Aera
454 956 735 1012 Congregatio
747 954 905 998 censuit
924 954 1210 999 executionem

326 1014 515 1061 Miffionis
530 1013 833 1070 Capucinorum
865 1012 904 1053 in
920 1014 1078 1059 Urbem
1102 1014 1209 1058 Col-

222 1077 355 1121 mariae
375 1075 552 1118 decretae
567 1069 931 1124 ‚committendam
953 1070 1029 1116 effe
1054 1075 1210 1117 procu-

210 1134 350 1179 ‘ratori
365 1132 563 1177 Generali
577 1129 671 1188 ,qui
690 1142 768 1184 pro
789 1127 854 1171 sua
873 1130 1088 1184 prudentia
1101 1133 1206 1176 Prae-

223 1191 373 1237 fectum
396 1191 532 1240 illius,
557 1203 650 1234 cum
671 1185 881 1231 sufficienti
910 1202 1079 1233 numero
1104 1191 1204 1232 Fra-

222 1262 359 1303 trum,
387 1249 437 1294 ad
464 1248 655 1292 Miffionis
684 1259 826 1288 munus
857 1247 1087 1291 obeundum
1118 1247 1203 1291 ido.

221 1324 422 1361 neotum,
437 1308 683 1358 constituat3
704 1314 927 1361 notamque
957 1308 1202 1351 nominum-1

220 1368 387 1413 illorum
402 1365 636 1411 Secretario
653 1362 722 1406 suo
737 1364 826 1407 trad
835 1373 870 1404 it
887 1393 902 1416 ‚
917 1364 1027 1419 juxta
1047 1368 1204 1416 Decree

223 1436 266 1470 ta
280 1426 378 1471 aliis
389 1425 498 1470 edita
514 1424 583 1468 sub
593 1421 668 1466 fel.
679 1435 762 1465 rce-
777 1425 985 1480 Gregorio
1001 1426 1098 1469 XV.

430 1572 573 1629 Card.
588 1571 859 1626 Ludovifius
876 1570 1143 1624 Praefectus.

284 1742 531 1800 Autograeph.
557 1743 601 1785 in
631 1739 802 1786 Archivo
819 1742 963 1783 secret.
979 1742 1092 1782 sacr.
1111 1743 1212 1783 Con-

331 1801 575 1858 gregationis
583 1795 785 1855 μνιᾰίἒίσ
797 1821 812 1837 .

458 1958 962 1996 ἕᾱ-ι-ι-η

351 2115 684 2163 RESCRIPTO
711 2109 1056 2156 PONTIFICIO
1069 2136 1084 2149 .

226 2232 463 2292 Fratribus
508 2232 600 2282 loci
635 2227 882 2281 Vinbachii
914 2223 1210 2281 confeffioncs

293 2303 575 2358 Monialium
626 2300 820 2350 Ordinis
854 2297 1026 2346 SanEtae
1056 2298 1209 2347 Clarae

297 2378 345 2426 in
374 2370 576 2440 Alspach
601 2366 854 2439 excipiendi
878 2365 1072 2419 facultas
1106 2384 1210 2417 con-

299 2442 477 2496 ceditur
499 2476 515 2492 .

511 2567 754 2637 Beatffme
776 2566 906 2618 Pater
919 2601 934 2617 .

348 2701 428 2744 Um
443 2697 619 2741 humiles
631 2696 855 2744 oratrices,
866 2694 905 2735 &
919 2689 1118 2735 Moniales
1131 2691 1210 2734 Or-

361 2757 465 2800 dinis
479 2758 626 2799 Sanetae
641 2755 790 2804 Clarae,
815 2750 1045 2793 Monasterii
1073 2749 1213 2803 Alspa-

224 2820 348 2858 centis
362 2844 378 2865 ,
394 2813 591 2856 nioecefis
606 2809 836 2859 Bafileenfis
856 2837 871 2860 ‚
896 2807 1094 2851 bellorum
1113 2808 1212 2863 iniu-

228 2875 289 2916 ria
310 2886 362 2916 ex
386 2871 559 2926 propriis
595 2884 736 2912 earum
771 2865 1022 2911 Monasteriis
1052 2862 1208 2909 fuissent

226 2928 396 2987 expulsae
411 2958 426 2981 ‚
450 2930 491 2971 δι
519 2930 653 2973 Mater
669 2923 872 2972 Abbatiffa
887 2939 980 2971 cum
1007 2923 1207 2983 aliquibus

228 2990 444 3035 Sororibus
463 2989 692 3031 Lucernam
704 2987 746 3030 in
762 2983 954 3033 Helvetia
976 2981 1177 3030 seceffiffet
1192 3012 1207 3035 ‚

226 3062 278 3090 ex
298 3045 524 3103 hujusmodi
540 3045 763 3089 infortunio
789 3045 1062 3094 Documenta,
1075 3043 1116 3084 δι
1131 3043 1209 3098 pri.

229 3105 380 3160 vilegia
394 3103 625 3147 Monnsterii
641 3103 806 3147 fuerunt
820 3101 1004 3143 distre-sta
1020 3129 1034 3151 ‚
1048 3102 1086 3148 ὃς
1099 3102 1206 3143 dire-

235 3173 334 3222 pta,
360 3177 407 3207 ac
429 3163 644 3210 Oratrices
654 3159 851 3219 spirituali
873 3158 1209 3206 consolatione-2

229 3224 311 3267 PP.
327 3221 548 3278 Capucinis
562 3250 577 3273 ‚
597 3222 664 3277 qui
679 3221 718 3264 in
738 3219 820 3262 illis
835 3218 1012 3273 partibus
1025 3232 1077 3262 ex
1092 3221 1208 3260 Sum-

228 3293 386 3346 morum
402 3278 648 3322 Pontificum
662 3305 686 3326 ‚s
704 3279 745 3320 δι
772 3276 931 3320 suornm
949 3277 1210 3333 superiorum

229 3335 1210 3450 &gffi‘ssir‘i'iissss’xffissifssffi‘ssssssissssrfffssssssfflssi

230 3451 406 3496 existunt
421 3480 432 3492 .
454 3454 717 3511 Qapropter
740 3452 950 3499 Sanctitati
965 3453 1112 3496 Vestrae
1137 3452 1211 3493 bu-

235 3511 390 3554 militer
402 3512 607 3565 prostratae
620 3507 842 3564 supplicant
856 3536 871 3559 2
902 3518 946 3553 ut
960 3523 1097 3551 amore
1112 3509 1214 3550 salu-

237 3570 289 3612 tis
310 3569 532 3610 animarum
554 3581 620 3610 eas
646 3565 962 3622 solatidignetur
975 3597 990 3619 ,
1007 3566 1213 3622 gratiam-⁴

236 3630 289 3672 ab
319 3623 647 3671 Antecess'oribus
671 3625 842 3669 Summis
870 3625 1133 3669 Pontificibus
1165 3625 1211 3665 iis

234 3686 317 3744 jam
353 3683 450 3727 alias
478 3682 650 3738 benigne
687 3681 908 3727 conceflam
949 3682 1183 3729 renovando
1196 3711 1208 3724 .

235 3747 371 3805 Qam
395 3742 503 3787 Deus
525 3744 606 3784 διε.

2018 265 2178 349 231

1343 424 1420 486 Ex
1448 424 1683 476 Audienda
1708 420 1965 490 SaenHiffi'm'
2007 441 2087 471 ιι.
2105 425 2180 469 Se·
2243 441 2246 444 >

1577 490 1779 558 ptembris
1804 497 1867 540 16
1867 505 1898 553 4
1904 505 1952 554 5.

1388 606 1647 664 sanbffiffi'mus
1661 611 1818 661 annuit,
1828 622 1904 651 non
1917 605 2151 664 obstantibus
2163 615 2249 649 cond

1273 664 1418 708 trariis
1434 665 2015 724 quibtesc'umque2sbffopr1‘m
2029 665 2144 710 verbo
2163 679 2250 710 cum

1272 725 1315 766 Ρ.
1335 726 1594 768 Procuratore
1606 727 1793 768 Generals'
1823 727 2111 782 Capacinorum
2123 753 2138 767 .

1769 845 1825 891 B.
1835 843 1979 894 Card.
1997 840 2151 914 Spada
2166 875 2180 892 .

1270 956 1516 1013 Autegraph.
1545 958 1588 999 In
1606 956 1772 1000 Arcvao
1788 961 1974 1005 Generali
1994 956 2151 1004 ordinis
2166 960 2250 1004 Ar·

1326 1020 1454 1059 mario
1468 1016 1680 1060 Provincia
1694 1016 1859 1060 Alsatiae
1873 1047 1886 1060 .

1265 1252 1557 1306 Provinciam
1588 1251 1702 1319 erigi
1740 1259 1756 1310 3
1784 1250 1834 1302 ἃ
1858 1252 2170 1320 prerogativis
2203 1258 2251 1299 ai

1337 1324 1505 1372 liarum
1532 1323 1883 1373 Provinciarum
1900 1322 2101 1392 gaudere
2115 1318 2248 1372 debe-

1341 1408 1392 1443 re
1420 1391 1627 1443 decernit
1650 1426 1666 1442 .

1274 1532 1810 1588 BENEDICTUS
1846 1532 2031 1581 PAPA
2067 1530 2256 1581 XIII.

1434 1659 1506 1705 Ad
1511 1668 1749 1719 perpetuam
1763 1659 1827 1702 rei
1841 1658 2067 1701 memoriam
2077 1683 2091 1700 .

1370 1775 1563 1817 Astoralis
1575 1775 1700 1816 officii
1716 1803 1732 1826 ,
1756 1787 1838 1830 quo
1865 1773 2090 1818 Catholicae
2111 1772 2264 1816 Eccle-'-

1385 1833 1445 1873 srae
1461 1845 1533 1885 per
1560 1833 1791 1876 universum
1819 1834 2042 1877 Terrarum
2067 1831 2257 1874 Orbem,

1271 1886 1418 1931 diffusae
1429 1890 1616 1945 regimini
1640 1887 1780 1931 divina
1795 1887 2053 1944 dispofitione
2077 1888 2263 1943 praefide-

1273 1959 1363 1991 mus
1379 1976 1396 1998 ‚
1425 1945 1659 1995 sollicitudo
1691 1951 1777 1989 Nos
1798 1946 2016 1998 admonet,
2036 1955 2082 1989 ut
2108 1946 2220 1990 felici
2240 1972 2255 1995 ‚

1275 2003 1547 2060 prosperoque
1572 2005 1874 2060 Religiosorum
1890 2006 2085 2048 Virorum
2110 2003 2259 2049 divinis

1274 2059 1471 2113 obsequiis
1496 2062 1567 2108 sub
1581 2063 1807 2104 austerioris
1822 2062 1912 2103 vitae
1923 2063 2134 2116 disciplina
2146 2076 2261 2105 man-

1273 2116 1499 2169 cipatorum
1512 2141 1527 2164 2
1555 2116 1743 2172 suavique
1758 2117 1910 2159 Christi
1946 2119 2074 2160 odore
2087 2119 2140 2160 de
2155 2120 2261 2161 bona

1273 2173 1591 2219 conversatione
1608 2174 1876 2231 fragrantium
1890 2175 2005 2219 statui
2017 2203 2030 2227 ‚
2048 2177 2252 2233 regimini,

1270 2234 1313 2277 &·
1332 2230 1552 2288 progressui
1567 2262 1584 2283 ,
1597 2233 1804 2276 interdum
1840 2233 1963 2276 etiam
1977 2248 2050 2290 per
2063 2248 2262 2278 novarum

1271 2290 1576 2336 Provinciarum
1594 2292 1888 2334 institutionem
1903 2319 1918 2341 ‚
1940 2292 2165 2347 providere
2180 2293 2260 2336 stu-

1272 2348 1464 2395 deamus,
1479 2347 1577 2388 ficut
1603 2348 1828 2394 sublimium
1844 2349 2080 2404 Principum
2103 2352 2156 2393 de
2182 2353 2263 2395 Ec-

1273 2406 1392 2447 clefia
1411 2406 1487 2447 Dei
1502 2404 1656 2457 optime
1672 2407 1911 2448 meritorum
1932 2416 2028 2447 vota
2043 2407 2260 2460 postulant,

1272 2477 1319 2506 ac
1340 2475 1478 2504 rerum
1497 2472 1726 2519 temporum
1742 2489 1756 2511 ‚
1771 2462 1955 2504 locorum
1971 2489 1985 2512 ,
2012 2464 2049 2504 &
2064 2465 2256 2517 persona-

1271 2535 1364 2565 rum
1390 2521 1657 2577 qualitatibus
1674 2518 1828 2562 mature
1844 2519 2042 2574 perpenfis
2056 2521 2106 2564 ad
2121 2522 2261 2564 omni..

1271 2581 1450 2636 potentis
1480 2579 1556 2620 Dei
1582 2579 1753 2634 gloriam
1769 2605 1783 2628 ,
1802 2578 1840 2617 &
1859 2577 2085 2632 Religionis
2118 2582 2254 2622 incre.

1271 2647 1480 2688 mentum,
1506 2646 1631 2692 atque
1659 2636 1883 2683 animarum
1905 2635 2074 2679 salutem
2086 2637 2250 2693 expedi·

1273 2710 1316 2742 re
1331 2696 1370 2738 in
1388 2695 1563 2742 Domino
1577 2695 1819 2738 arbitramur
1834 2723 1846 2736 .

1388 2754 1567 2797 Nomine
1581 2754 1774 2809 fiquidem
1788 2751 2011 2795 Charissimi
2028 2754 2069 2796 in
2084 2752 2252 2796 Christo

1272 2810 1364 2857 Filii
1402 2811 1528 2853 nostri
1568 2812 1767 2861 Ludovici
1789 2840 1804 2863 ,
1845 2813 2093 2854 Francorum
2127 2811 2254 2865 Regis

1271 2870 1587 2918 Christianiffimi
1600 2899 1612 2921 ,
1632 2871 1760 2914 Nobis
1777 2883 1905 2924 nuper
1921 2870 2148 2924 expolitum
2161 2868 2252 2918 fuit,

1267 2928 1489 2985 quod‚cum
1514 2929 1724 2975 Provincia
1742 2928 1959 2976 Helvetica
1975 2927 2137 2970 Ordinis
2157 2930 2251 2970 Fra-

1268 2998 1380 3030 trum
1405 2986 1607 3031 Minorum
1635 2987 1764 3030 Saneti
1796 2984 1989 3027 Francisci
2016 2985 2248 3040 Capucino-

1268 3059 1361 3088 rum
1387 3056 1731 3101 nuncupatorum,
1760 3056 1846 3099 quae
1870 3044 2152 3087 Conventibus
2170 3043 2246 3086 iri-J

1269 3104 1386 3146 variis
1399 3105 1633 3146 Ditionibus
1655 3103 1737 3144 fitis
1758 3101 1963 3145 constabat
1980 3129 1998 3152 ,
2023 3102 2130 3143 inter
2146 3101 2245 3143 alios

1267 3164 1505 3207 Conventus
1535 3159 1782 3215 hujusmodi,
1806 3161 1927 3202 etiam
1953 3158 2044 3205 illos
2063 3160 2247 3215 comple-

1269 3224 1474 3274 &eretur-2
1495 3221 1564 3275 qui
1590 3219 1627 3260 in
1643 3216 1796 3260 Alsatia
1816 3217 2000 3260 dominio
2028 3216 2245 3273 ejusdem,

1270 3278 1468 3325 Ludovici
1488 3278 1607 3332 Regis
1620 3275 1936 3320 Christianiffimi
1953 3275 2124 3326 subsunt,
2139 3275 2247 3317 mul-

1269 3337 1505 3391 tipliciaque
1518 3336 1773 3381 incommoda
1785 3363 1799 3386 ‚
1813 3349 1860 3377 ac
1885 3335 2131 3380 detrimenta
2144 3348 2246 3388 prae-

1270 3394 1361 3442 fatis
1387 3393 1671 3435 conventibus
1687 3389 1871 3439 Alc-ma,
1886 3404 2112 3448 eorumque
2142 3396 2242 3435 Fra-

1271 3453 1398 3496 tribus
1411 3451 1506 3493 inde
1522 3458 1702 3492 emanata
1718 3445 1874 3492 fuiffent
1887 3478 1902 3501 ,
1927 3465 1973 3492 ac
1997 3449 2167 3503 proinde
2182 3448 2245 3489 di·

1271 3513 1323 3554 &i
1352 3513 1526 3559 Fratres,
1543 3506 1790 3549 Diffinitorio
1817 3508 1994 3562 Capituli
2025 3506 2240 3549 Generalis

1272 3568 1392 3625 ipsius
1405 3567 1568 3611 Ordinis
1581 3567 1621 3607 in
1638 3565 1740 3606 alma
1761 3567 1870 3608 Urbe
1883 3563 2012 3607 nostra
2036 3563 2242 3606 noviffime

1270 3627 1466 3671 celebrati
1491 3622 1772 3679 exposuissent,
1790 3623 1942 3665 nullum
1962 3622 2070 3664 aliud
2100 3621 2236 3666 effica-

1268 3686 1354 3727 cius
1369 3682 1591 3739 hujusmodi
1605 3682 1758 3728 damnis
1772 3678 1982 3725 sarciendis
1997 3711 2012 3731 ,
2039 3680 2241 3737 aliisque)

1275 3742 1518 3798 inposterum
1543 3740 1770 3783 avertendis
1806 3739 2024 3781 remedium
2057 3736 2239 3795 suppete-

1273 3816 1318 3843 re
1332 3831 1346 3853 ,
1367 3803 1483 3860 quau]
1498 3798 1606 3857 quod
1632 3797 1804 3856 praediffi
1829 3811 1970 3842 eorum
1997 3800 2237 3843 Conventus
