2756 4074
393 163 531 245 xiv
841 147 1341 239 ELEN

336 307 382 353 in
400 304 504 350 loco
523 297 711 354 Sirenen
729 330 745 355 ,
761 297 838 346 vel
855 294 1083 347 Gerondae
1101 292 1335 344 Fratribus

334 369 497 422 nostris
514 387 623 419 cum
643 367 856 418 omnibus
873 370 1057 418 annexis
1080 363 1335 435 consignari

338 441 626 493 committit.
669 439 826 490 Paulus
855 437 910 487 V.
1237 451 1331 496 140

408 510 741 562 Fr.Didacum
775 509 801 557 ὲ
829 510 1033 559 Civitate
1061 505 1183 556 nova
1215 504 1336 574 Regi

338 580 722 636 christianiffimo
755 597 837 647 pro
868 579 1130 628 executione
1162 576 1338 646 negotii

336 657 388 705 in
409 655 614 706 Civitate
632 647 917 702 Gebennenfi
943 647 1186 717 peragendi
1211 665 1337 697 com-

339 724 553 776 mendat.
597 722 800 775 Urbanus
822 715 952 768 VIII.
1237 736 1328 781 141

412 791 727 862 Commendat
739 787 948 839 Eundem
965 805 1050 857 pro
1066 788 1231 840 eodem
1249 787 1337 839 fine

341 859 946 935 ReginaeChristianiffimae
972 895 986 910 .
1027 858 1174 923 Idem,
1211 880 1335 911 cum...

341 956 438 989 nota
454 974 467 986 .
595 940 605 1002 ζ
1238 949 1330 995 141

413 1011 615 1058 Decreto
630 1009 734 1059 Sac.
754 1005 1140 1076 congregationis
1158 1001 1338 1071 Episc.;

341 1079 391 1132 ὅ(
416 1079 590 1148 Regul.
619 1082 677 1127 In
706 1078 810 1127 loco
843 1081 890 1127 S.
912 1076 1122 1126 Mauritii
1148 1110 1163 1133 ,
1200 1071 1339 1124 fabri·

346 1168 447 1200 cam
479 1148 656 1200 Domfis
686 1149 952 1206 terminari,
990 1146 1234 1198 &Fratres
1261 1143 1346 1195 sal-

343 1236 438 1272 tem
455 1219 530 1270 sex
552 1222 596 1269 in
611 1220 659 1270 esi
675 1220 846 1269 morari
861 1218 1129 1287 indulgetur
1144 1253 1159 1267 .
1245 1235 1338 1280 142

414 1297 616 1342 Decreto
651 1288 849 1354 ejusdem
886 1294 1032 1341 Sacrae
1077 1293 1342 1359 Congrega·

347 1364 483 1413 tionis
501 1399 516 1422 ,
555 1367 612 1412 In
645 1366 802 1412 Domo
829 1361 1050 1431 Regulari
1080 1359 1341 1410 Castilionis

343 1435 452 1484 οξὶο
481 1434 722 1484 dumtaxat
741 1433 1219 1497 Fratresbcommorari
1237 1448 1343 1480 con-

344 1505 552 1555 ceditur.
1245 1520 1338 1565 142

414 1580 620 1626 Decreto
656 1573 858 1639 ejusdem
897 1578 1044 1625 Sacrae
1070 1577 1343 1644 Congrega·

345 1647 485 1697 tionis
504 1682 519 1707 ,
558 1651 614 1696 In
631 1649 735 1696 loco
752 1647 985 1714 Morgiaci
1004 1663 1220 1697 numerus
1241 1651 1345 1696 Fra-

343 1732 472 1768 trum
524 1718 888 1769 cohabitantium
941 1717 999 1769 ad
1055 1717 1131 1768 sex
1177 1720 1345 1767 limita-

344 1802 448 1837 tur.

414 1859 602 1905 Litteris
626 1859 932 1921 Apostolicis‚
967 1862 1114 1904 Zelus
1129 1807 1348 1904 Fratriiiitizr

345 1926 745 1977 Miffionariorum
781 1927 824 1972 in
857 1926 1112 1990 gratiarum
1138 1925 1348 1973 afflone-2

346 1994 700 2045 commendatur
715 2023 732 2046 ,
767 1990 816 2038 <Sc
832 1991 954 2037 illius
970 1991 1257 2038 continuatio
1285 1991 1348 2036 in-

349 2067 559 2115 culcatur
578 2097 590 2109 .
1252 2075 1311 2121 14
1319 2077 1343 2121 3

417 2141 616 2185 Decreto
635 2133 738 2180 Sac.
751 2132 944 2198 Congre
951 2130 1150 2200 gationis
1169 2128 1318 2198 Episc.
1331 2165 1348 2190 ‚

347 2205 399 2257 ὅ(
420 2206 591 2272 Regul.
612 2203 777 2259 Fratri,
790 2202 1351 2270 temporeJubilaei,C0n-

350 2274 527 2325 feffario
543 2274 756 2324 Saeculari
771 2271 1017 2322 confitendi
1044 2270 1260 2322 facultate
1281 2274 1350 2322 uti

348 2349 376 2396 ὲ
398 2352 529 2397 Patre
545 2345 834 2395 Provinciale
866 2343 1090 2411 impedito
1120 2379 1136 2401 ,
1167 2361 1345 2394 novum

349 2418 594 2468 Indultum
627 2414 815 2464 concedi
844 2451 859 2472 ,
896 2415 947 2477 in*
971 2417 1346 2466 Provincialem„

348 2491 513 2539 acriter
544 2502 787 2554 eapropter
814 2486 1155 2544 animadverti,
1190 2505 1241 2535 ac
1270 2492 1349 2538 Pa-

347 2575 468 2610 trem
489 2563 838 2607 Procuratorem
856 2557 1064 2615 moneri,
1105 2556 1320 2609 statuitur
1334 2595 1351 2619 ,

351 2629 570 2680 sententia
600 2632 702 2678 Sac.
722 2630 1110 2699 congregationis
1137 2630 1164 2678 a
1190 2633 1351 2698 Papa„

350 2704 480 2771 plene
501 2698 749 2769 approbat&
771 2735 784 2748 .
1253 2720 1345 2765 143

399 2843 746 2935 PRoVINCI
761 2847 805 2894 A
829 2845 1269 2901 BURGUNDIAE
1287 2883 1299 2896 .

423 2987 587 3033 Altare
618 2988 821 3052 Capellae
848 2990 896 3038 S.
914 2989 1181 3056 Margaritae
1202 2990 1246 3037 in
1268 2992 1350 3038 Ec·

355 3051 487 3103 clefia
520 3053 701 3104 Domfis
734 3059 949 3106 Fratrum
981 3061 1110 3110 Dolae
1139 3060 1183 3106 in
1197 3076 1354 3128 perpe·

354 3139 489 3175 tuum
506 3125 773 3194 privilegiat
792 3162 804 3175 .
843 3126 1031 3176 Clemens
1059 3127 1195 3179 VIII.
1255 3138 1355 3192 146

425 3199 654 3263 Legatum
670 3197 873 3246 duorum
889 3199 1086 3250 millium
1097 3200 1351 3258 scutorum,

353 3265 585 3315 Domibus
620 3265 834 3321 Salinenfi
861 3302 878 3325 ‚
914 3266 962 3319 <St
997 3270 1302 3323 Fontisalienfi
1326 3273 1353 3320 a

353 3337 516 3386 Nobili
547 3337 750 3388 Claudio
772 3342 924 3388 Lunet
962 3341 1171 3392 relictum
1202 3344 1355 3397 remit*

354 3409 443 3466 tit,
480 3405 701 3458 &debito
724 3414 860 3472 juxta
891 3413 951 3459 R.
966 3414 1016 3460 P.
1035 3413 1231 3464 Ministri
1261 3417 1354 3464 Ge-

358 3479 524 3528 neralis
541 3476 760 3530 assensum
772 3516 788 3539 ,
825 3480 1051 3532 solutione
1067 3486 1193 3535 mille
1210 3484 1354 3535 scuto·

358 3565 468 3597 rum
495 3547 745 3609 duntaxat,
785 3549 1067 3604 satisfactum
1094 3554 1177 3606 esse
1203 3556 1352 3607 decla-

362 3631 432 3667 rat
452 3654 464 3667 .
497 3622 700 3671 Urbanus
727 3620 863 3673 VIII.
1254 3636 1352 3691 146

432 3691 608 3739 Fratres
643 3696 687 3743 in
713 3708 844 3745 aetate
864 3695 1068 3765 legitima
1084 3696 1350 3749 constitutos

361 3756 632 3811 durantibus
663 3766 877 3835 contagio
895 3801 912 3826 ,
943 3766 992 3819 ὃς
1017 3767 1138 3818 bello
1168 3787 1247 3839 per
1276 3789 1350 3821 an-

1387 147 1906 238 GHvS.

1395 311 1506 343 num
1521 292 1578 342 ad
1592 297 1754 342 Sacros
1769 289 1970 342 Ordines
1982 306 2107 342 extra
2119 306 2384 363 tempora-2,

1395 364 1444 416 ὅ(
1460 382 1552 413 non
1571 362 1756 413 servatis
1774 360 2019 413 interstitiis
2037 366 2300 430 promoveri
2317 366 2384 413 in-

1395 438 1558 506 dulget
1575 472 1587 485 .
1624 434 1739 485 Idem
1759 471 1773 484 .
2291 451 2386 497 147

1468 506 1667 576 Epistola
1689 510 1786 557 Sac.
1805 505 2191 574 Congregationis
2209 503 2357 573 Episc.
2369 539 2388 564 ,

1400 578 1450 629 <St
1472 580 1641 647 Regul.
1664 576 1852 628 Fabrica
1884 573 2150 628 Monasterii
2179 578 2224 626 in
2242 578 2396 628 Terra

1398 655 1449 702 8.
1471 649 1658 700 Claudii
1673 649 1700 698 ὲ
1718 651 1826 699 RR.
1840 650 1930 698 ΡΡ.
1952 645 2277 698 Carmelitanis
2311 648 2395 697 Di-

1398 720 1627 771 scalceatis
1660 717 1843 788 quaefita
1873 754 1890 778 ,
1933 718 1995 768 ob
2025 715 2183 767 nostrae
2210 715 2391 767 Domfis

1397 792 1568 843 ibidem
1587 790 1904 860 praejudicium
1922 788 2152 843 inhibetur
2168 823 2181 836 .
2295 805 2390 850 147

1470 868 1669 914 Decreto
1684 867 1786 913 Sac.
1803 860 2192 930 congregationis
2211 856 2360 926 Episc.
2374 892 2392 917 ,

1396 935 1447 988 ὅ(
1462 930 1870 1004 Regul.Fratribus
1884 931 2163 981 Monialium
2179 932 2226 979 S.
2242 930 2392 979 Clarae

1400 1008 1619 1059 Civitatis
1637 1002 1877 1067 Bisuntinae
1887 998 2179 1054 Confeffariis
2195 997 2390 1049 facultas

1399 1095 1558 1130 earum
1575 1073 1822 1126 claustrum
1838 1075 1882 1124 in
1901 1071 2006 1123 casu
2023 1069 2303 1122 infirmitatis
2331 1072 2397 1119 in-

1401 1147 1638 1222 grediendi
1657 1146 1967 1197 committitur
1980 1180 1996 1203 ,
2033 1161 2120 1193 cum
2133 1157 2230 1191 nota
2243 1178 2255 1191 .
2299 1144 2397 1205 148

1479 1219 1743 1272 Provincias
1768 1217 1826 1268 ad
1853 1214 2080 1266 instantias
2096 1217 2239 1283 Regis
2260 1214 2401 1264 Chri-

1403 1290 1653 1342 stianiffimi
1684 1289 1934 1341 Provinciae
1953 1282 2248 1355 Lugdunenfi
2280 1284 2402 1333 uniri

1403 1362 1590 1414 mandat
1606 1398 1619 1412 .
1656 1359 1916 1418 Innecentius
1935 1356 2032 1410 XI.
2299 1372 2398 1417 149

1475 1429 1720 1485 Abbatiffae
1737 1467 1754 1491 ,
1789 1430 1839 1483 ἃ
1867 1427 2152 1481 Monialibus
2174 1424 2399 1496 praeditstis

1404 1513 1455 1560 8.
1469 1508 1619 1557 Clarae
1638 1540 1654 1564 ,
1690 1502 1773 1553 sub
1789 1501 2044 1553 direfflone
2058 1498 2279 1568 spirituali
2294 1501 2398 1547 Fra-

1404 1596 1531 1630 trum
1549 1574 1837 1628 existentibus
1850 1609 1866 1632 ,
1887 1571 2223 1640 indulgentias,
2240 1566 2288 1618 ὃ(
2300 1581 2405 1637 gra-

1406 1655 1491 1701 tias
1523 1648 1778 1718 spirituales
1799 1682 1814 1705 ,
1849 1644 2131 1695 Monialibus
2147 1640 2405 1708 Capucinis

1406 1725 1514 1773 alias
1546 1715 1769 1769 concess‘as
1784 1752 1800 1776 ‚
1838 1714 2152 1767 communicat
2167 1746 2180 1760 .
2219 1709 2407 1761 Clemens

1408 1791 1532 1844 XII.
1554 1827 1570 1848 ‚
1606 1808 1694 1838 cum
1713 1803 1809 1836 nota
1826 1823 1839 1837 .
2312 1799 2410 1845 149

1480 1859 1724 1921 Rescripto
1742 1856 1895 1920 Papali
1916 1885 1931 1907 ,
1968 1855 2270 1921 Privilegium
2282 1886 2299 1908 ,
2324 1854 2411 1902 Al-

1409 1929 1496 1977 tari
1519 1926 1662 1986 Mjori
1681 1923 1791 1972 alias
1805 1938 2033 1971 annexum
2045 1956 2063 1976 ,
2097 1923 2156 1969 ad
2171 1921 2336 1970 Altare
2353 1924 2409 1970 B.

1410 1998 1472 2042 V.
1492 1993 1655 2040 Mariae
1681 1991 1727 2036 in
1745 1986 1946 2037 Ecclesia
1973 1990 2190 2046 Fratrum
2218 1989 2406 2052 Grajaci

1407 2058 1680 2113 transfertur
1697 2092 1714 2116 ‚
1751 2077 1840 2107 cum
1857 2071 1954 2107 nota
1974 2092 1987 2106 .
2047 2096 2049 2098 .
2311 2077 2368 2123 15
2381 2078 2401 2109 1

1471 2203 1867 2256 PROVINCIA
1899 2203 1949 2251 8.
1969 2199 2323 2255 LUDOVICI
2343 2238 2354 2250 .

1483 2343 1685 2415 Epistola
1705 2349 1807 2397 Sac.
1822 2344 2220 2413 congregationis
2233 2342 2411 2413 Episc.,

1408 2417 1457 2471 &
1477 2417 1995 2488 Regul.Communitati
2013 2416 2206 2467 Brinolii
2221 2414 2410 2466 faculta-

1416 2507 1508 2540 tem
1525 2490 1728 2558 erigendi
1741 2493 2040 2540 Conventum
2059 2486 2279 2547 concedi,
2320 2488 2414 2537 Or-

1413 2561 1590 2612 dinatio
1612 2561 1702 2610 loci
1717 2560 2028 2610 committitur
2048 2595 2060 2608 .
2313 2567 2411 2607 160

1486 2631 1565 2684 Ad
1609 2631 1835 2685 instantias
1873 2629 2158 2695 Hieronymi
2197 2627 2413 2698 Episcopi

1414 2702 1744 2756 Cavallicenfis
1785 2701 2103 2752 fundationem
2138 2699 2414 2750 Monasterii

1411 2774 1843 2826 Sanstimonialium
1864 2773 2205 2840 Capucinarum
2227 2772 2272 2820 in
2297 2774 2417 2822 Ter·

1411 2864 1461 2895 ra
1481 2844 1645 2895 Insulae
1662 2844 1885 2912 approbat
1897 2863 1919 2912 ;v
1948 2843 1973 2891 ἃ
1988 2840 2271 2892 Monasterio
2297 2843 2412 2893 elee-

1412 2913 1635 2985 mosynas
1661 2916 1851 2965 Dotales
1879 2915 1924 2961 in
1951 2913 2193 2961 communi
2223 2913 2415 2962 retineri

1413 2987 1533 3057 posse
1549 2987 1754 3036 declarat
1769 3004 1784 3044 ;
1823 2979 2102 3052 provisiones
2117 2981 2173 3031 ab
2185 2980 2414 3049 Episcopo

1414 3075 1514 3109 tum
1542 3060 1666 3108 circa
1694 3054 1928 3124 spirituale
1952 3051 2231 3123 gubernium
2251 3051 2413 3102 confir-

1413 3144 1541 3188 mat,
1575 3147 1628 3179 ac
1644 3125 1930 3177 Monialibus
1965 3124 2235 3192 privilegia,
2273 3123 2322 3175 &
2350 3126 2414 3173 in·

1412 3201 1541 3251 dulta
1556 3201 1749 3249 aliarum
1765 3195 2042 3247 Monialium
2065 3195 2414 3262 Capucinarum

1414 3271 1752 3323 communicat.
1792 3267 1980 3317 Clemens
2004 3263 2142 3316 VIII.
2314 3275 2410 3316 160

1484 3342 1781 3402 Austoritate
1801 3337 2091 3407 Apostolica.
2111 3340 2319 3389 Crucem
2333 3356 2410 3388 an-

1415 3431 1459 3466 te
1493 3412 1612 3464 fores
1639 3409 1851 3463 Ecclesiae
1887 3406 2069 3458 fabricae
2099 3409 2277 3460 Domfis
2317 3410 2409 3460 loci

1413 3488 1663 3536 Maritimae
1679 3518 1696 3541 ,
1732 3479 1810 3532 seu
1836 3481 2027 3531 Martici
2051 3481 2165 3549 erigi
2197 3480 2409 3530 concedi·

1412 3572 1517 3615 tur,
1555 3555 1604 3607 8t
1623 3552 1836 3604 omnibus
1863 3549 2170 3601 benedictioni
2199 3555 2324 3616 ejus,
2360 3550 2412 3603 ὅτ

1415 3626 1690 3680 Proceffioni
1709 3621 2113 3675 intervenientibus
2129 3657 2146 3681 ‚
2182 3637 2409 3672 centum-a·

1408 3699 1505 3749 dies
1526 3735 1541 3758 ,
1577 3697 1626 3750 ὅ(
1645 3696 1728 3755 iis,
1763 3697 1842 3763 qui
1859 3690 2079 3752 confeffi,
2114 3707 2195 3744 aut
2220 3693 2408 3743 contriti

1407 3787 1567 3822 coram
1594 3766 1715 3819 dicta
1743 3769 1898 3818 Cruce
1925 3765 2192 3826 oraverint,
2226 3761 2403 3830 septem

2239 3849 2345 3881 anni
