2638 4088
1071 192 1706 282 Cataloniae.

344 354 351 361 ¹·
372 341 595 407 Legatum
627 339 825 391 duorum
839 340 1039 392 millium
1064 340 1355 401 scutorum,

438 412 466 457 ὲ
489 411 718 462 Μίεὴαέῑε
736 411 993 463 Grimosats
1006 431 1114 464 cum
1130 430 1268 463 onere
1282 427 1355 462 tot

436 479 595 531 Missas
631 519 646 541 ,
691 481 740 534 ἃ
762 482 1062 534 anniversaria
1095 482 1352 534 celebrandi

437 552 672 602 Fratribus
690 553 899 602 relistum
930 556 974 602 in
1003 553 1241 603 Fabricam
1259 558 1351 602 Do·

436 619 540 672 mfis
571 625 811 693 Regularis
830 629 1115 682 Armatam,
1148 622 1240 673 five
1260 624 1350 674 da,

435 695 574 741 Arens
611 697 848 753 converti,
877 693 1221 745 acaFratribus
1253 693 1348 743 duo

346 822 351 826 ,
431 765 576 814 millia
603 764 842 815 Missarum
872 782 955 834 pro
991 763 1239 817 Testatoris
1254 766 1348 813 ani-

431 852 517 884 mae
541 834 777 904 refrigerio
797 834 933 886 semel
949 835 1165 886 celebrari
1199 834 1347 885 indul-

348 930 354 952 ;
430 920 511 974 get
526 940 542 963 ,
557 903 632 954 seu
649 907 899 956 committit
912 942 925 955 .

345 1058 347 1060 ·
427 1042 644 1110 Venerabili
671 1046 817 1089 Fratri
846 1046 1028 1105 Epist-opo
1061 1046 1284 1090 Gerunden.

357 1129 807 1218 PAULUs
904 1166 1182 1216 PAPA
1278 1167 1342 1215 v.

387 1284 412 1308 ³·
453 1282 682 1326 Venerabilis
696 1287 847 1328 Frater
857 1284 1050 1341 ‚salutem
1064 1313 1078 1336 ‚
1095 1284 1143 1332 ὢ*
1159 1288 1267 1340 Apo-

350 1354 353 1357 ·
575 1341 760 1397 stolicam
782 1342 1106 1386 Benediflionem.

468 1459 604 1514 Xponi
627 1463 757 1506 Nobis
774 1476 903 1518 nuper
917 1463 1102 1507 fecerunt
1118 1461 1255 1506 dilecti
1279 1461 1346 1503 Fi·

486 1516 557 1569 lii,
572 1521 861 1571 provincialis,
888 1537 934 1564 ac
951 1522 1193 1565 Definitores
1224 1519 1347 1563 Ordi-

356 1576 420 1617 nis
438 1578 623 1622 Fratrum
656 1581 861 1623 Minorum
893 1583 1025 1623 Sancti
1038 1580 1240 1625 'Francisci
1263 1582 1345 1620 Ca-

354 1635 595 1688 pucinorum
615 1648 938 1695 nuncupatorum
961 1640 1207 1692 ,Provinciae
1219 1643 1345 1682 Cata-

355 1691 472 1735 loniae
485 1722 497 1744 ‚
511 1696 620 1750 quod
637 1697 734 1743 alias
749 1698 953 1755 quondam
978 1700 1158 1743 Michael
1177 1700 1347 1742 Grimo-

340 1749 430 1815 >sats
443 1752 481 1794 in
496 1750 566 1795 suo
579 1755 726 1799 ultimo
740 1783 755 1805 2
769 1759 879 1812 quod
906 1757 1092 1801 condidit
1108 1783 1122 1806 2
1136 1757 1256 1799 &sub
1270 1767 1342 1794 cu·

351 1821 415 1864 jus
439 1809 699 1866 dispositione
716 1814 766 1856 ab
789 1815 973 1857 humanis
997 1815 1191 1863 deceffit,
1223 1812 1343 1856 testa-

353 1876 511 1920 mento,
522 1869 718 1913 summam
733 1871 907 1915 duorum
931 1871 1108 1915 millium
1124 1874 1345 1921 scutorum,

351 1925 419 1968 vel
433 1926 603 1972 circiter
620 1931 832 1974 Fratribus
856 1931 970 1975 dinae
986 1931 1208 1975 Provineiae
1221 1962 1237 1983 ,
1252 1941 1346 1973 cum

350 1997 479 2027 onere
510 1995 643 2031 tamen
672 1999 736 2032 tot
755 1989 890 2033 Missas
914 1992 954 2032 δι
981 1989 1255 2033 anniversaria
1272 2001 1347 2046 pro

348 2041 459 2086 illius
480 2047 620 2089 animae
637 2046 854 2102 refrigerio
873 2048 1141 2096 celebrandi,
1156 2049 1343 2104 reliquit,

346 2111 473 2155 prout
506 2104 548 2145 in
578 2105 688 2146 dieto
714 2104 954 2148 testamento
993 2098 1151 2158 pleniu}
1193 2106 1347 2147 dicitur

344 2159 578 2203 contineri.
607 2165 714 2205 Cum
730 2171 889 2210 autem,
912 2165 1014 2216 ficut
1028 2161 1171 2205 eadem
1185 2161 1344 2220 expofi-

342 2217 406 2260 tio
420 2215 685 2276 subjungebat
701 2250 715 2273 ‚
733 2223 896 2264 Fratres
913 2219 1106 2278 praedicti,
1128 2221 1239 2278 juxta
1257 2223 1344 2264 Re-

344 2276 501 2333 gularia
515 2277 698 2332 ejusdem
710 2279 879 2321 Ordinis
896 2279 1089 2328 instituta,
1106 2280 1249 2332 Legati
1267 2281 1343 2320 hu-

348 2333 520 2390 jusmodi
534 2336 742 2391 incapaces
761 2336 956 2388 existant3
973 2336 1122 2378 fabrica
1139 2337 1244 2379 vero
1260 2339 1342 2376 Do·

341 2389 429 2433 mus
444 2393 724 2446 Regularis-de
741 2397 867 2437 Arens
884 2423 898 2445 ‚
922 2393 1193 2438 Gerundenfis
1222 2393 1340 2436 Dine-

343 2452 441 2493 cests
459 2479 474 2502 ‚
489 2452 661 2494 Ordinis
686 2453 726 2493 &
754 2452 979 2494 Provinciae
999 2452 1247 2510 hujusmodi,
1263 2452 1338 2496 ali-

343 2523 427 2566 quo
453 2510 730 2554 subventionis
756 2512 909 2554 auxilio
928 2512 1100 2554 maxime
1124 2512 1335 2568 indigeat,

343 2569 474 2612 Nobis
495 2572 718 2626 'propterea
745 2569 958 2613 humifiter
985 2570 1203 2626 supplicari
1232 2569 1337 2615 fece-

342 2638 440 2671 runt
456 2656 470 2680 ,
484 2630 584 2671 utin
607 2629 806 2685 praemisiis
821 2629 1054 2685 opportune
1083 2629 1339 2683 providere„

342 2687 396 2729 de
411 2687 662 2743 benignitate
680 2691 715 2730 A
722 2689 918 2744 postolica
932 2688 1190 2744 dignaremur
1208 2712 1220 2725 .

346 2757 349 2762 ·
459 2749 544 2788 Nos
565 2747 689 2800 igitur
705 2748 820 2788 dic‘tae
836 2743 986 2787 Domus
1011 2745 1306 2790 neceffitatibus
1321 2777 1336 2799 ,

341 2805 537 2860 quantum
564 2818 660 2847 cum
678 2805 857 2847 Domino
882 2801 1109 2858 posthumii,
1129 2802 1333 2859 prospice-

340 2877 386 2905 re
402 2891 415 2913 ‚
431 2875 476 2904 ac
497 2861 605 2905 illius
620 2862 962 2906 Guardianum&
993 2863 1159 2905 Fratres
1177 2861 1334 2918 specia-

341 2921 737 2969 libus,&c.volentes
754 2950 768 2972 ,
789 2923 829 2962 δε
851 2920 872 2961 a
901 2919 1106 2976 quibusvis
1124 2922 1203 2963 διε.
1233 2936 1331 2966 εεη-

339 2979 487 3030 sentes‚
503 2979 728 3036 hujusmodi
741 2977 1099 3035 supplicationibus
1117 2979 1304 3026 inclinati
1319 3011 1333 3033 a

340 3038 605 3081 fraternitati
643 3041 739 3082 Tuae
764 3052 837 3094 per
874 3037 1082 3093 praesentes
1108 3041 1333 3084 committi-

340 3110 446 3148 mus,
463 3098 503 3138 &
518 3097 749 3140 mandamus
763 3125 778 3149 ‚
802 3098 845 3139 ut
863 3097 969 3139 veris
986 3096 1247 3140 existentibus
1270 3099 1332 3142 su-

340 3156 412 3212 pra
430 3157 604 3198 narratis
619 3188 634 3208 ,
651 3159 907 3200 OEconomo
924 3154 1078 3198 Domus
1107 3157 1298 3212 praediaestae
1316 3187 1331 3210 ‚

324 3214 453 3270 'quod
470 3212 659 3257 summam
680 3216 855 3258 duorum
886 3213 1059 3258 millium
1084 3214 1328 3260 scutorum-1

339 3272 563 3328 hujusmodi
581 3276 619 3317 in
635 3275 749 3317 dietae
766 3270 920 3315 Domt'is
950 3272 1144 3317 fabricam
1160 3289 1327 3319 conver-

339 3338 443 3381 tere,
463 3333 502 3373 δι
515 3347 702 3388 erogare,
718 3334 772 3375 ita
788 3343 943 3384 tamen,
960 3342 1003 3375 ut
1029 3331 1230 3376 Miffarum
1245 3336 1327 3378 duo

337 3389 467 3431 millia
479 3405 554 3446 pro
573 3393 687 3447 ipsius
716 3392 937 3434 Testatoris
958 3392 1096 3434 animae
1112 3392 1325 3447 refrigerio

338 3448 362 3490 ὲ
390 3449 597 3492 Fratribus
627 3451 824 3506 praedietis
835 3450 1100 3493 celebrentur
1121 3481 1135 3504 ,
1150 3452 1278 3494 libere
1292 3456 1332 3495 &

340 3503 456 3548 licit'e
475 3507 613 3550 valeat
629 3537 645 3559 ,
669 3508 909 3551 auctoritate
937 3510 1066 3552 nostra
1084 3510 1331 3553 licentiam-

340 3564 535 3610 concedas
550 3596 561 3609 .
578 3569 673 3610 Non
687 3566 935 3610 obstantibus
951 3569 1126 3623 praeditsti
1143 3568 1329 3615 Testato-

338 3624 396 3665 ris
413 3623 631 3668 voluntate
645 3652 658 3676 ,
670 3639 790 3681 quam
809 3624 946 3666 in—&
960 3625 1093 3681 quoad
1109 3625 1329 3681 praemissa,

339 3682 583 3728 sufficienter
598 3692 920 3734 commutamus,
943 3684 1104 3739 aliisque
1120 3685 1327 3726 Constitu-²

339 3743 516 3787 tionibus
527 3773 541 3794 ‚
554 3744 593 3784 &
609 3741 944 3784 Ordinationibus
961 3742 1203 3797 Apostolicis
1217 3771 1231 3791 ‚
1249 3758 1323 3786 nec

337 3818 415 3849 non
432 3803 628 3861 praedietis
641 3811 659 3854 ',
683 3799 937 3858 &quibusvis
961 3801 1048 3842 aliis
1072 3800 1166 3841 dieti
1195 3801 1320 3843 Ordi-

458 3865 562 3906 Tam.
574 3863 612 3905 V.

2154 202 2214 309 ⁵3
2241 237 2330 319 15

1415 341 1476 384 nis
1491 372 1506 393 ,
1526 342 1643 383 etiam
1662 339 1890 397 juramento
1905 341 1983 381 διε.
2011 339 2210 384 roboratis
2224 345 2394 394 statutis,

1412 402 1453 442 &
1491 399 1847 443 consuetudinibus
1870 429 1888 450 ,
1916 397 2146 452 caeterisque
2185 408 2393 448 contrariis

1412 457 1727 515 quibuscumque
1742 489 1753 500 .

1526 518 1673 559 Datum
1698 521 1838 561 Romae
1864 516 1969 571 apud
1989 517 2171 558 Santram
2191 517 2392 567 Mariam„

1410 576 1614 632 Maiorem
1629 577 1699 619 sub
1713 575 1879 620 Annulo
1896 573 2106 618 piscatoris
2121 576 2186 617 die
2202 587 2225 616 x
2236 588 2247 615 ι
2258 579 2393 617 ν.“Αυ-

1409 635 1507 692 gusti
1529 650 1732 691 mncxvit
1747 652 1779 678 1.
1796 632 2059 700 Pontificatfis
2076 634 2197 677 nostri
2213 647 2316 677 anno
2326 634 2394 676 de-

1410 697 1516 738 cimo
1528 704 1674 751 quarto
1689 724 1700 736 .

1467 811 1715 866 Autograph.
1743 811 1785 852 in
1815 811 1987 853 Archiae
2004 800 2146 854 secret.
2166 813 2398 854 Bavium-i

1526 869 1781 925 Apostolicor.
1798 868 1951 926 Regeslo
1975 870 2092 927 mens?
2114 872 2163 919 θ’
2188 879 2397 925 ann-pm·-¹

1521 925 1803 984 diff-solam}-

1407 1068 1910 1085 ——-——·
2146 1069 2396 1085 ,1--

1669 1164 2149 1209 EPISTOLA

1493 1281 1587 1334 Sac.
1608 1283 1854 1351 Congregat.
1886 1283 2024 1350 Epist.
2043 1286 2098 1335 &¹
2126 1285 2286 1353 Regul.

1408 1407 1547 1456 Circa
1588 1402 1828 1456 Fabricam
1862 1406 1971 1453 RR.
2003 1406 2092 1454 ΡΡ.
2127 1403 2399 1453 Carmelita-

1476 1494 1584 1527 rum
1628 1471 2020 1524 Discalceatorum
2067 1475 2112 1521 in
2163 1474 2398 1523 territorio

1400 1570 1402 1573 ·
1435 1597 1437 1599 .
1479 1549 1618 1597 Villae
1642 1545 1697 1594 de
1727 1546 1878 1595 Satria
1911 1559 2181 1595 attentatam
2212 1550 2396 1611 ‚QAPQ

1476 1616 1633 1667 stolica
1666 1620 1860 1666 Decreta
1882 1614 2093 1673 servari,
2131 1614 2396 1664 instantibus

1476 1686 1712 1740 Fratribus
1731 1686 1907 1745 nostris,
1926 1685 2147 1756 Episcopo
2179 1683 2394 1735 Barcino-

1474 1757 1597 1808 nenfi
1617 1759 1929 1823 committitur
1947 1794 1961 1806 .

1535 1875 1612 1917 ‘Uae
1647 1888 1721 1930 per
1748 1873 2036 1916 Sanfflssimum
2079 1874 2301 1917 Dominum
2327 1880 2399 1914 οό-

1407 1873 1917 2033 Qrun1·Urbanum
1935 1936 2078 1980 VIII-0
2102 1933 2278 1991 aliosque
2311 1934 2401 1973 Ro-

1612 1991 1752 2035 manos
1782 1990 2025 2047 Pontifices,
2052 1992 2280 2036 Sanctitatis
2312 1994 2396 2034 Suae

1407 2049 1732 2105 praedecessores,
1758 2051 1867 2093 eirca
1878 2049 2084 2110 ⁴&afrotum
2105 2055 2395 2095 Conventuum

1394 2108 1490 2148 'five
1530 2107 2159 2162 Monasteriorunssferectionem-
2177 2110 2396 2154 salubriter

1406 2162 1558 2204 sancita
1573 2163 1664 2206 sunt
1681 2193 1695 2215 ,
1713 2179 1764 2205 ex
1781 2179 1939 2207 annexo
1953 2169 2183 2210 litterarum
2198 2173 2228 2211 A
2236 2167 2396 2225 postoli-

1402 2234 1542 2263 carum
1569 2222 1739 2279 desuper
1752 2234 2028 2267 emanatarum
2056 2229 2243 2282 exemplo
2265 2254 2277 2277 ,
2300 2226 2398 2266 Am*-

1403 2279 1566 2332 plitudo
1593 2282 1682 2323 Tua
1713 2282 1910 2337 percipiet
1936 2296 1951 2336 3
1976 2284 2070 2339 quia
2094 2288 2195 2329 vero
2229 2287 2394 2329 Fratres

1401 2335 1567 2376 Ordinis
1581 2339 1684 2379 Min.
1698 2340 1737 2376 S.
1755 2340 1955 2381 Francisci
1970 2343 2396 2395 capucinorumnun-

1401 2393 1767 2448 cupatorum‚apud
1783 2397 1948 2436 Sacram
1966 2397 2068 2437 hanc
2098 2401 2394 2453 Congu-{gatio-

1401 2464 1495 2492 nem
1519 2451 1801 2494 cardinal-ium
1817 2451 2109 2507 Episcoporum
2131 2483 2144 2505 ,
2161 2457 2199 2496 &
2214 2459 2395 2511 Regula-

1401 2510 1504 2551 rium
1531 2509 1702 2563 negotiis
1742 2509 1988 2564 praepofitatn
2026 2524 2158 2566 nuper
2185 2517 2393 2571 conquesti

1399 2568 1487 2610 sunt
1502 2594 1515 2616 2
1533 2570 1696 2610 Fratres
1713 2568 1877 2610 Ordinis
1905 2568 2224 2614 Carmelitarum
2242 2575 2391 2616 Discal.

1400 2636 1611 2669 ceatorum
1632 2641 1780 2669 novum
1802 2629 2062 2669 Conventum
2090 2631 2127 2670 in
2157 2631 2391 2674 Territor-io

1399 2686 1520 2728 Villae
1535 2686 1580 2726 de
1596 2688 1740 2727 Sarria
1757 2699 1883 2740 prope
1896 2715 1909 2737 ,
1936 2687 1975 2726 &
1991 2695 2105 2728 extra
2122 2690 2262 2729 maenia
2281 2691 2388 2732 istius

1398 2745 1605 2795 Civitatis,
1619 2752 1766 2786 contra
1794 2745 2049 2799 praesatarum
2068 2746 2295 2788 litterarum
2326 2757 2391 2788 te·

1396 2816 1561 2852 norem,
1587 2816 1631 2844 ac
1662 2804 1751 2858 ipfis
1779 2805 1999 2858 Capucinis
2031 2804 2291 2848 renuentibus
2319 2818 2388 2848 ex-

1396 2874 1536 2906 truere
1575 2863 1825 2916 praetendere
1850 2882 1866 2913 ‚·
1894 2862 2140 2904 Illustriffimi
2179 2861 2385 2918 ejusdem„

1396 2927 1525 2966 Sacrae
1563 2921 1903 2976 Con-gregationis
1943 2924 2083 2964 Patres
2108 2921 2383 2976 Amplitudini

1392 2983 1523 3031 Tuae,
1555 2989 1598 3021 ut
1615 2991 1758 3035 praeter
1780 2987 2090 3021 memoratarum
2121 2979 2381 3026 litterarum..

1395 3038 1717 3095 Apostolicarum
1740 3037 2059 3092 dispositionem,
2084 3051 2156 3092 per
2171 3042 2382 3093 praenomi-

1393 3109 1510 3141 natos
1542 3100 1708 3139 Fratres
1734 3094 1976 3138 Carme—litas
2003 3123 2018 3147 ,
2049 3107 2116 3138 aut
2137 3097 2240 3139 alios
2263 3101 2377 3152 quos-

1390 3171 1550 3212 cunque
1565 3156 1788 3209 Regutares
1804 3153 2019 3209 quidquam
2044 3158 2239 3198 attentari
2269 3158 2376 3200 haud

1388 3215 1601 3270 permittat
1613 3239 1626 3260 ,
1643 3213 1712 3254 fed·
1725 3211 1881 3253 easdem
1895 3213 2091 3269 perpetuo
2103 3224 2117 3260 5
2131 3228 2133 3230 ·
2146 3217 2187 3256 &
2205 3215 2378 3257 inviola.·

1388 3274 1525 3317 bil‘iter
1558 3270 1802 3321 observari,
1837 3270 1976 3312 harum
2017 3273 2117 3314 serie
2163 3272 2377 3331 injungen-

1394 3332 1491 3373 dum
1515 3328 1754 3373 censuerunt
1778 3357 1790 3370 .
1823 3331 1918 3371 Haec
1945 3330 2069 3386 igitur
2105 3330 2250 3374 debitae
2281 3348 2376 3375 exe-

1389 3390 1544 3434 cutioni
1570 3387 1814 3430 demandare
1846 3402 1927 3429 non
1950 3388 2115 3431 omittat
2131 3392 2375 3445 Amplitudo

1393 3452 1481 3492 'rua
1496 3447 1582 3499 ‚cui
1599 3462 1677 3502 ego
1693 3447 1855 3487 interim
1875 3449 1895 3488 ὲ
1912 3449 2001 3489 Deo
2027 3448 2185 3504 optimo
2197 3450 2374 3492 maximo

1388 3509 1591 3551 bonorum
1608 3506 1784 3549 omnium
1799 3505 2002 3547 cumulum
2019 3521 2181 3561 precor.

1506 3567 1646 3607 Romae
1658 3565 1723 3606 die
1738 3573 1876 3619 quarta
1892 3566 2057 3619 Augusti
2078 3566 2197 3612 1625.

1444 3681 1615 3734 Exempl.
1640 3681 1764 3746 squtb.
1787 3684 1827 3720 in
1851 3682 1970 3724 Areh.
1990 3682 2174 3724 Generali
2207 3683 2367 3727 Ordinis

1498 3744 1690 3782 Armarto
1707 3740 1923 3782 Provincia
1941 3742 2166 3789 Cataloniae
2181 3769 2193 3782 .

1834 3856 1871 3896 R
1889 3869 1907 3896 r
1939 3874 1963 3900 2
2197 3861 2312 3903 Onus
