2592 4094
874 240 948 329 S.
1012 239 1544 327 [udovici.

241 380 371 422 tinere
394 381 475 423 vim
489 380 587 435 legis
603 408 616 432 ,
630 394 720 422 cum
733 381 923 437 nusquam
948 396 1023 437 pro
1052 396 1097 424 ea
1112 385 1219 439 judi·
1280 385 1349 425 riis
1361 408 1375 428 ,
1389 385 1509 426 etiam
1522 382 1574 426 de
1591 381 1814 426 necesfitate
1829 379 1867 423 in
1883 380 2013 436 specie
2028 412 2042 435 ‚
2067 389 2132 430 vel
2147 389 2254 434 indi.

231 448 372 481 catum
393 441 580 482 extiterit
600 467 614 490 ‚
659 454 729 482 nec
766 441 853 496 plus
879 441 1001 494 potsct
1027 444 1215 495 operari,
1279 441 1406 483 viduo
1433 443 1696 497 exprimendis
1726 456 1806 484 non
1847 440 2096 484 obstantibus
2122 470 2138 493 ‚
2167 450 2254 501 qui.

230 498 353 552 quam
372 498 489 541 verba
504 499 615 541 dic'ta:
633 498 782 545 ssunae,
803 512 887 551 quae
900 525 915 547 ‚
943 497 966 538 fi
982 499 1082 540 bene
1098 498 1215 552 inspi·
1276 499 1346 540 bus
1374 502 1555 543 omnibus
1580 503 1777 557 derogare
1795 500 1952 555 placeat
1988 528 2003 548 2
2017 514 2107 543 cum
2140 505 2254 545 abso-

229 557 391 598 ciantur
408 585 424 608 ,
447 570 528 599 non
552 558 772 610 important
799 553 1073 600 neceffitatem
1107 557 1213 597 ince.
1274 557 1427 601 lutione
1459 560 1479 601 a
1497 555 1674 602 censuris
1699 560 1749 602 ad
1773 562 1845 602 hos
1874 557 2032 602 effeetus
2047 588 2062 610 ,
2087 559 2251 616 &quod

228 613 357 657 dendi
379 614 449 657 sub
475 617 613 658 Cruce
631 617 814 657 Fratrum
839 613 1210 666 Conventuaiium,
1273 614 1354 657 sola
1381 618 1504 660 vestra
1533 619 1731 673 signatura
1758 618 1925 661 sufficiat
1944 617 2179 673 injudicio,
2213 621 2252 661 δι

226 670 295 717 sed
311 673 465 716 tantum
483 672 560 716 illis
571 674 823 728 permittitur
832 672 883 715 de-
895 672 1126 715 incedendo
1139 671 1209 715 sub
1270 677 1403 725 extra',
1422 674 1541 719 fidem
1557 678 1692 729 faciat,
1705 680 1746 719 δε
1768 677 1863 720 dicti
1877 679 2071 719 Oratores
2088 677 2252 723 Deum„

227 729 363 783 i11a‚fi
384 733 439 773 ita
457 732 537 775 illis
562 730 770 783 videatur,
796 732 1073 786 &placuerit‚
1090 732 1127 773 sc
1153 730 1204 773 fic
1267 733 1366 786 Opt.
1386 734 1496 774 Max.
1520 747 1596 787 pro
1617 735 1724 777 felici
1748 734 1850 778 statu
1878 734 2127 792 ejusdemnet
2151 735 2252 777 nlu-

227 802 308 831 non
331 790 489 846 possunt
502 790 593 845 cogi
617 790 677 833 uti
690 789 799 832 dicto
812 791 930 845 pasto
945 790 1011 842 ,in
1028 803 1202 833 eorum..
1265 789 1446 833 striffimae
1462 818 1476 842 ‚
1499 792 1539 832 &
1574 794 1927 836 Reverendiffimae
1956 793 2252 838 Dominationis

228 844 414 891 favorem
429 850 635 905 apposito,
650 857 735 892 tum
753 877 766 902 ‚
781 849 871 905 quia
885 846 1104 891 declaratio
1132 860 1208 889 vo·
1271 848 1417 892 Vestra:
1431 852 1632 905 perpetuo
1655 852 1877 893 exorabunt
1891 881 1905 894 .
2123 849 2127 852 ’
2245 870 2247 872 ·

2036 251 2194 359 ι67

227 905 400 950 {untatis
415 921 494 950 non
513 907 804 954 intervenerit,
823 915 907 947 tum
923 906 1045 948 etiam
1059 932 1073 954 ,
1087 907 1176 961 quia
1191 935 1206 958 ,

225 966 335 1020 quod
351 974 490 1008 contra
505 963 603 1020 juris
619 965 809 1008 rationem
824 974 1033 1019 receptum
1046 964 1206 1014 est,non

228 1021 284 1063 est
300 1021 667 1076 producendum-ad
688 1021 1013 1077 consequentias:
1031 1023 1205 1064 &tanto

225 1079 347 1134 magis
364 1107 378 1130 ,
391 1077 552 1134 quod,s1
569 1081 644 1122 hoc
659 1082 894 1123 traheretur
906 1082 945 1122 in
962 1079 1208 1136 consequen-

225 1135 325 1178 tiam
345 1136 500 1189 damni,
513 1138 625 1181 certe
646 1145 778 1181 totum
794 1138 992 1182 Ordinem
1007 1138 1207 1182 dictorum

160 1209 162 1211 ’
221 1195 388 1238 Patrum
416 1197 720 1252 Capucinorum
746 1197 924 1241 afficeret
949 1223 963 1245 a
987 1211 1077 1239 cum
1110 1197 1208 1240 dieti

223 1254 366 1296 Patres
403 1255 717 1299 Conventuales
742 1255 878 1312 parum
901 1255 1092 1312 religiose
1115 1283 1129 1304 a
1167 1259 1208 1301 8<

223 1314 485 1355 continenter
512 1314 648 1356 vivant
663 1344 680 1366 ,
711 1316 748 1356 δι
781 1315 819 1358 se
849 1314 1078 1371 jactaverint
1095 1317 1132 1356 &
1149 1314 1207 1370 ja-

220 1373 327 1413 &ent
353 1373 547 1414 continuo
561 1402 575 1423 ‚
608 1376 686 1416 hoc
718 1374 755 1415 in
789 1373 1072 1431 poenitentiam
1088 1374 1204 1417 distis

217 1430 470 1472 Reverendis
487 1432 673 1474 Patribus
691 1433 912 1489 Capucinis
941 1431 1171 1487 adjunctum
1185 1462 1200 1486 ,

217 1502 264 1530 ac
281 1487 330 1528 fic
345 1502 487 1532 eorum
501 1489 744 1532 abstinentia:
763 1519 776 1542 ,
808 1504 962 1533 morum
990 1491 1171 1534 honestas
1186 1520 1201 1544 ‚

1502 967 1727 1009 Humillimi
1741 995 1754 1018 ,
1780 968 1833 1017 ὢν
1844 969 2067 1026 devotffmr'
2083 971 2196 1016 Servi

1634 1024 1759 1068 mnu
1775 1055 1789 1078 ,
1801 1026 1849 1074 θ’
1865 1029 1974 1069 Rfftae
1992 1032 2048 1070 D.
2070 1032 2108 1072 V.

1579 1141 1775 1186 Consules
1791 1171 1806 1196 2
1821 1145 1861 1186 δι
1873 1143 2105 1188 Confiliarii
2118 1174 2133 1188 .

1385 1259 1515 1299 sacra
1524 1259 1780 1314 Congregatt‘o
1794 1261 2063 1306 cardinalium
2089 1263 2251 1317 negotiis

1266 1316 1826 1372 Regulariumpraeposr'torum
1840 1347 1854 1369 ‚
1890 1319 2142 1376 Illustrrffimo
2158 1320 2248 1360 Phi-

1260 1373 1422 1416 tonardo
1446 1373 1639 1433 rcflrrnte
1654 1403 1668 1424 ,
1694 1376 1841 1432 cenfint
1871 1379 2030 1419 Fratres
2069 1378 2246 1420 Minores

1262 1433 1398 1474 Sanffi
1415 1433 1615 1492 Franctsci
1629 1437 1838 1489 Capucinos
1857 1444 2095 1490 nuncupatos
2119 1439 2161 1477 in
2180 1434 2248 1478 Ci-

1262 1492 1414 1543 vitate,
1428 1492 1481 1542 &⁹
1497 1496 1696 1536 Comitatu
1714 1496 1921 1536 Aventonts
1934 1494 2124 1548 degentes,
2142 1497 2250 1536 Cru—

216 1547 258 1606 ἃ.
272 1546 375 1588 bene
391 1546 559 1589 'vivendi
578 1549 738 1599 modus,
751 1563 912 1604 poenam
927 1548 1100 1604 aliquam
1118 1565 1204 1593 me·
1259 1561 1343 1601 tem
1364 1555 1573 1607 propriam
1587 1581 1602 1604 ‚
1615 1551 1724 1607 stris
1747 1554 1807 1594 ita
1827 1551 2003 1596 labuerit
2016 1582 2032 1606 ‚
2047 1553 2090 1595 in
2097 1551 2257 1610 procas²

216 1614 407 1648 ferentur
423 1633 433 1645 .
448 1609 522 1649 His
536 1607 659 1661 igitur
677 1608 728 1650 de
744 1608 893 1659 caufis,
923 1607 1088 1665 aliisque
1108 1623 1204 1664 per-
1249 1606 1429 1665 stom'bus
1448 1609 1606 1668 deftrre
1620 1610 1746 1668 pff.

217 1665 354 1706 multis
371 1679 480 1720 ,quae
505 1665 712 1710 brevitatis
736 1667 855 1710 causa
882 1667 945 1710 hic
964 1669 1203 1722 praetermit-

218 1732 361 1766 tuntur
374 1747 388 1771 ‚
403 1723 500 1766 dieti
513 1727 710 1768 Oratores
734 1725 784 1768 ad
799 1725 1099 1769 illustrissimam
1115 1756 1129 1779 ,
1159 1729 1199 1770 δε

219 1781 614 1825 Reverendiffimam
632 1784 958 1826 Dominationem
987 1785 1199 1827 Vestram..

218 1848 429 1880 recurrunt
446 1865 460 1887 ,
474 1840 534 1881 uti
547 1839 598 1880 ad
615 1839 776 1894 inopum
790 1867 805 1890 ‚
833 1841 872 1881 &
885 1841 1118 1884 afflictorum
1131 1844 1203 1882 Pa-

217 1905 376 1939 rentem
389 1896 588 1950 optimum
603 1923 616 1946 ,
629 1899 670 1939 δι
696 1906 896 1952 tamquam
918 1898 969 1940 ad
987 1899 1095 1940 suum
1109 1913 1201 1940 cer-

219 1963 306 1996 tum
320 1983 333 2006 ,
354 1955 394 1995 &
409 1954 609 2009 fingulare
623 1955 842 2010 praefidium
868 1956 1144 2011 confugiunt,
1158 1971 1200 1999 o-

214 2026 310 2068 pem
344 2011 607 2054 illustriffimae
630 2014 919 2055 nominationis
946 2014 1094 2055 Vestrae
1125 2015 1199 2054 im·

213 2070 449 2126 plorantes,
466 2069 581 2109 uthis
601 2068 892 2120 quanto-citius
922 2067 1041 2107 finem
1066 2069 1195 2120 impo-

215 2141 312 2170 nere
324 2125 524 2168 deliberet
549 2151 563 2173 a
589 2125 630 2165 δι
656 2133 893 2178 opportuno
927 2123 1109 2165 remedio
1139 2124 1195 2166 eis

215 2185 508 2242 provideatur:
525 2181 830 2238 supplicantque
857 2181 1080 2224 humillime
1099 2181 1194 2226 dieti

212 2247 412 2287 Oratores
429 2239 732 2285 Illustrissimam
763 2240 1088 2284 Dominationem
1113 2243 1198 2285 Ve-

211 2303 330 2345 stram
345 2311 414 2354 ,ut
429 2299 572 2343 statum
588 2328 601 2350 ,
616 2301 655 2341 δι
673 2300 816 2342 merita
845 2298 965 2342 causae
976 2299 1090 2356 hujus
1118 2315 1194 2356 pro

213 2361 459 2405 sufficienter
476 2357 659 2415 expressis
676 2359 817 2401 habitis
829 2358 1031 2410 declaret,
1048 2358 1193 2401 dietam

213 2416 444 2476 praetensam
481 2416 815 2460 consuetudinem
845 2417 1059 2472 allegatam
1081 2419 1193 2460 Ave·

217 2475 447 2521 nionensem
460 2490 540 2520 non
568 2473 733 2531 potuisse
747 2506 763 2528 ,
796 2491 869 2518 nec
886 2474 989 2530 posse
1006 2476 1188 2532 ligare-³

211 2536 317 2580 alios
346 2539 585 2580 Conventus
626 2535 823 2577 distorum
855 2537 1189 2579 Reverendorum

213 2598 380 2638 Patrum
403 2595 705 2650 Capucinorum
718 2593 812 2637 alibi
838 2594 1046 2638 existentes
1061 2621 1075 2642 ‚
1091 2606 1188 2636 ver-

211 2653 337 2709 baque
375 2651 485 2697 dietae
524 2653 649 2696 Bullae
681 2650 807 2696 felicis
839 2653 995 2696 record.
1030 2655 1189 2704 Grego-

211 2713 260 2756 rii
279 2713 398 2755 xm.
417 2726 495 2756 non
512 2713 649 2755 sonare
667 2711 705 2754 in
731 2722 970 2766 praeceptum
990 2740 1006 2761 ,
1022 2711 1122 2751 itaut
1137 2709 1194 2749 in-

202 2770 406 2826 jungatur
418 2770 533 2811 dictis
551 2768 803 2814 Reverendis
822 2770 1006 2812 Patribus
1022 2766 1191 2822 Capuci-

212 2827 273 2869 nis
288 2827 340 2870 de
356 2827 581 2869 incedendo
599 2827 668 2869 sub
695 2829 833 2868 Cruce
868 2828 1051 2869 Fratrum
1083 2828 1196 2867 Con-

212 2883 476 2934 ventualium,
492 2893 559 2927 aut
571 2883 622 2926 de
637 2883 925 2933 Observantia,
939 2883 1118 2938 quinimo
1131 2882 1195 2924 di-

215 2947 297 2985 c‘tos
317 2941 583 2985 Reverendos
608 2946 748 2986 Patres
761 2943 993 2996 Capucinos
1010 2942 1194 2986 habere,-

214 3000 456 3046 electionem
468 3000 698 3052 incedendi,
713 3000 778 3043 vel
791 3014 870 3042 non
888 2999 1103 3044 incedendi
1122 2999 1190 3042 sub

214 3062 286 3104 illa
309 3086 324 3108 a
363 3060 402 3100 ἃ.
447 3059 722 3103 omnimodam
755 3057 989 3102 facultatem
1021 3062 1200 3102 Crucem

214 3119 415 3176 propriam
433 3115 587 3161 ferendi
602 3149 617 3170 ,
630 3118 726 3161 dum
740 3144 755 3167 ‚
782 3119 820 3158 &
835 3120 995 3172 quando
1008 3118 1063 3159 eis
1087 3116 1200 3159 vide-

213 3179 324 3222 bitur
339 3204 353 3227 ,
366 3179 406 3219 &
419 3176 472 3218 ob
489 3178 527 3220 id
553 3178 676 3221 licere
691 3206 703 3228 ,
718 3179 757 3218 &
781 3175 930 3220 licuilse
959 3176 1038 3219 illis
1054 3177 1091 3218 in
1115 3175 1201 3231 sup·-

215 3235 504 3293 plicationibus
519 3236 848 3294 quibuscumque,
862 3238 899 3277 &
916 3234 1198 3292 cujuscumque

208 3295 372 3349 'generis
387 3294 484 3346 fint,
502 3295 686 3338 incedere
703 3293 772 3336 sub
797 3294 956 3349 propria
978 3296 1141 3341 eruce,
1161 3295 1201 3335 &

210 3353 469 3395 vnihilominus
483 3355 736 3398 inhibitiones
757 3367 949 3410 congruas
963 3352 1203 3403 decernere,

213 3419 263 3452 ut
277 3409 391 3452 dietis
417 3414 622 3455 Fratribus
636 3413 988 3457 Conventualibus
1019 3411 1070 3454 de
1088 3426 1198 3453 non.‚

215 3467 378 3525 posthac
393 3470 626 3520 turbando,
653 3471 927 3522 molestando,
953 3479 1020 3513 aut
1047 3471 1199 3525 inquie-

217 3525 343 3569 tando
358 3525 506 3570 direffie
519 3554 534 3577 2
556 3527 621 3570 vel
639 3528 832 3574 indirecte
848 3558 862 3581 ‚
887 3531 927 3571 δι
944 3530 1085 3584 quovis
1099 3542 1199 3584 quae-

218 3586 292 3628 sito
306 3583 445 3626 colore
459 3586 584 3634 dictos
611 3588 873 3631 Reverendos
899 3591 1037 3631 Patres
1061 3591 1201 3642 Capu-

221 3645 329 3686 cinos
344 3643 384 3683 in
399 3640 570 3686 ferendo
595 3646 798 3699 propriam
829 3660 968 3691 eorum
991 3650 1165 3690 Crucem
1181 3674 1195 3697 ,

218 3705 257 3744 δι
274 3701 499 3744 incedendo
521 3702 588 3744 sub
608 3703 1195 3756 eaden1,statutis,consuetudi-

217 3763 331 3806 nibus
348 3786 363 3812 ,
375 3760 484 3814 stylis
499 3788 512 3811 ,
528 3759 680 3813 legibus
693 3789 707 3811 ,
721 3761 1100 3814 Constitutionibus,
1115 3765 1196 3805 Or-

216 3820 487 3879 dinationibus
503 3818 745 3876 Apostolicis
759 3847 773 3872 ,
787 3819 1014 3878 caeterisque
1030 3832 1192 3864 contra-

1380 1671 1510 1711 Romae
1526 1681 1618 1712 xxv.
1629 1669 1822 1724 Septemb.
1840 1684 2006 1713 mucxv.

1604 1790 1670 1836 A.
1682 1790 1805 1836 Mar.
1818 1786 1966 1836 Card.
1983 1778 2148 1836 Gallus
2167 1818 2184 1834 .

1318 1903 1379 1945 Ex
1396 1899 1571 1942 Archivo
1586 1903 1816 1944 secretaria·
1828 1905 1914 1944 sac.
1932 1903 2121 1958 Cdngrcg.
2134 1901 2250 1959 mens:

1385 1958 1433 2006 ἐς
1448 1960 1543 2001 anni
1557 1960 1770 2019 praed.fol.
1782 1975 1873 2016 113·

1259 2089 1666 2105 *-ι-ι-*-
1670 2093 2250 2112 ᾍ--ῄ-

1390 2183 1658 2228 LITTERIS
1689 2188 2069 2234 APOSTOLICIS
2085 2220 2098 2233 .

1258 2299 1474 2353 Visitatio
1515 2303 1723 2355 Ecclcfiae
1775 2312 1993 2358 Fratrum
2048 2307 2104 2357 ab
2149 2312 2254 2377 Epi.

1322 2371 1461 2438 scopo
1494 2372 1780 2423 Sisteronenfi
1803 2380 1849 2426 vi
1885 2375 2002 2425 fasta
2032 2380 2240 2443 reproba-

1319 2453 1427 2497 tur,
1457 2439 1505 2490 δι
1534 2440 1810 2509 Episcopum
1848 2444 1904 2492 de
1924 2442 2025 2494 laeso
2043 2448 2247 2514 Regula·-

1318 2512 1436 2559 rium
1460 2511 1703 2578 privilegio
1719 2515 1926 2570 moneri,
1955 2515 2236 2585 Vice·Lega-

1316 2593 1366 2631 to
1383 2579 1692 2632 Avenionenfi
1709 2583 2019 2633 committitur
2033 2616 2048 2631 .

1287 2706 1505 2757 Ptrt‘llullri
1518 2738 1532 2759 ,
1548 2723 1592 2751 ac
1614 2708 1926 2767 Reverendifflmo
1945 2711 2126 2761 Domino,
2150 2712 2213 2754 uti
2230 2729 2236 2736 2

1314 2769 1472 2816 Fratri,
1489 2769 1656 2812 Domino
1679 2773 1927 2827 Vite-Legata
1944 2771 2188 2812 Avenionen..
2219 2798 2221 2801 ι

1302 2885 1540 2944 Perillustris
1566 2913 1580 2938 2
1602 2897 1646 2925 ac
1675 2887 1995 2944 Reverendiflimc
2015 2888 2211 2936 Domine,

1611 2945 1673 2987 uti
1701 2948 1852 2989 Frater
1868 2973 1881 2986 .

1368 3064 1406 3104 Χ
1432 3059 1736 3104 Constitutione
1763 3061 1896 3103 sanetae
1914 3060 2112 3103 memoriae
2128 3063 2235 3103 Gre-

1386 3119 1489 3174 gorii
1507 3119 1601 3160 XV.
1618 3117 1670 3160 de
1682 3127 1962 3175 exemptorum
1985 3118 2234 3175 privilegiis,

1258 3179 1484 3233 Regulares
1508 3178 1711 3231 exempti,
1729 3178 1873 3232 quibus
1900 3191 1994 3218 cura
2011 3178 2235 3221 animarum

1258 3235 1515 3294 personarum
1544 3233 1786 3278 saecularium
1813 3250 1889 3278 non
1915 3236 2139 3288 incumbit,
2162 3251 2233 3279 ne-

1259 3308 1455 3350 quaquam
1493 3290 1652 3348 subjecti
1703 3291 1865 3336 fuerunt
1905 3295 2237 3350 Episcoporum⁴

1258 3350 1535 3411 jurisdictioni,
1550 3351 1588 3393 in
1603 3351 1681 3403 his,
1692 3366 1775 3408 quae
1791 3357 2144 3398 sacramentorum
2159 3352 2232 3395 ad-

1261 3410 1593 3454 ministrationem
1607 3421 1858 3455 concernunt
1878 3440 1892 3464 ,
1917 3410 1984 3454 nifi
2000 3411 2145 3456 cumin
2164 3414 2234 3452 Sa·-

1258 3469 1490 3520 cramentis‚
1506 3467 1680 3522 personis
1696 3468 1943 3513 saecularibus
1956 3469 2232 3512 administran-

1258 3530 1318 3571 dis
1335 3557 1347 3577 ‚
1363 3527 1484 3572 iidem
1500 3528 1721 3581 Regulares
1743 3528 1980 3584 delinquunt
2000 3555 2010 3566 .
2036 3526 2235 3570 Proinde·

1256 3603 1335 3642 que
1360 3600 1603 3641 nequaquam
1622 3586 1720 3631 licet
1736 3587 1938 3643 Episcopis
1968 3587 2005 3627 in
2023 3585 2101 3627 vim
2126 3584 2229 3641 ejus-

1256 3646 1347 3688 dem
1362 3645 1664 3687 Constitutionis
1681 3645 1838 3688 vifitare
1860 3644 2016 3686 Altaria
2032 3642 2230 3686 Ecclesia<

1258 3719 1347 3747 rum
1362 3703 1629 3759 Regularium
1645 3732 1658 3754 ,
1673 3705 1814 3760 quibus
1839 3715 1919 3745 non
1935 3702 2116 3743 imminet
2141 3703 2227 3744 ani-

1256 3776 1407 3806 marum
1433 3775 1526 3805 cura
1552 3761 1817 3806 Personarum
1845 3759 2128 3812 Saecularium,
2154 3774 2226 3802 nec

1254 3822 1344 3866 loca
1359 3848 1372 3870 2
1390 3820 1455 3862 ubi
1470 3820 1509 3863 in
1535 3820 1673 3864 iisdem
1691 3818 1877 3863 Ecclefiis
1903 3815 2120 3862 asservatur
2134 3820 2230 3861 San-

2084 3880 2175 3920 c‘tis-
