2592 4094
366 238 531 322 170
1058 207 1610 293 Provincia

1351 353 1502 403 Litem
1519 386 1535 409 ,
1551 348 1600 402 ὅ(
1618 347 1801 399 causam
1831 351 1954 400 circa
1989 351 2310 409 testamentum
2328 391 2344 415 ,

1419 439 1510 491 quo
1531 424 1731 490 Joannes
1768 422 1982 489 Angelus
2015 425 2227 474 Deveras
2254 432 2348 478 Do-

1416 510 1547 543 mum
1564 492 1756 561 propriae
1771 491 2083 550 habitationis»,
2102 491 2346 547 summam.

1419 583 1506 631 que
1521 563 1720 613 duorum
1756 564 1960 611 millium
1992 560 2234 613 scutorum
2260 582 2344 633 pro

304 669 361 716 In
380 663 490 714 locis
502 694 519 717 ,
551 658 626 709 ubi
643 660 826 706 Fratres
851 656 1123 706 Conventus
1155 673 1286 705 ηοω
1419 641 1577 717 D‚0m⁰
1610 637 1657 682 N
1663 631 1887 683 ovitiatfis
1923 634 1969 681 5¹²
1995 635 2205 683 Civitate
2221 638 2344 716 Aye·

371 732 560 786 habent,
591 727 817 777 Parochos
830 761 847 785 ,
880 726 954 775 vel
972 729 1183 778 Vicarios
1201 744 1286 796 pro
1417 703 1616 755 monensi
1630 702 1927 786 construenda
1939 721 2045 784 ‘³⁰³2
2059 703 2343 788 OPC‘CMlfl-{ss

371 796 615 852 revidenda
627 795 994 865 Qaestuantium
1016 798 1198 848 licentia
1213 797 1287 847 de·
1416 790 1640 845 ΡΕΥΡΕΜτ
1659 775 1883 844 legavit,a
1900 773 2183 825 Momahbus
2201 775 2343 825 Ofdl·

369 870 521 939 putari
549 904 566 928 ³
597 867 847 939 Episcopus
878 865 1102 937 Aquenfis
1132 886 1286 919 mone,
1415 847 1484 896 nis
1504 846 1801 929 &Augustini
1821 847 2058 928 excitataS,
2077 844 2135 894 ad
2165 843 2209 894 se
2226 855 2336 927 ayod

367 955 444 991 tur
465 938 559 992 ἃς.
1415 931 1513 975 cat,
1532 914 1759 966 filenttum
1780 930 1979 985 lmponit
1995 951 2011 974 ,
2045 913 2092 968 8(
2116 914 2334 966 Cardina·

1415 989 1771 1059 lisVice·Legati
1789 985 2056 1040 sententiam
2078 984 2341 1037 confirmat.

563 406 1018 458 EPISTOLA

428 533 546 583 Sacri
573 527 910 597 Congregationis
956 522 1142 574 Concilii
1158 561 1173 576 .

388 1058 717 1118 Reverendt'ss'lme
740 1059 907 1104 Domine
916 1087 931 1112 ,
942 1060 1005 1103 uti
1026 1061 1173 1105 Frater
1187 1066 1201 1103 .“

1351 1119 1818 1171 CLEMENS
1904 1119 1939 1166 P
1981 1119 2097 1167 ΑΡ
2143 1120 2191 1167 A
2276 1119 2346 1168 X.

303 1177 596 1327 QUarnvis
614 1179 736 1222 Sacra
749 1178 1030 1234 congregatio
1044 1177 1112 1221 fibi
1129 1175 1290 1235 persua-

456 1237 549 1280 deat
563 1263 579 1287 2
594 1237 920 1295 Amplitudinem
938 1239 1066 1279 Tuam
1082 1236 1290 1280 Fratribus
1537 1237 1606 1281 Ad
1605 1235 1800 1297 futuram
1825 1237 1886 1279 rei
1906 1234 2131 1277 memoriam
2145 1260 2155 1272 .

415 1295 637 1352 Capucinis
662 1297 934 1352 eleemosynas
960 1309 1031 1350 per
1056 1295 1141 1353 ejus
1172 1296 1291 1338 Dice·

298 1353 402 1396 celin
430 1356 471 1397 in
497 1355 544 1396 iis
560 1353 692 1407 locis,
719 1355 787 1397 ubi
810 1359 1076 1399 Conventum
1106 1369 1185 1398 non
1216 1354 1290 1395 ha·
1464 1355 1603 1412 Xponi
1621 1355 1750 1405 Nobis
1764 1366 1893 1410 nuper
1908 1351 2096 1396 fecerunt
2125 1350 2347 1394 dileaifi-

297 1414 396 1455 bent
408 1439 423 1463 a
437 1411 670 1469 petentibus
686 1413 852 1470 paterna
868 1414 1118 1469 benignitate
1137 1411 1291 1464 favere,
1482 1415 1528 1457 lii
1548 1442 1562 1464 ‚
1591 1417 1752 1458 Fratres
1769 1413 1964 1456 Civitatis
1992 1412 2131 1455 nostrae
2159 1409 2347 1453 Avenio-

297 1481 421 1527 prout
449 1471 709 1517 sanctimonia
735 1472 903 1516 Ordinis
926 1471 1116 1516 universae
1140 1472 1292 1527 Reipu-
1351 1476 1498 1524 nenliS,
1514 1472 1683 1516 Ordinis
1699 1475 1906 1516 Minorum
1923 1468 2175 1515 S-Francisci
2205 1472 2344 1524 Capu-

296 1530 415 1574 blicae
428 1530 674 1574 Christianae
690 1530 859 1589 spectata
873 1532 1023 1576 merito
1036 1530 1104 1576 suo
1117 1530 1293 1587 postula·
1352 1537 1538 1578 tinorum
1566 1542 1898 1590 nuncupatorum
1926 1557 1941 1581 a
1965 1529 2076 1587 quod
2105 1527 2344 1585 quondam..

296 1603 345 1631 re
372 1589 565 1632 videtur:
592 1591 785 1635 Attamen
815 1589 1120 1634 Eminentiffimi
1147 1591 1293 1635 Patres
1345 1597 1518 1653 joannes
1534 1591 1718 1646 Angelus
1746 1589 2066 1642 Deveras,dum
2083 1589 2200 1640 vixit,
2222 1585 2343 1628 Civis

295 1645 638 1703 supervacaneum
665 1650 826 1694 minime
846 1650 1089 1693 censuerunt
1106 1679 1121 1702 ,
1163 1663 1291 1693 novos
1351 1654 1465 1696 die‘tae
1479 1652 1728 1700 Civitatis,in
1748 1650 1815 1692 suo
1835 1650 1984 1692 ultimo
2002 1648 2245 1690 testamento
2261 1646 2349 1686 Do-

295 1704 595 1761 Amplitudinis
615 1708 712 1750 Tuae
739 1708 882 1764 pietati
913 1708 1095 1751 stimulos
1111 1707 1262 1750 addere
1275 1736 1290 1759 ,
1353 1726 1459 1754 mum
1475 1711 1646 1767 propriae
1671 1708 1931 1752 habitationis
1946 1708 2026 1750 unit
2049 1720 2141 1750 cum
2158 1704 2288 1748 hortis
2302 1703 2347 1744 il-

294 1762 420 1816 ipsam
439 1763 661 1814 hortando,
675 1773 736 1812 ut,
749 1766 937 1821 quoniam
954 1767 1045 1808 satis
1060 1767 1289 1808 incommo-
1351 1771 1380 1814 li
1397 1769 1599 1823 contiguis
1612 1795 1627 1818 ,
1649 1770 1689 1809 &
1707 1771 1897 1808 summam
1916 1767 1976 1809 bis
2005 1765 2126 1808 mille
2142 1764 2354 1807 scutorum

295 1820 395 1863 dum
425 1818 575 1863 eisdem
600 1822 810 1864 Fratribus
837 1823 892 1864 est
907 1823 956 1865 ad
975 1824 1204 1866 Civitatem
1229 1825 1289 1864 A·
1350 1827 1438 1880 ipsis
1453 1825 1749 1879 exponentibus
1765 1839 1842 1880 pro
1870 1823 2169 1866 construetione
2193 1818 2352 1864 Domus

295 1878 483 1934 quensem
518 1876 556 1921 se
584 1878 773 1923 conferre
799 1907 814 1929 ,
853 1889 898 1923 ut
935 1880 991 1922 ibi
1019 1879 1289 1936 Amplitudini
1349 1881 1585 1928 Novitiatfis
1617 1881 1791 1938 ejusdem
1818 1881 2016 1930 Ordinis,
2047 1882 2180 1938 inqua
2199 1893 2346 1935 perpe-

300 1940 396 1981 Tuae
424 1936 642 1982 exhibeant
676 1939 886 1983 licentiam
916 1940 1073 1983 suorum
1099 1940 1291 1996 Superio-
1350 1943 1429 1986 tuis
1452 1940 1597 1985 futuris
1622 1941 1875 1998 temporibus
1902 1949 2078 1996 quatuor
2092 1939 2334 1984 Sacerdotes

296 2011 384 2040 rum
403 2007 551 2053 ,prout
569 2011 636 2039 eos
654 2000 782 2042 teneri
798 1999 900 2040 alias
915 2001 1038 2041 Sacra
1053 2003 1290 2051 Congrega-
1350 2003 1430 2052 una
1457 2014 1550 2041 cum
1579 2000 1759 2041 Novitiis
1786 1995 1946 2048 adesse,
1975 2011 2049 2039 nec
2077 2011 2158 2040 non
2183 1995 2344 2051 lingulis

295 2059 357 2099 tio
378 2055 621 2103 declaravit,
639 2065 772 2095 certas
786 2053 1031 2095 Personasin
1049 2054 1121 2101 iis,
1138 2053 1290 2094 scilicet
1351 2056 1494 2095 diebus
1517 2053 1673 2094 Missam
1699 2053 2036 2094 Conventualem
2067 2066 2141 2107 pro
2167 2055 2346 2107 requie)

297 2110 366 2156 vel
401 2109 635 2162 Parochos,
662 2111 729 2152 vel
746 2110 930 2152 vicarios
962 2106 1150 2151 foraneos
1165 2107 1290 2161 depu·
1350 2111 1490 2155 animae
1506 2107 1584 2152 ‘suae
1599 2107 1800 2152 celebrari
1819 2107 1979 2157 voluit,
1997 2108 2146 2164 legavit
2162 2121 2178 2162 3
2193 2112 2345 2166 &qua-

295 2180 358 2216 tet
377 2199 392 2223 ,
406 2168 553 2225 quibus
574 2168 770 2225 praediaae
791 2168 961 2211 licentiae
978 2166 1120 2222 poffint
1149 2165 1288 2222 legiti-
1351 2179 1466 2212 tenus
1482 2168 1661 2224 legatum
1679 2165 1899 2219 huiusmodi
1928 2177 2138 2222 acceptare
2154 2168 2311 2212 nollent
2327 2197 2342 2221 ,

298 2229 366 2272 me
387 2226 543 2271 ostendi
568 2255 580 2267 .
609 2227 737 2282 Quod
773 2228 810 2268 &
837 2226 1068 2283 Episcopali
1096 2224 1288 2268 charitati
1351 2228 1419 2270 vel
1434 2226 1653 2272 aliasillius
1676 2226 1820 2270 effectu
1835 2225 1873 2269 se
1885 2225 2026 2282 juvare
2053 2239 2135 2270 non
2153 2228 2336 2282 pollent,

296 2288 612 2331 consentaneum
628 2288 693 2337 ,ὃς
708 2283 888 2328 discretae
902 2284 1174 2341 providentiae
1188 2297 1289 2327 con-
1351 2288 1529 2331 Domum
1546 2287 1586 2328 δι
1607 2287 1748 2329 hortos
1761 2283 1967 2341 praedictos
1981 2280 2226 2330 Monialibus
2241 2290 2334 2329 Mo-

294 2348 465 2390 veniens
480 2358 574 2385 cum
589 2343 635 2386 fit
647 2373 662 2396 ‚
687 2345 850 2398 sperant
877 2342 1186 2387 Eminentisfimi
1219 2345 1291 2384 Pa·
1351 2346 1511 2391 nasterii
1530 2349 1570 2388 S.
1586 2344 1794 2399 Augustini
1809 2370 1824 2392 ,
1838 2342 2016 2400 ejusdem
2035 2344 2228 2386 Civitatis
2242 2371 2256 2394 2
2273 2343 2344 2386 sub

296 2415 379 2448 tres
402 2401 725 2457 Amplitudinem
742 2404 870 2444 Tuam
882 2402 920 2442 in
942 2403 1019 2445 hoc
1036 2403 1162 2443 etiam
1193 2399 1291 2441 cha·
1353 2405 1478 2452 certis
1492 2402 1793 2448 conditionibus
1807 2402 1960 2459 pariter
1973 2402 2127 2458 legavit
2142 2429 2156 2452 ,
2171 2405 2210 2444 δι
2223 2402 2346 2452 alias,

297 2464 455 2507 rismata
478 2457 648 2503 meliora
665 2459 962 2502 aemulaturam·
988 2463 1096 2502 Dum
1122 2458 1183 2501 illi
1199 2457 1293 2504 diu·
1353 2472 1476 2523 prout
1507 2462 1546 2505 in
1588 2462 1697 2505 dicto
1725 2461 1966 2504 testamento
2002 2459 2163 2504 uberius
2188 2461 2344 2504 dicitur

299 2522 423 2565 tinam
440 2520 461 2560 a
483 2521 573 2559 Deo
586 2532 800 2574 precamur
813 2517 1050 2562 felicitatem
1061 2547 1073 2561 -
1355 2521 1556 2568 contineri
1581 2550 1593 2564 .
1608 2520 1812 2564 Βεῐιιηέὶο
1825 2531 1959 2563 autem
1972 2521 2243 2576 dictojoanne
2263 2523 2343 2563 An·

413 2580 554 2622 Romae
579 2592 594 2620 1
608 2593 644 2625 1·
659 2578 798 2621 Martii
819 2577 941 2622 1662.
1353 2582 1449 2638 gelo
1466 2579 1692 2632 Testatore,
1709 2589 1802 2622 tunc
1823 2579 1991 2622 exiliens
2005 2578 2207 2635 Syndicus
2225 2581 2341 2634 Apo-

953 2689 955 2691 *
1351 2641 1517 2683 stolicus
1537 2637 1778 2683 Conventus
1793 2638 1989 2681 dictorum
2003 2638 2346 2696 Exponentium

366 2696 650 2754 Amplitudinis
672 2698 762 2739 Tuae
1175 2714 1190 2741 ἰ7
1264 2715 1266 2718 ⁴
1352 2699 1529 2756 legatum
1550 2699 1780 2754 praedictum
1810 2699 1972 2740 nomine
1999 2698 2117 2741 Sedis
2145 2694 2347 2753 Apostoli-

1354 2773 1410 2803 cae
1441 2758 1698 2813 acceptavit,
1728 2758 1769 2799 δι
1792 2758 1972 2799 obtentis
1989 2765 2072 2800 tam
2092 2756 2116 2802 a
2135 2755 2311 2799 Vicario
2332 2782 2348 2806 ,

823 2816 894 2861 Uti
912 2819 1063 2861 Frater
1360 2829 1460 2861 tunc
1486 2815 1688 2861 existentis
1720 2813 2026 2872 Archiepiscopi
2059 2812 2348 2858 Avenionenlis

1356 2878 1396 2921 in
1411 2874 1684 2935 spiritualibus
1704 2874 1885 2930 generali
1898 2899 1912 2922 a
1929 2876 2048 2929 quam
2061 2875 2084 2919 ὲ
2102 2873 2267 2917 Vicario
2278 2887 2349 2930 ge-

617 2938 682 2986 V.
698 2934 946 3004 Episcopus
973 2930 1226 2986 Sabinenfis
1359 2936 1490 2981 nerali
1506 2935 1631 2978 totius
1650 2934 1814 2978 Ordinis
1840 2932 2017 2990 praedi-sti
2042 2933 2283 2989 opportunis
2297 2931 2349 2974 li·

722 3006 867 3057 Card·
883 3007 1149 3057 Sacchettus
1165 3039 1178 3053 ⁶
1358 2995 1505 3037 centiis
1523 3021 1537 3044 ³
1562 2994 1613 3036 de
1628 2993 1824 3036 mandato
1851 3000 1944 3038 tunc
1959 2993 2114 3049 pariter
2141 2989 2346 3034 existentis

1357 3054 1471 3098 Sedis
1485 3053 1677 3110 praedietae
1689 3079 1702 3100 2
1719 3065 1803 3108 quae
1819 3061 1915 3094 tunc
1933 3052 2102 3101 vacabat
2114 3077 2129 3100 a
2146 3051 2184 3092 in
2196 3047 2337 3101 eadem

1358 3114 1543 3155 Civitate
1558 3111 1826 3156 Avenionenli
1841 3139 1855 3161 ,
1878 3110 1919 3150 &
1936 3109 2146 3152 Comitatu
2165 3106 2346 3163 Venays·

364 3175 540 3229 Exempl.
561 3176 751 3218 Autbent.
765 3179 806 3218 ln
824 3175 1013 3218 Archiivo
1041 3178 1183 3218 Gener.
1200 3170 1294 3215 Ord.
1354 3171 1437 3214 fino
1453 3172 1570 3214 Vice-
1582 3169 1749 3225 Legati,
1762 3170 1802 3211 &
1819 3166 1902 3223 ipso
1914 3165 2104 3223 praesente
2125 3166 2238 3208 dictae
2253 3169 2340 3208 Do·

365 3236 558 3278 Arenaria
574 3235 787 3279 Provincia
806 3234 848 3277 5.
864 3233 1090 3279 Ludovici.
1355 3230 1440 3274 msts
1459 3228 1708 3284 probationis
1723 3256 1736 3278 ,
1762 3226 1827 3268 seu
1847 3223 2076 3268 Novitiatfis
2108 3223 2340 3268 fundamen-

1354 3299 1396 3333 ta
1412 3317 1427 3339 ‚
1440 3302 1513 3343 per
1544 3287 1776 3343 praedit‘tum
1793 3284 2000 3326 Vitiarium
2029 3282 2335 3340 Archiepiscopi

1354 3346 1662 3396 Avenioncnfis,
1678 3344 1789 3401 juxta
1806 3341 1975 3385 formam
1991 3355 2065 3399 per
2079 3341 2246 3385 Rituale
2259 3342 2342 3386 Ro-

1354 3419 1517 3451 manum
1541 3403 1835 3462 praescriptam,
1861 3400 1985 3456 posita
2012 3403 2259 3451 fuerunt,&
2291 3415 2341 3444 ex

1354 3477 1450 3509 tunc
1474 3466 1731 3520 Exponentes
1747 3459 1920 3516 praediffi
1943 3460 2236 3505 habitationem
2253 3464 2341 3504 No-

1355 3525 1544 3570 vitiorum
1560 3523 1638 3579 jam
1654 3523 1677 3566 a
1693 3521 1874 3577 pluribus
1893 3519 2006 3563 annis
2036 3520 2075 3563 in
2090 3520 2196 3563 dicta
2225 3519 2342 3563 Civi—

1350 3595 1435 3628 tate
1454 3581 1719 3627 Avenionenli
1740 3579 1974 3623 existentem
1991 3608 2006 3632 ,
2021 3579 2061 3624 in
2079 3579 2227 3622 dietam
2253 3581 2343 3622 Do-

1345 3658 1454 3688 mum
1479 3643 1653 3698 legatam
1671 3638 2007 3696 transportarunt,
2022 3652 2068 3681 ac
2083 3639 2124 3682 in
2139 3638 2209 3683 illa
2224 3638 2339 3682 Cho·

1349 3718 1440 3748 rum
1467 3717 1560 3745 cum
1587 3700 1856 3744 Sacramentis
1884 3712 2075 3742 exercere
2091 3707 2309 3754 coeperunt
2323 3727 2338 3750 ,

1353 3763 1465 3806 ficuti
1484 3762 1536 3804 de
1559 3760 1739 3823 praesenti
1759 3768 1951 3802 exercent
1983 3758 2024 3800 in
2042 3758 2213 3816 Capella
2228 3770 2339 3857 ’‘iluae

1350 3822 1391 3877 in
1407 3822 1551 3865 eadem
1574 3823 1713 3864 Domo
1734 3820 1891 3874 legata,
1912 3818 2151 3862 auctoritate
2167 3820 2258 3872 Apo
2293 3830 2337 3858 o·

2199 3875 2279 3916 lica
