2638 4088
400 281 584 371 *374
1120 249 1668 335 Provincia

351 400 465 450 hanc
497 397 685 448 eandem
716 396 1023 466 Fr.Josephus
1039 393 1096 445 ab
1119 396 1388 462 Antiquaria
1411 397 1666 445 Provinciae
1694 392 1924 444 Definitor
1941 427 1956 451 ,
1983 391 2034 443 ὃ(
2057 394 2317 444 Ludovicus
2348 395 2398 443 de

352 471 503 536 Priego
536 470 775 527 meruere3
808 468 986 532 primus
1013 467 1204 533 quidem
1232 467 1280 517 in
1316 470 1483 536 Regno
1514 468 1669 536 Congi
1697 482 1818 516 anno
1856 473 2003 527 1642.
2022 499 2038 521 ,
2064 465 2179 513 alter
2209 464 2319 516 vero
2351 467 2396 513 in

349 542 675 593 Promontorio
705 536 842 587 viridi
875 554 993 586 anno
1033 547 1181 599 1649.
1207 572 1223 594 ,
1268 535 1505 605 postquam
1538 551 1728 604 uterque
1758 538 1910 603 plures
1947 533 2074 583 sacro
2102 536 2237 583 latice
2264 551 2397 584 mun·

348 612 480 662 datos
500 646 517 669 ,
549 608 596 660 ὅ(
619 609 767 679 gratia
791 605 1058 659 Christianae
1083 605 1368 678 profeffionis
1397 607 1575 658 vinctos
1605 643 1622 668 ‚
1661 608 1862 659 libertati
1893 603 2100 656 filiorum
2126 607 2216 656 Dei
2241 619 2400 676 aggre-

384 681 513 733 asset.

347 699 380 754 g
488 756 682 801 Famam
711 764 900 802 econtra
935 750 1170 801 sanstioris
1198 749 1246 802 ὅ(
1277 749 1500 820 prodigiis
1530 747 1729 799 coruscae
1753 750 1860 798 vitae
1893 748 2014 798 inter
2050 747 2301 798 Provinciae
2339 747 2402 796 la·-

347 842 418 875 res
446 819 598 889 adepti
630 819 733 872 sunt
760 825 932 873 Servus
961 824 1048 874 Dei
1081 819 1344 872 Franciscus
1371 820 1653 889 Hispalensis
1683 838 1735 869 ex
1763 818 1925 869 illustri
1952 819 2003 868 de
2032 818 2200 887 Velafio
2217 853 2233 877 ,
2253 818 2404 867 Fami-

348 896 434 950 lia,
447 898 542 955 jam
556 892 665 942 alias
691 907 1003 952 memoratus,
1032 897 1108 944 Fr.
1136 899 1335 944 Severus
1363 893 1389 940 ὲ
1416 897 1596 942 Lucena
1616 928 1631 950 ‚
1657 908 1712 940 ex
1737 890 1878 940 nobili
1905 890 1955 940 de
1985 889 2140 943 Tovar
2166 886 2402 958 prosapia,

346 961 395 1014 ἃ
426 967 499 1012 Fr.
515 961 741 1032 Josephus
769 963 826 1014 de
855 965 1042 1015 Linares
1070 1001 1085 1024 ,
1117 983 1171 1014 ex
1201 965 1414 1031 praeclara
1459 965 1627 1031 pariter
1659 961 1794 1031 stirpe
1825 975 1956 1011 ortus
1982 997 1998 1022 ,
2031 962 2147 1030 qui,
2183 960 2400 1028 quamvis

345 1036 450 1084 vitae
474 1032 657 1084 cursum
684 1032 1048 1086 consummarint
1076 1034 1157 1085 sub
1186 1036 1431 1085 Provincia
1459 1032 1664 1084 Castellae
1689 1035 1936 1083 militantes
1955 1068 1971 1090 ,
2012 1030 2150 1102 digne
2184 1048 2403 1098 quoque,

344 1105 452 1154 huic
483 1103 774 1155 accensentur
801 1141 816 1163 ,
846 1124 952 1156 cum
982 1109 1153 1156 cineres
1179 1107 1382 1155 duorum
1411 1107 1670 1172 primorum
1701 1105 1980 1172 Antiquariae
2004 1139 2020 1162 ,
2053 1104 2102 1156 ὅ(
2129 1103 2252 1152 tertii
2283 1105 2402 1151 Gra-

345 1186 462 1224 natae
491 1175 773 1243 requiescant
803 1211 819 1234 ‚
863 1175 912 1228 ἃ
940 1178 1212 1228 cunctorum
1242 1178 1468 1227 memoria
1492 1177 1680 1227 virtutis
1721 1178 1767 1225 in
1811 1176 1953 1226 tertio
1982 1174 2237 1226 Annalium
2267 1186 2399 1221 tomo

325 1243 607 1314 «conscripta.-
639 1247 899 1311 devotione¹
922 1250 1080 1317 populi
1108 1246 1406 1309 conservetur
1424 1283 1436 1296 .

486 1315 704 1369 Retinent
734 1318 921 1368 eandem
953 1316 1123 1368 famam
1156 1323 1232 1368 Fr.
1266 1316 1554 1387 Augustinus
1582 1315 1874 1367 Granatenfis
1904 1311 2189 1386 suprafatus,
2217 1309 2402 1364 illustris

346 1390 551 1438 Familiae
583 1406 737 1438 ramus
757 1424 772 1447 ,
804 1391 1121 1439 Concionator
1148 1404 1266 1439 notae
1293 1388 1528 1456 specialis,
1557 1387 1605 1439 ὅ(
1637 1391 1812 1455 primus
1847 1389 2096 1439 Provinciae
2127 1380 2397 1438 Commissa-

341 1461 436 1508 rius
472 1462 744 1509 Generalis:
783 1463 859 1508 Fr.
877 1458 1106 1528 Josepbus
1131 1456 1415 1528 Hispalensis
1443 1476 1499 1508 ex
1529 1459 1670 1510 nobili
1698 1460 1748 1508 de
1775 1459 1930 1508 Porras
1953 1457 2087 1527 stirpe
2110 1493 2125 1516 ,
2156 1459 2200 1506 in
2229 1454 2392 1505 saeculo

340 1531 528 1579 militari
560 1534 606 1580 S.
625 1529 792 1598 Jacobi
820 1530 1001 1580 Ordine
1036 1529 1304 1600 infignitus3
1339 1530 1387 1582 ὅ(
1411 1534 1487 1579 Fr.
1513 1530 1776 1580 Franciscus
1807 1531 2043 1581 Antonius
2072 1527 2129 1578 de
2149 1526 2395 1583 Corduba,

342 1617 396 1647 ex
440 1599 648 1666 praecelsa
687 1602 1016 1651 Marchionum
1053 1603 1103 1651 de
1133 1602 1283 1670 Priego
1313 1602 1530 1671 progenie
1559 1637 1572 1650 .
1612 1605 1715 1651 Nec
1741 1603 1923 1650 reticeri
1951 1600 2086 1650 debet
2124 1602 2282 1648 Frater
2305 1601 2399 1645 Au-

339 1668 542 1736 gustinus
583 1670 645 1719 ab
691 1673 967 1737 Antiquaria
999 1710 1016 1731 ,
1059 1673 1259 1737 Joannes
1308 1675 1359 1722 de
1407 1672 1579 1738 Castillo
1619 1679 1672 1722 &⁴
1721 1672 1894 1722 Padilla
1934 1673 1980 1719 in
2023 1667 2188 1719 saeculo
2216 1668 2395 1726 dictum

336 1755 429 1788 non
463 1737 617 1790 solum
651 1741 771 1790 enim
814 1745 1107 1793 Provinciam
1142 1743 1224 1794 suae
1263 1742 1570 1793 converfionis
1610 1743 1668 1793 ad
1713 1760 1796 1792 nos
1835 1740 2028 1793 tranfitu
2051 1742 2234 1791 ornavit
2269 1774 2286 1798 ‚
2322 1736 2398 1787 sed

334 1807 384 1858 ὅ(
416 1810 654 1860 conductis
682 1809 834 1861 secum
867 1812 1049 1862 duobus
1078 1815 1206 1862 Filiis
1221 1849 1238 1871 ,
1260 1815 1479 1863 videlicet
1514 1817 1673 1862 Frater
1688 1811 2060 1881 Hermenegildo
2077 1845 2094 1869 ,
2118 1809 2168 1862 &
2185 1808 2396 1860 Leandro

334 1876 657 1942 foecundavit,
688 1899 892 1950 quorum
922 1885 1139 1934 ultimum
1181 1887 1330 1935 virtus
1360 1885 1612 1935 Catholicae
1646 1882 1900 1947 Majestatis
1936 1882 2399 1939 Concionatotenu,

335 1954 384 2001 S.
410 1950 573 2003 Officii
597 1953 903 2020 Inquisitionis
917 1955 1300 2022 Qalificatorem
1320 1993 1336 2016 ,
1374 1954 1423 2009 ὃς
1443 1953 1708 2006 Ministrum
1725 1955 2062 2007 Provincialem
2087 1952 2395 2003 renuntiavit.

476 2026 650 2075 Allecti
684 2027 769 2076 hoc
794 2029 978 2077 virtutis
1010 2030 1222 2096 exemplo
1247 2065 1263 2087 ‚
1298 2029 1423 2080 avito
1453 2025 1705 2079 nobilitatis
1739 2027 1962 2097 Sanguini
1992 2024 2261 2094 Evangeliei
2291 2039 2399 2073 con-

334 2093 533 2162 temptus
567 2096 891 2165 profeffionem
937 2102 1239 2166 praetulerunt
1272 2104 1346 2150 Fr.
1385 2098 1643 2163 Stephanus
1682 2095 1979 2148 Granatenfis
2024 2114 2079 2146 ex
2115 2093 2395 2145 nobiliffima

331 2166 380 2213 de
401 2167 574 2216 Rivera
605 2173 793 2226 Domo,
823 2172 989 2218 lineam
1020 2169 1269 2216 stemmatis
1301 2168 1327 2212 a
1359 2165 1578 2231 sanguine
1597 2169 1790 2214 Ducum
1818 2168 1868 2214 de
1896 2167 2031 2213 Areos
2056 2165 2282 2216 ducente:
2312 2168 2392 2214 Fr.

332 2237 460 2282 Felix
476 2236 773 2283 Granatenfis
789 2233 1139 2283 Commissarius
1163 2234 1405 2283 Generalis
1423 2268 1438 2290 ,
1462 2251 1514 2282 ac
1533 2235 1833 2284 Provincialis
1846 2270 1863 2293 ,
1888 2253 1943 2284 ex
1956 2236 2186 2303 parentela
2204 2239 2392 2284 Ducum

329 2303 381 2351 de
398 2300 606 2361 Naxera,
638 2305 755 2352 &de
774 2302 989 2371 Maqueda
1016 2304 1263 2351 oriundus:
1303 2308 1378 2350 Fr.
1403 2301 1609 2350 Leander
1630 2303 1971 2360 Cordubenfis,
2001 2322 2057 2351 ex
2082 2306 2281 2353 Familia
2299 2305 2390 2357 de„

330 2373 515 2422 Herrera
538 2374 776 2428 Fernandez
794 2408 808 2429 ‚
839 2375 1043 2438 plurium
1075 2377 1259 2421 Ducum
1278 2408 1294 2429 ,
1324 2372 1658 2421 Marchionum
1687 2370 1737 2423 ὅ(
1759 2375 2008 2423 Comitum
2037 2370 2258 2422 affinitate
2287 2374 2391 2424 illu·

331 2443 435 2492 stri:
466 2447 539 2491 Fr.
562 2440 828 2493 Franciscus
851 2446 877 2490 a
899 2445 1134 2500 Granata,
1164 2445 1210 2491 in
1243 2442 1406 2492 saeculo
1436 2444 1654 2493 Marchio
1680 2444 1732 2494 de
1761 2444 2042 2513 Algarinesb:
2080 2448 2158 2494 Fr.
2184 2446 2390 2514 Joannes

328 2514 638 2579 Raymundus
664 2511 960 2581 Hispalensis,
975 2533 1029 2563 ex
1055 2514 1220 2563 celebri
1246 2519 1436 2564 Ducum
1460 2515 1510 2564 de
1527 2514 1777 2565 Montemar
1802 2514 2063 2566 (J‘Bt'tonto
2088 2513 2262 2585 stipite:
2292 2520 2386 2567 FF.

329 2586 603 2636 Theodorus
622 2621 635 2642 ,
651 2587 840 2634 Gabriel
860 2620 875 2642 ,
903 2585 950 2636 ὅ(
969 2584 1159 2651 Caspar,
1178 2584 1470 2654 Hispalenses
1487 2623 1501 2644 ‚
1530 2604 1583 2636 ex
1597 2586 1840 2637 clariffima
1862 2588 1914 2638 de
1929 2586 2130 2655 Nestares
2159 2584 2387 2655 prosapia,

329 2659 508 2705 Fratres
542 2654 792 2707 secundum
823 2674 1007 2705 carnem
1043 2660 1285 2727 germani:
1324 2662 1401 2707 Fr.
1419 2659 1636 2709 Hilarion
1665 2658 1722 2708 de
1751 2662 1917 2717 Loxa,
1939 2676 1998 2709 ex
2024 2657 2303 2708 nobiliffimo
2335 2659 2385 2708 de

326 2726 481 2794 Rffzl
509 2725 637 2776 satu:
679 2732 754 2778 Fr.
786 2731 1017 2796 Eugenius
1052 2727 1345 2779 Granatenfis
1377 2727 1628 2797 conspicuae
1657 2731 1708 2780 de
1735 2729 1828 2788 Paz
1857 2733 2009 2801 gentis
2042 2745 2258 2800 germen:
2300 2733 2379 2780 Fr.

329 2801 475 2847 Lucas
503 2796 781 2867 Hispalenfis
798 2836 811 2856 ,
831 2818 885 2848 ex
903 2799 1184 2851 nobiliffimo
1208 2801 1257 2849 de
1288 2800 1388 2849 Soto
1405 2840 1420 2863 ,
1449 2803 1504 2850 (θ’
1532 2801 1771 2869 Langarica
1801 2819 1994 2871 genere:
2033 2798 2296 2870 Fr.Joseph
2323 2801 2382 2851 de

324 2870 604 2928 Marenem,
634 2889 688 2919 ex
714 2869 885 2920 famosa
910 2872 960 2919 de
983 2869 1151 2938 ,Quiros
1183 2869 1378 2922 familia:
1407 2877 1484 2922 Fr.
1501 2871 1678 2943 Joseph
1717 2875 1907 2942 inclytae
1936 2874 1987 2924 de
2019 2873 2166 2937 Ayala
2196 2870 2380 2924 Domus

327 2943 506 3007 proles:
547 2944 835 3011 Fr.Joannes
866 2942 1131 2994 Franciscus
1156 2943 1479 3002 Granatenfis‚
1509 2962 1570 2993 ex
1596 2944 1914 3014 spestatiffima
1943 2946 1995 2996 de
2014 2945 2189 2995 Arriola
2219 2961 2378 3011 propa·

326 3014 460 3079 gine:
502 3015 578 3062 Fr.
597 3015 801 3062 Michaffl
820 3011 874 3061 de
895 3012 1134 3079 Qesada‚
1162 3013 1347 3085 insignis
1371 3017 1421 3064 de
1446 3016 1532 3066 Los
1552 3016 1696 3083 Bustos
1723 3016 1942 3087 prosapiae
1967 3016 2174 3068 soboles:
2199 3020 2274 3065 Fr.
2294 3012 2377 3064 lfi·

325 3084 467 3132 dorus
497 3083 776 3151 Hispalensis
797 3121 812 3142 ,
836 3102 891 3133 ex
916 3085 1161 3135 clariffimo
1190 3087 1239 3134 de
1266 3084 1469 3136 ‹Medina
1509 3088 1720 3139 Vicentelo
1746 3087 2011 3139 stemmate:
2045 3092 2122 3138 Fr.
2151 3085 2374 3156 Augusti-

326 3170 409 3202 nus
427 3154 721 3205 Granatenfis
739 3157 950 3206 Clericus
966 3191 983 3214 ,
1013 3157 1121 3206 alias
1148 3159 1242 3218 jam
1268 3158 1457 3208 laudatae
1479 3160 1529 3207 de
1550 3161 1736 3210 Alarcon
1751 3159 1934 3211 Domfis
1958 3173 2114 3228 partus
2133 3179 2144 3207 :
2180 3160 2376 3208 Fr.Ma-

323 3223 461 3271 thaeus
494 3223 773 3347 ΗὲζΓρειΙεηΓιε
798 3229 970 3287 laicus,
1005 3245 1061 3277 ex
1093 3227 1427 3296 antiquissima,
1460 3227 1508 3281 ὅ(
1542 3234 1757 3283 Heroum
1788 3228 1996 3282 faecunda
2030 3231 2079 3282 de
2105 3228 2369 3284 Mendoch,

324 3296 514 3343 Familia
579 3315 618 3345 c.

468 3369 534 3416 Hi
553 3402 568 3425 ,
604 3367 652 3419 ὅ(
676 3369 753 3418 alii
777 3404 792 3427 ‚
820 3387 934 3436 quos
964 3372 1192 3439 praeterire
1223 3389 1366 3441 cogor
1384 3408 1399 3430 ‚
1431 3370 1479 3421 id
1499 3407 1515 3428 ,
1544 3374 1668 3439 quod
1701 3373 1930 3443 sanguinis
1960 3369 2096 3436 jubar
2128 3372 2364 3441 praestitit,

325 3434 398 3483 vel
429 3436 628 3497 virtute,
653 3442 725 3490 vel
758 3440 1003 3500 industria,
1035 3445 1107 3492 vel
1141 3441 1300 3511 spiritu
1334 3441 1604 3511 superarunt
1639 3445 1859 3495 doftrinae
1879 3479 1892 3492 .

461 3510 598 3558 Hanc
616 3510 663 3562 ὃς
682 3510 900 3582 infignem
919 3513 1120 3563 narrabit
1144 3528 1246 3563 aetas
1278 3516 1322 3562 in
1351 3516 1508 3582 amplo
1529 3515 1611 3564 illo
1629 3519 1845 3566 Fratrum
1865 3531 2060 3564 numero
2078 3550 2094 3573 ,
2125 3515 2204 3581 qui
2222 3518 2362 3564 Rem-

320 3575 548 3639 publicam
572 3583 891 3642 Litterariam,
921 3581 1038 3634 foetu
1067 3582 1128 3634 sui
1162 3584 1295 3634 studii
1324 3582 1674 3645 collustratum,
1708 3587 1756 3640 ὅ(
1782 3603 1979 3654 quorum
2010 3587 2197 3636 nomina
2227 3587 2270 3634 in
2290 3587 2365 3636 Bi·

321 3643 543 3726 blio'theca
576 3654 767 3703 Ordinis
793 3654 979 3704 obviam
1007 3657 1180 3705 clarent
1198 3691 1213 3714 ,
1246 3658 1309 3705 ita
1336 3671 1385 3706 ut
1415 3655 1541 3706 aliud
1567 3659 1677 3707 mihi
1708 3677 1796 3709 non
1833 3657 1990 3715 restet,
2017 3658 2156 3724 quam
2182 3670 2235 3706 ut
2259 3673 2359 3724 pro-

315 3715 469 3774 Jestim
506 3723 723 3774 recenfito
750 3743 910 3775 eorum
945 3729 1142 3785 meritc,
1176 3745 1291 3795 quos
1312 3727 1447 3778 Ordo
1474 3726 1633 3778 habuit
1665 3747 1718 3780 ex
1751 3733 1834 3781 hac
1860 3730 2100 3779 Provincia
2135 3725 2361 3779 Definito-

320 3799 389 3832 res
409 3790 654 3842 Generales
671 3831 686 3852 ,
717 3797 1018 3862 colophonem
1050 3815 1244 3865 ponam.

460 3861 644 3912 Horum
668 3866 872 3932 primum
897 3867 1008 3919 mihi
1026 3868 1196 3937 regesta
1217 3869 1544 3939 Capitulorum
1567 3874 1866 3924 Generalium
1897 3869 2110 3922 exhibent
2125 3875 2202 3990 Ff.
2219 3875 2355 3920 Fran·

2114 3959 2154 3990 Cl
2179 3958 2285 3990 cum
