2638 4088
372 127 546 211 340

307 241 646 295 Commiffione
669 245 1013 316 praepofitarum
1035 243 1298 295 litterarum

370 314 749 386 Apostolicarum
781 315 919 366 finem
955 311 1090 366 suurn
1109 331 1201 365 non
1235 328 1301 365 at·

376 393 579 461 tingente
606 425 621 448 ,
658 392 736 438 Fr.
777 385 973 435 Paulum
1000 384 1026 436 ὅ
1055 385 1305 440 Colindres

375 459 698 530 Apostolicum
713 455 967 506 Provinciae
983 453 1304 517 Vifitatorem,

375 531 426 584 &
443 529 819 582 Reformatorem
836 538 973 580 motu
989 529 1182 599 proprio
1198 545 1306 580 con-

375 602 546 653 stituit.

308 731 470 774 Dileblo
501 724 607 772 Filio
632 754 648 778 ,
678 725 797 768 Paulo
822 726 869 770 de
897 726 1098 775 Colindres
1127 756 1144 780 ,
1184 726 1306 773 ordi-

364 794 424 832 nis
466 788 665 832 Fratrum
701 786 908 833 Minorum
936 785 1073 832 ,3σηίἶὶ
1106 790 1242 832 Fran-

419 846 511 904 cifii
540 844 834 901 Capacinorum
868 855 1186 901 nuncupatorum

691 902 927 967 Profifflrt'.

309 1027 526 1079 BENE
547 1025 874 1085 DICTUS
913 1028 1124 1077 PAPA
1158 1027 1308 1081 XIV.

374 1143 531 1190 Dileaee
562 1142 652 1188 Fili
671 1143 881 1202 fhlutem,
905 1146 960 1197 &³
985 1143 1249 1204 Apostolicam

641 1204 969 1254 Benediffionem.

418 1311 616 1359 Astoralis
645 1311 768 1360 officii
799 1314 926 1359 nostri
971 1312 1172 1357 divinitus
1196 1325 1313 1354 com-

441 1370 543 1418 misii
580 1370 819 1421 sollicitudo
859 1377 946 1418 Nos
987 1373 1221 1422 admonet,
1265 1379 1310 1416 ut

306 1441 521 1486 paternam
544 1429 846 1484 Religiosorum
876 1433 1072 1478 Virorum
1088 1461 1103 1483 ,
1127 1431 1197 1487 qui
1231 1429 1309 1474 se)

306 1488 348 1532 se
376 1488 446 1531 sub
480 1488 592 1532 suavi
636 1492 822 1539 arctioris
862 1491 953 1534 vitae
991 1489 1085 1545 jugo
1121 1490 1309 1540 devove-

306 1557 403 1593 runt
435 1578 450 1602 ,
473 1562 611 1592 curam
641 1558 832 1605 gerentes
859 1575 874 1599 ,
903 1550 951 1595 iis
977 1547 1186 1592 interdum
1213 1561 1308 1604 pro·

308 1607 453 1650 videre
479 1606 739 1657 studeamus,
766 1607 867 1658 ficut
900 1618 1168 1665 temporum,
1189 1606 1308 1656 loco-

307 1678 398 1709 rum
424 1693 439 1715 ,
474 1666 513 1705 &
552 1665 815 1718 personarum
853 1668 1120 1725 qualitatibus
1150 1665 1308 1711 mature

307 1722 576 1769 consideratis
603 1752 618 1775 ‚
658 1725 713 1771 ad
740 1727 1052 1782 omnipotentis
1092 1726 1171 1772 Dei
1215 1724 1310 1778 glo-

305 1783 441 1835 riam,
470 1777 716 1839 felicemque
746 1783 979 1838 Religionis
1001 1781 1309 1840 progressum-a,

306 1837 584 1896 regularisque
609 1841 830 1896 disciplinae
850 1842 1158 1892 observantiam
1183 1852 1310 1898 expe,

305 1900 397 1945 dire
418 1901 457 1946 in
476 1900 656 1945 Domino
671 1901 944 1952 arbitramurz
1243 1900 1247 1902 “

424 1961 535 2002 Cum
566 1984 582 2009 ,
620 1959 717 2008 ficut
747 1962 980 2018 accepimus
1006 1988 1020 2012 ,
1065 1959 1106 2006 ln
1132 1959 1310 2009 Provin⁴

308 2019 370 2064 cia
395 2018 598 2067 Valentiae
635 2018 806 2069 Ordinis
848 2023 1038 2069 Fratrum
1067 2019 1314 2068 Minorumd

307 2079 444 2125 Sansti
476 2077 676 2127 francisci
709 2079 1018 2136 Capueinorum
1053 2087 1317 2135 nuncupator..

309 2152 397 2184 rum
424 2136 735 2192 quamplurima:
757 2138 1085 2190 perturbationes
1109 2163 1126 2185 ,
1161 2131 1314 2178 inordi-

309 2193 606 2246 nationesque,
629 2193 684 2233 ob
711 2191 905 2247 quasdam
926 2189 1211 2237 ordinationes
1238 2201 1312 2230 an-

309 2265 365 2298 no
397 2248 520 2304 1735.¹
546 2248 568 2290 a
592 2258 690 2294 tunc
721 2250 919 2297 existente
946 2250 1172 2293 Provinciae
1213 2260 1312 2301 prae-

311 2311 424 2355 dieta
451 2306 672 2352 visitatore
700 2310 954 2364 praescriptas
978 2309 1141 2362 vigeant
1171 2331 1186 2354 ,
1223 2308 1310 2347 Nos

309 2382 360 2412 ex
392 2365 570 2421 injuncto
592 2365 722 2408 Nobis
763 2364 958 2407 divinitus
989 2360 1202 2411 Pastor-alis
1234 2359 1313 2408 Of·

310 2426 390 2471 ficii
415 2421 644 2478 hujusmodi
668 2420 1070 2478 debito,praemiffa,
1097 2420 1218 2477 quam
1241 2433 1313 2462 ce·-

309 2481 478 2530 lerrime
503 2494 744 2539 removere,
768 2481 1010 2529 &eamdem
1026 2479 1315 2532 Provinciam,

315 2542 509 2600 illiusque
545 2541 730 2586 membra
776 2542 821 2588 in
875 2539 1051 2598 pristinas
1097 2538 1314 2587 charitatis

314 2614 555 2656 compagem
584 2600 738 2649 restitui
766 2629 780 2651 ,
809 2601 850 2648 ὃς
878 2598 1203 2649 Ecclefiasticam
1227 2601 1315 2642 Re-

314 2663 582 2720 gularemque
611 2659 871 2715 disciplinam
895 2659 1036 2710 ,‘ubi‚
1069 2657 1313 2706 benedicen-

309 2734 352 2765 te
374 2719 557 2766 Domino
579 2743 596 2769 ,
626 2720 737 2774 viget
764 2747 778 2770 ,
805 2716 959 2766 firmius
986 2717 1310 2774 constantiusque

312 2783 577 2839 perseverare
597 2806 612 2830 ,
658 2777 727 2826 ubi
753 2790 853 2823 vero.
878 2777 1032 2825 excidit
1059 2806 1075 2830 ,
1105 2787 1308 2834 opportu-

312 2841 376 2884 nis
413 2837 640 2887 rationibus
687 2837 929 2892 reintegrari
961 2837 1176 2893 cupientes
1203 2861 1218 2885 ,
1262 2848 1308 2878 ac

314 2902 377 2943 Te
406 2928 420 2949 ,
457 2898 526 2956 qui
550 2892 729 2953 ejusdem
755 2896 922 2939 Ordinis
955 2899 1098 2939 Frater
1124 2892 1312 2951 expresse

313 2957 511 3016 professus
543 2954 676 2998 existis
707 2985 721 3007 ,
751 2956 776 3003 ὸ,
799 2953 1001 3015 quibusvis
1035 2953 1316 3001 excommuni-.

315 3018 485 3062 cationis
501 3019 578 3058 δίε.
596 3013 825 3062 absolutum
849 3011 938 3059 fore
959 3014 1197 3064 censentes,
1225 3016 1316 3056 Mo·

319 3087 363 3120 tu
382 3076 583 3132 proprio,
613 3076 654 3122 &
679 3089 728 3118 ex
754 3083 870 3117 certa
899 3073 1092 3122 scientia,
1119 3073 1160 3120 ὃς
1186 3080 1317 3117 matu-

321 3150 364 3178 ra
393 3133 698 3181 deliberatione
723 3134 868 3178 nostris
901 3163 916 3190 ,
952 3134 1085 3190 deque
1113 3129 1319 3188 Apostoli-

319 3208 372 3236 cae
395 3192 603 3252 potestatis
637 3192 890 3247 plenitudine
920 3219 935 3246 ,
964 3195 1029 3242 Te
1059 3221 1072 3245 ,
1111 3190 1165 3238 de
1207 3188 1316 3245 eujus

322 3251 430 3302 fide,
445 3251 675 3306 prudentia,
693 3254 970 3306 dexteritate,
997 3252 1228 3302 charitate,
1257 3251 1317 3294 in·

322 3314 516 3366 tegi-itate
546 3341 561 3363 ,
606 3310 812 3364 vigilantia
838 3341 853 3363 ,
892 3315 932 3354 δι
959 3309 1186 3374 Religionis
1227 3309 1319 3358 zelo

322 3369 539 3426 plurimum
565 3372 606 3413 in
635 3371 812 3416 Domino
826 3370 1093 3424 confidimus,
1121 3369 1318 3417 visitato-

323 3443 414 3472 rem
446 3427 725 3487 Apostolicum
754 3459 767 3481 ,
808 3446 853 3473 ac
884 3431 1215 3478 Reformatorem
1237 3443 1321 3472 me-

322 3499 490 3536 moratae
528 3490 751 3533 Provinciae
789 3489 988 3538 Valentiae
1025 3492 1121 3538 dieti
1155 3489 1321 3535 Ordinis

325 3550 459 3591 saneti
491 3548 693 3595 Francisci
722 3551 1027 3604 Capucinorum
1064 3559 1299 3606 nuncupato

328 3621 440 3654 rum,
473 3619 615 3654 tenore
636 3606 887 3661 praesentium
910 3611 1189 3656 constituimus
1219 3635 1234 3658 ,
1276 3609 1316 3658 &,

328 3667 566 3718 deputamus
584 3696 597 3719 ,
622 3669 796 3724 'sibique
811 3678 921 3709 motu
935 3698 948 3719 ,
975 3671 1138 3715 scientia
1156 3699 1169 3721 ,
1193 3670 1229 3717 5ι
1246 3682 1318 3725 ρο-

330 3726 480 3767 testatis
509 3727 766 3783 plenitudine
793 3729 954 3786 paribus
993 3729 1315 3780 committimus,

1062 102 1659 189 Provincia

1359 244 1401 287 dt
1423 242 1661 288 mandamus
1689 274 1705 296 ‚
1735 251 1781 288 ut
1807 247 1992 292 eamdem
2019 252 2317 296 Provinciam.»
2336 279 2354 303 2

1362 302 1550 360 illiusque
1576 305 1848 360 Superiores,
1879 307 2038 350 fratres
2056 335 2072 356 ,
2097 311 2352 355 &Personas

1361 361 1544 420 cujusvis
1574 361 1727 415 status,
1753 359 1900 418 gradus
1916 366 2213 421 ,conditionis,
2227 384 2354 424 praee-

1361 422 1596 472 minentiae,
1628 423 1669 465 &
1697 422 1907 479 dignitatis
1934 423 2105 468 existant
2127 454 2143 478 ,
2166 441 2214 469 ac
2241 427 2355 470 Con-

1366 491 1540 535 ventus,
1569 480 1796 534 Ecclefias,
1830 485 1984 527 Domos
2011 511 2025 535 ,
2049 484 2090 525 δι
2118 484 2197 529 alia
2232 483 2354 530 locu-2

1344 539 1868 601 —Regulariaquaecumque
1886 541 2023 586 tamin
2049 545 2214 599 capite,
2237 541 2358 598 quam

1367 602 1408 645 in
1435 600 1629 646 membris
1647 601 1787 646 vifites
1810 627 1826 651 ,
1851 614 1897 643 ac
1923 602 1966 646 in
1991 601 2156 646 illorum
2181 602 2355 655 statum,

1368 660 1492 705 vitam
1523 687 1537 710 ,
1576 674 1710 703 mores
1756 687 1773 710 ,
1809 660 1911 707 ritus
1940 690 1956 714 ,
1992 662 2032 703 δι
2068 661 2360 719 disciplinatius

1364 717 1585 777 diligenter
1619 719 1795 776 inquiras
1828 746 1844 770 ,
1881 732 1960 763 nec
2009 734 2089 764 non
2145 720 2360 776 Evangeli-

1360 777 1449 823 licae
1475 806 1489 830 ,
1529 780 1569 821 &
1603 777 1843 835 Apostolicae
1867 777 2060 823 doetrinae
2087 807 2102 830 ,
2134 778 2359 824 sacrorum-

1362 851 1444 894 que
1475 841 1716 888 Canonum,
1741 839 1780 882 δι
1804 839 2043 881 Sanftorum
2074 841 2244 884 Petrum
2270 849 2361 882 traa-

1364 896 1591 942 ditionibus
1626 927 1640 950 ‚
1670 896 1970 955 regularibusve
2011 897 2178 941 ordinis
2218 895 2362 955 praedi-

1367 957 1420 1001 6ὶί
1446 956 1641 1002 institutis
1665 985 1679 1008 ,
1716 956 2093 1003 Constitutionibus
2120 983 2135 1006 ,
2175 957 2215 999 δι
2242 955 2365 999 Ordi-

1369 1015 1597 1062 nationibus
1644 1016 1901 1070 generalibus
1952 1018 2194 1061 auetoritate
2250 1020 2369 1072 Apo-

1371 1074 1510 1120 stolica
1562 1076 1797 1131 approbatis
1827 1104 1843 1126 ,
1885 1076 1925 1116 δι
1980 1075 2092 1119 dieta
2142 1074 2366 1119 Provinciae

1371 1133 1683 1189 municipalibus
1715 1133 1980 1186 inhaerendo,
2003 1148 2264 1191 quaecumque
2297 1148 2366 1176 re-

1374 1192 1646 1242 formatione,
1663 1193 1892 1240 mutatione
1905 1221 1920 1247 ,
1934 1193 2210 1241 correctione,
2228 1205 2367 1235 emen·

1374 1252 1541 1300 datione
1555 1253 1849 1304 ,revocatione
1867 1281 1880 1304 ,
1894 1267 1938 1296 ac
1960 1252 2225 1297 renovatione
2253 1249 2364 1293 indi-

1373 1326 1474 1373 gere
1496 1312 1765 1367 cognoveris,
1797 1311 1992 1360 reformes
2012 1322 2206 1370 ,mutes,
2237 1307 2370 1353 corri-

1372 1385 1441 1428 gas
1456 1397 1471 1420 ,
1502 1384 1700 1423 revoces,
1729 1384 1928 1423 renoves,
1951 1385 2000 1418 ac
2029 1372 2153 1428 etiam
2177 1369 2231 1412 de
2257 1379 2369 1412 novo

1369 1429 1550 1481 condas,
1575 1444 1620 1475 ac
1648 1430 1819 1477 condita
1849 1431 1986 1474 Sacris
2015 1431 2254 1479 Canonibus
2285 1457 2300 1482 ‚
2328 1428 2371 1471 δι

1369 1487 1550 1534 Concilii
1566 1489 1803 1538 Tridentini
1834 1490 2053 1543 Decretis,
2084 1503 2130 1532 ac
2156 1487 2371 1533 Constitu—

1369 1548 1546 1596 tionibus
1570 1550 1611 1590 δι
1624 1548 1967 1596 Ordinationibus
1987 1547 2239 1605 Apostolicis
2254 1575 2269 1599 ,
2283 1547 2373 1589 Res

1369 1607 1661 1670 gularibusque
1693 1607 1894 1654 Institutis
1919 1609 2093 1663 praefatis
2130 1620 2213 1652 non
2251 1617 2376 1660 repu-

1368 1667 1533 1724 gnantia
1554 1666 1696 1722 exequi
1725 1665 1862 1715 facere
1891 1680 2013 1716 cures
2041 1692 2057 1716 ,
2081 1664 2235 1724 illaque
2266 1676 2370 1707 con-

1368 1726 1504 1774 firmes
1518 1754 1533 1778 ,
1547 1726 1689 1771 abusus
1703 1724 1978 1782 quoscumque
1991 1724 2117 1773 tollas
2134 1751 2149 1779 ,
2167 1721 2368 1782 Regulas,

1370 1783 1649 1831 Institutiones
1672 1811 1687 1834 ,
1719 1785 1759 1825 δε
1789 1782 2112 1830 Ecclefiasticam
2135 1808 2151 1833 ,
2181 1780 2372 1836 Regula-

1373 1855 1544 1898 remque
1570 1840 1858 1898 disciplinam,
1881 1841 1907 1885 si
1932 1836 2096 1889 fortasse
2119 1839 2374 1890 exciderint,

1374 1901 1506 1950 modis
1524 1901 1718 1956 congruis
1735 1899 1920 1943 restituas
1937 1926 1952 1949 ,
1975 1901 2016 1946 δε
2042 1898 2295 1956 reintegres,
2308 1896 2375 1940 di-

1373 1963 1425 2005 eti
1441 1961 1622 2010 Concilii
1638 1959 2056 2010 TridentiniDecreta
2068 1957 2265 2002 custodiri
2276 1969 2379 2013 prat·

1374 2022 1532 2077 cipias,
1557 2022 1598 2068 ὃς
1618 2019 1788 2068 mandes
1804 2047 1819 2071 ,
1843 2032 1890 2061 ac
1917 2020 2110 2075 personas
2132 2016 2372 2073 praedietas,

1374 2080 1425 2124 ad
1440 2079 1629 2125 debitum
1651 2079 1693 2124 §a
1720 2076 1934 2125 honestum
1961 2076 2052 2123 vitae
2075 2076 2241 2124 modum
2259 2088 2375 2119 revo-

1373 2148 1473 2186 ces,
1503 2133 1662 2200 aliaque
1689 2130 1842 2184 facias,
1869 2144 1992 2189 atque
2016 2134 2217 2182 decernas
2239 2162 2255 2185 ,
2285 2147 2373 2189 quae

1373 2206 1449 2250 pro
1466 2190 1610 2246 majori
1625 2190 1753 2239 divini
1774 2189 1911 2234 cultfis
1926 2204 2146 2249 augmento
2160 2221 2177 2247 ,
2201 2193 2240 2239 ,ὃς
2255 2189 2377 2234 disci-

1372 2250 1492 2306 plinae
1518 2248 1737 2303 Regularis
1755 2250 2054 2305 propagatione
2072 2255 2200 2305 magis
2229 2251 2271 2296 in
2286 2252 2378 2292 Do·

1371 2307 1484 2353 mino
1499 2305 1694 2362 expedire
1707 2308 2254 2360 arbitraveris-Praeterea,ut
2268 2320 2379 2364 qua:-

1373 2377 1552 2427 cumque
1577 2363 1874 2419 Ordinationes
1889 2366 1930 2408 in
1944 2363 2377 2423 Vilitatione'ejusmo·

1377 2425 1420 2471 di
1435 2423 1687 2477 Provincias,
1701 2438 1774 2484 per
1789 2426 1852 2466 Te
1869 2423 1991 2474 unica
2015 2426 2104 2473 vice
2130 2427 2290 2470 tantum
2305 2425 2377 2469 ha·

1377 2483 1566 2533 benda&
1585 2482 1804 2537 explenda,
1820 2497 1897 2539 pro
1911 2484 2071 2542 majore
2085 2484 2194 2530 illius
2222 2484 2378 2530 utilita-

1377 2552 1422 2589 te
1436 2573 1451 2595 ,
1471 2556 1570 2598 pace
1582 2567 1597 2590 ,
1613 2542 1654 2584 &
1669 2542 1969 2598 tranquillitate
1981 2571 1995 2592 ,
2016 2542 2131 2599 juxta
2144 2543 2284 2587 datam
2307 2542 2376 2586 'ri-

1375 2603 1415 2649 bi
1430 2605 1450 2644 a
1463 2601 1642 2646 Domino
1658 2600 1918 2655 prudentiam
1945 2601 2248 2659 praescribendae
2262 2602 2378 2645 suum

1373 2660 1596 2709 sortiantur
1618 2658 1832 2711 effectum,
1854 2662 1882 2702 n
1907 2661 2122 2723 contingat
2140 2690 2154 2713 ,
2179 2659 2290 2716 quod
2301 2661 2376 2703 ab·

1372 2719 1418 2767 fit
1431 2751 1447 2772 ,
1461 2720 1501 2766 in
1518 2719 1748 2767 Ministrum
1763 2720 2089 2772 Provineialem‚
2112 2722 2151 2767 &
2165 2717 2373 2762 Definito·

1371 2795 1437 2824 res
1455 2778 1735 2827 Provinciales
1768 2779 1882 2827 dieta:
1896 2779 2138 2826 ..Provinciae
2162 2779 2259 2834 eligi
2273 2791 2345 2821 eos
2361 2805 2377 2830 ,

1372 2841 1441 2897 qui
1460 2840 1536 2883 suis.
1554 2839 1689 2894 potius
1706 2838 1872 2890 studiis,
1899 2841 1939 2886 &
1965 2837 2256 2896 cupiditatibus
2297 2837 2376 2880 ob-

1372 2899 1593 2947 secundant
1609 2899 1759 2955 ,quam
1781 2898 1832 2942 ad
1860 2899 2111 2956 Regularem
2140 2898 2377 2941 Observan-

1374 2960 1503 3010 tiam,
1532 2958 1572 3006 in
1601 2956 1688 3005 dies
1714 2957 2000 3004 collabentem
2022 2955 2343 3002 confirmandam
2363 2984 2379 3009 ,

1377 3029 1528 3072 tuaque
1540 3016 1734 3064 mandata
1749 3044 1763 3066 ,
1779 3017 1820 3063 ὃς
1833 3015 2019 3071 juffiones
2034 3017 2292 3074 exequendas
2308 3014 2379 3059 ad·

1378 3077 1577 3132 vigilant,
1609 3091 1661 3121 eo
1685 3073 1775 3120 casu
1791 3076 2017 3123 Ministrum
2045 3075 2345 3125 Provincialem
2361 3101 2378 3127 ,

1376 3138 1415 3181 δι
1442 3136 1542 3180 duos
1571 3137 1733 3182 tantum
1754 3133 2000 3183 Definitores
2017 3133 2292 3184 Provinciales
2318 3131 2371 3175 il—

1377 3195 1468 3245 los,
1496 3195 1564 3252 qui
1587 3194 1713 3251 magis
1740 3193 1910 3242 idoneos
1928 3225 1942 3249 ,
1965 3198 2006 3238 δι
2035 3193 2372 3240 ordinationum..

1377 3262 1536 3296 tuarum
1552 3254 1674 3311 magis
1689 3252 1971 3309 observantes,
1997 3251 2228 3311 eximiisque
2246 3253 2375 3293 vlrtu-

1377 3311 1488 3357 ribus
1522 3314 1712 3367 praditos
1727 3340 1742 3370 ,
1765 3314 1801 3358 &
1819 3313 1870 3359 ad
1892 3327 2034 3369 pacem
2056 3339 2070 3363 ,
2096 3309 2374 3367 tranquillita-

1378 3381 1541 3426 temque
1556 3370 1783 3427 hujusmodi
1797 3382 2027 3414 memoratae
2045 3370 2269 3418 Provincia:
2286 3369 2370 3411 red.

1381 3430 1559 3478 dendam
1588 3430 1741 3478 habiles
1767 3427 1843 3478 effe
1864 3431 2108 3487 judicaveris
2127 3459 2144 3484 ,
2169 3431 2372 3485 deputes,

1379 3492 1420 3539 ὃς
1440 3489 1658 3536 constituas
1685 3492 1803 3535 :Nos
1827 3490 1933 3534 enim
1949 3491 2043 3539 Tibi
2071 3500 2371 3552 quamcumque

1377 3547 1633 3597 necessariam
1645 3578 1661 3599 ‚
1677 3549 1717 3596 δι
1730 3559 2001 3605 opportunam
2022 3549 2070 3597 ad
2091 3548 2282 3607 praemiss‘a
2299 3560 2370 3590 ex·

1374 3609 1523 3665 plenda
1541 3607 1775 3656 facultatem
1790 3620 1932 3659 motu,
1959 3611 1998 3653 δι
2017 3610 2217 3667 potestate
2232 3605 2370 3651 (imili-

1380 3672 1449 3712 bus
1477 3669 1717 3718 tribuimus,
1748 3669 1787 3710 δι
1812 3668 2072 3725 impartimur
2091 3697 2101 3708 .
2126 3667 2366 3711 Mandantes

1375 3738 1592 3786 propterea
1611 3727 1651 3771 in
1664 3729 1818 3772 virtute
1843 3731 1992 3774 Sane'tae
2007 3728 2366 3827 Obedientiaes,bac

2263 3797 2284 3824 u
