2638 4088
383 200 552 289 33'2.
1084 179 1677 264 Provincia

326 347 398 381 tus
427 329 476 378 in
508 329 685 379 coelum
713 365 731 389 ,
768 328 884 379 vidit
929 319 1152 371 mirabilia
1182 358 1200 382 ,
1238 324 1346 371 coeli
1390 321 1522 372 donis
1557 325 1758 391 repletus
1784 325 1994 391 praedixit
2015 327 2168 376 futura
2199 364 2215 386 ,
2253 346 2375 379 eam·

327 417 416 468 que
439 400 621 449 virtutis
643 398 946 467 fragrantium
978 395 1254 462 pet-,plateas
1285 396 1506 444 Valentiae
1524 391 1766 444 defunctus
1802 392 1960 462 sparsit
1989 430 2006 452 ,
2037 410 2088 445 ut
2117 401 2207 458 ejus
2238 400 2368 448 cada-

327 489 408 524 ver
435 474 616 520 armato
643 471 789 515 milite
816 461 978 514 contra
1007 465 1188 532 pietatis
1220 466 1425 533 rapinam
1452 466 1624 516 muniri
1659 500 1677 525 ,
1702 464 1752 516 ὅ(
1785 462 2017 534 sepultura
2053 482 2131 533 per
2163 465 2370 519 triduum

327 541 572 610 ad'populi
602 533 965 586 consolationem
1001 532 1175 585 differri
1205 534 1417 586 debuerit
1435 571 1449 586 .
2210 546 2218 556 ·

485 614 561 659 Fr.
590 607 798 657 Thomas
824 607 850 656 ὲ
891 607 1145 665 Valentia,
1181 605 1229 655 in
1263 608 1440 657 Saeculo
1465 607 1574 655 Dux
1615 607 1666 656 de
1690 604 1876 663 Ixar,a
1911 609 2048 656 Petro
2090 603 2377 656 Ferdinando

334 679 579 750 Aragoniae
610 681 742 747 Rege
759 713 776 736 ,
801 676 1006 728 Ducibus
1037 676 1094 727 de
1125 680 1265 735 Ixar,
1295 676 1642 727 Marchionibus
1665 675 1722 725 de
1753 676 1956 728 Belchite
1985 713 2001 736 ,
2034 675 2285 726 Batonibus
2318 676 2377 725 de

334 753 490 804 Xalon
518 784 535 807 ,
556 745 614 796 de
638 749 755 817 Jaca
785 746 877 800 διε.
903 761 1061 798 ortum
1083 746 1283 806 ducens,
1313 748 1524 816 Philippo
1558 750 1627 795 11.
1656 746 1990 816 Hispaniarum
2018 746 2140 815 Regi
2172 746 2376 797 Catholi-

333 840 389 871 co
426 819 602 868 summe
631 819 794 868 charus
823 854 841 878 ,
870 817 920 871 ἀ
951 817 1161 887 Iacobaeo
1202 820 1422 886 Equitum
1453 816 1624 868 Ordini
1653 817 1708 866 ab
1746 837 1801 869 eo
1828 831 2105 887 aggregatus
2137 852 2152 875 ,
2189 813 2372 867 mortua

336 886 723 941 Excellentiffima
756 892 970 958 Conjuge
989 890 1142 938 Maria
1167 887 1226 938 de
1258 895 1301 939 A
1342 904 1521 940 tament
1549 923 1566 946 ,
1590 887 1769 938 Domt‘is
1793 891 1924 939 avitae
1955 905 2202 956 pompam,
2230 889 2375 937 loca..

336 953 692 1018 dominationis,
719 958 768 1011 ὅ(
799 995 816 1018 ,
846 959 971 1027 quod
997 959 1141 1010 rarius
1176 958 1240 1009 est
1259 995 1275 1018 ,
1322 974 1472 1029 eptem
1504 960 1657 1011 Proles
1690 961 1877 1028 reliquit
1911 959 2000 1020 ,‘&
2028 957 2109 1007 sub
2143 955 2245 1007 rudi
2278 958 2376 1006 Or-

332 1032 450 1081 dinis
481 1029 621 1079 nostri
649 1030 829 1082 Habitu
858 1066 876 1089 ,
905 1031 1094 1080 Ducalis
1122 1033 1336 1081 vanitatis
1368 1031 1529 1080 luxum
1563 1031 1798 1089 occuluit,
1825 1033 1870 1079 in
1904 1029 2076 1079 aftibus
2105 1028 2378 1078 humilitatis

334 1104 397 1152 ita
426 1099 645 1150 mirabilis
673 1136 689 1159 ,
719 1114 772 1149 ut
800 1101 845 1148 in
878 1100 1094 1152 Clericali
1122 1098 1239 1150 statu
1268 1137 1284 1158 ‚
1315 1099 1363 1152 ὅτ
1387 1099 1641 1150 minoribus
1675 1100 1912 1150 ordinibus
1945 1098 2217 1150 constitutus
2234 1099 2291 1147 ad
2310 1115 2376 1147 re-

334 1171 595 1239 cipiendum
624 1169 882 1221 Sacerdotii
924 1169 1121 1240 gradum
1151 1169 1408 1238 persuaderi
1441 1188 1532 1220 non
1563 1173 1804 1238 potuerit,
1841 1170 1937 1220 imo
1962 1188 2043 1219 nec
2071 1171 2188 1219 inter
2225 1173 2379 1218 Sacer-

336 1242 495 1300 dotes,
522 1255 603 1291 aut
630 1259 788 1292 coram
812 1243 876 1291 eis
910 1241 1092 1301 sedere,
1126 1239 1171 1290 se
1201 1240 1394 1311 dignum
1421 1239 1643 1291 censuerit
1676 1277 1688 1291 .
1714 1243 1900 1292 Meritis
1932 1243 2089 1309 plenus
2122 1275 2138 1297 ,
2173 1237 2221 1289 ὃ(
2250 1237 2375 1286 dono

335 1312 583 1382 prophetiae
612 1314 762 1362 clarus
792 1330 910 1362 anno
941 1321 1089 1363 1622.
1120 1313 1166 1360 in
1195 1312 1346 1362 nostro
1379 1311 1627 1361 Valentino
1653 1316 1899 1364 Conventu
1923 1312 2155 1377 Reliquias
2185 1310 2252 1361 sui
2284 1310 2384 1376 Spi÷

335 1380 451 1432 titiis
481 1379 720 1449 deposuit,
748 1397 929 1451 patrato
949 1383 1006 1433 ad
1034 1381 1103 1432 sui
1132 1383 1367 1432 cadaveris
1399 1385 1444 1431 in
1483 1379 1652 1434 feretro
1689 1381 1880 1452 expositi
1906 1382 2168 1433 contactum
2201 1378 2381 1434 restitu—

337 1468 394 1504 tae
424 1450 627 1502 sanitatis
658 1454 872 1524 prodigio
900 1455 1160 1523 opinionem
1191 1451 1350 1503 sane'iae
1380 1455 1486 1502 vitae
1517 1452 1842 1504 confirmante.

480 1524 542 1573 A’
578 1525 712 1573 Patre
738 1521 930 1593 separari
958 1542 1047 1573 non
1070 1523 1204 1573 debet
1225 1559 1241 1581 ,
1265 1525 1344 1591 qui
1368 1525 1516 1593 gloria
1543 1529 1638 1588 ejus
1668 1523 1731 1573 est
1747 1560 1763 1582 ,
1788 1525 1959 1581 Filius,
1991 1521 2140 1572 noster
2177 1526 2253 1572 Fr.
2271 1522 2387 1573 Hie·

337 1607 564 1658 ronymus
583 1627 599 1650 ,
627 1611 764 1659 quem
795 1595 1004 1645 Thomas
1033 1593 1280 1644 secundum
1313 1611 1494 1645 carnem
1520 1596 1714 1662 genuit,
1731 1593 1780 1646 <St
1810 1592 2019 1663 precibus
2051 1592 2101 1643 &
2126 1593 2385 1658 lachrymis

337 1663 388 1711 in
423 1666 485 1711 D.
512 1661 753 1713 Francisco
785 1668 994 1735 regenuit
1020 1700 1036 1723 ‚
1077 1667 1156 1732 qui
1192 1663 1305 1714 ficut
1339 1681 1529 1732 paternae
1554 1668 1739 1716 virtutis
1781 1665 2021 1715 aemulator
2052 1661 2141 1713 fuit
2167 1664 2345 1731 integer
2365 1696 2383 1721 ,

336 1734 401 1781 ita
426 1733 718 1782 Provinciam
745 1733 813 1784 sui
844 1733 1069 1784 memoria
1099 1734 1237 1803 digne
1265 1734 1486 1783 illustrat.

479 1805 556 1851 Fr.
587 1805 911 1870 Hieronymus
943 1805 969 1852 a
997 1803 1221 1853 Cordova
1240 1806 1260 1861 ,⁴
1290 1801 1496 1871 prosapiei
1529 1803 1738 1862 illustris,
1764 1806 1809 1852 in
1833 1803 1956 1852 bello
1980 1802 2170 1870 Belgico
2187 1799 2268 1852 sub
2284 1802 2387 1852 Phi·

336 1875 464 1942 lippo
495 1871 683 1924 altefato
710 1873 914 1925 strenuus
943 1875 1121 1925 militiae
1150 1878 1292 1932 Dux,
1323 1870 1564 1944 regiusque
1592 1875 1735 1924 aerarii
1762 1873 1914 1923 bellici
1946 1870 2184 1922 Praefestus
2204 1908 2220 1932 ,
2253 1889 2386 1922 mun-

338 1945 419 2003 di,
450 1946 770 2013 honorumque
798 1944 961 1996 fastum
994 1947 1162 2015 pariter
1185 1943 1394 2014 pertaesus
1428 1981 1443 2003 ,
1480 1947 1737 2012 Seraphicae
1766 1946 1885 1994 inter
1911 1960 1994 1992 nos
2024 1944 2199 1992 militiae
2230 1948 2388 1995 Sacra-

340 2030 550 2066 mentum
581 2017 698 2067 dixit
726 2053 741 2076 ,
776 2017 824 2069 ὅ(
854 2015 1100 2087 gloriosior
1133 2016 1306 2068 Christi
1337 2015 1385 2066 ὅ(
1421 2015 1650 2065 Francisci
1697 2017 1829 2064 miles
1861 2011 2049 2064 effeetus
2083 2015 2212 2063 omni
2243 2017 2391 2065 virtu·

338 2102 440 2137 tum
471 2103 635 2156 genere
668 2089 863 2138 enituit.
890 2087 1003 2152 Qo
1041 2086 1255 2136 intensius
1285 2085 1618 2150 segorbicenfis
1645 2083 1812 2131 Praesul
1847 2086 2078 2133 viventem
2111 2101 2194 2132 ceu
2218 2084 2390 2134 illumi-

341 2171 502 2205 natum
529 2155 735 2219 mysticae
760 2155 955 2202 scientiae
987 2154 1237 2201 Doctorem
1266 2153 1412 2200 coluit
1436 2186 1452 2208 ,
1495 2149 1550 2199 εὸ
1579 2150 1751 2201 tristius
1781 2153 1899 2200 inter
1934 2157 2027 2215 ejus
2051 2150 2381 2204 affistentiam..

343 2221 562 2274 defunc‘io
597 2222 825 2281 indoluit,
855 2220 904 2273 <St
932 2235 1032 2271 tum
1062 2223 1107 2271 in
1136 2223 1307 2270 amoris
1342 2256 1357 2278 ,
1393 2235 1492 2272 tum
1527 2221 1701 2271 doloris
1729 2238 2058 2289 argumentum
2089 2257 2105 2279 ‚
2136 2226 2243 2282 Ejus
2281 2241 2384 2274 exe·

345 2295 476 2362 quias
502 2294 778 2348 Canonicis,
818 2295 992 2347 Clero,
1019 2291 1067 2340 &
1089 2289 1372 2357 ampliffimo
1398 2293 1573 2358 populo
1600 2289 1904 2340 affistentibus
1938 2291 2217 2352 celebravit,
2245 2297 2388 2345 Coelo

342 2367 567 2415 virtutem
596 2363 700 2409 Viri
731 2361 900 2424 inclyti
930 2358 1064 2428 signis
1087 2360 1304 2427 probante
1327 2396 1338 2408 .

483 2435 560 2480 Fr.
589 2431 869 2499 Angelicum
893 2428 1197 2480 Tudelensem
1231 2431 1307 2479 ille
1341 2431 1425 2480 Dei
1455 2432 1651 2499 Spiritus
1677 2434 1722 2480 in
1749 2432 1935 2500 pulpitis
1966 2433 2082 2482 rexit
2108 2466 2126 2491 ,
2165 2448 2216 2484 ut
2246 2435 2384 2487 verba

342 2505 465 2556 illius
480 2537 497 2562 ‚
514 2519 614 2569 quae
642 2518 725 2550 ceu
749 2498 908 2550 faculae
923 2500 1139 2552 ardebant
1153 2537 1168 2560 ,
1185 2518 1276 2550 non
1301 2502 1518 2560 hominiS,
1536 2499 1611 2552 sed
1630 2505 1734 2560 Dei,
1755 2504 1950 2570 populus
1967 2503 2239 2564 miraretur,
2263 2525 2388 2556 eum·

343 2592 431 2642 que
463 2571 738 2639 Apostolum
765 2570 1000 2641 Hispaniae
1030 2586 1337 2641 nuncuparet.
1375 2576 1558 2622 Sortem
1584 2574 1845 2624 aeternitatis
1870 2569 2014 2621 felicis
2034 2575 2078 2621 in
2097 2576 2261 2626 celebri
2277 2582 2385 2628 RR.

344 2649 434 2696 PP.
454 2642 646 2694 Ordinis
666 2646 715 2694 8.
731 2643 964 2693 Benedicti
998 2644 1048 2692 de
1065 2645 1208 2696 Oliva
1226 2641 1442 2693 defunelo
1458 2644 1665 2714 obtigiffe
1681 2662 1770 2693 non
1798 2645 1965 2692 leviter
1981 2643 2252 2696 monstravit
2283 2665 2383 2698 cor-

345 2733 429 2784 pus
455 2712 553 2783 post
578 2715 750 2763 multos
782 2731 920 2763 annos
951 2716 1181 2786 integrum
1206 2714 1255 2766 ὅ(
1287 2715 1510 2785 palpabile
1540 2751 1557 2775 ,
1590 2713 1823 2783 oculisque
1866 2731 1951 2765 ceu
1979 2713 2115 2764 stellis
2141 2734 2194 2766 ac
2221 2714 2386 2767 faculis

352 2784 585 2855 fulgorem
616 2783 903 2836 vibrantibus
937 2801 1199 2855 repertum.
1639 2844 1647 2851 ‚

491 2860 568 2906 Fr.
590 2854 819 2924 Josephus
856 2856 913 2906 ab
940 2854 1149 2917 Offeria,
1178 2856 1227 2909 ὅ(
1259 2855 1395 2925 stirpe
1422 2855 1471 2908 ὅ(
1503 2853 1686 2908 scientia
1718 2856 1808 2908 fuit
1837 2857 2016 2914 clarus,
2042 2854 2162 2906 famfi
2187 2870 2383 2907 tamen..

348 2927 594 2986 sanstitatis
621 2928 824 2985 clarior,
860 2928 996 2976 etiam
1023 2927 1125 2996 post
1148 2942 1344 2978 mortem
1375 2930 1421 2977 in
1454 2929 1646 2979 odorem
1680 2925 1908 2979 suavitatis
1941 2923 2137 2987 diffusz'i,
2169 2927 2217 2979 ὅ(
2236 2930 2279 2976 in
2297 2927 2387 2977 Ha·

348 3000 590 3068 giographis
605 2998 912 3118 1prolegomenis
926 3033 944 3056 ,
969 2998 1045 3065 stu
1062 2997 1351 3066 proemialibus
1378 3003 1424 3047 in
1451 3002 1691 3068 universam
1722 2999 1892 3049 Sacram
1911 2998 2170 3066 Scripturam
2196 3013 2297 3066 typo
2317 2998 2387 3049 da-

346 3075 406 3118 tis
431 3069 577 3118 adhuc
658 3070 800 3118 irante
817 3103 831 3118 .

493 3142 571 3188 Fr.
603 3087 907 3189 bf‘lelchiorem
937 3138 994 3189 ab
1030 3138 1199 3189 Oriola
1230 3173 1246 3196 ,
1278 3140 1471 3206 Joannis
1499 3142 1680 3190 Garziae
1698 3175 1715 3198 ,
1754 3138 1966 3208 Episcopi
1996 3137 2247 3190 Oriolenfis
2279 3142 2387 3188 Fra·

347 3222 467 3259 trem
496 3211 785 3259 Germanum
819 3213 925 3261 vitae
952 3208 1226 3279 Apostolicae
1256 3210 1374 3259 ratio
1397 3211 1457 3258 ita
1490 3210 1864 3268 commendavit,
1891 3225 1943 3260 ut
1968 3210 2045 3258 alii
2074 3226 2179 3257 eum
2207 3225 2291 3257 ceu
2321 3211 2386 3257 al·
2462 3225 2467 3230 ·

348 3293 500 3329 terum
516 3282 749 3347 Joannem
779 3280 1023 3349 Baptistam
1052 3299 1105 3329 ex
1138 3281 1412 3347 poenitentiae
1442 3277 1666 3347 baptismo
1693 3315 1709 3339 ‚
1737 3279 1786 3330 8(
1815 3282 1894 3330 alii
1930 3281 2125 3328 alterum
2153 3279 2387 3329 Paulum...

348 3348 630 3418 Apostolum
663 3368 720 3400 ex
745 3351 1037 3404 conversione
1062 3353 1220 3421 populi
1245 3349 1586 3409 collaudarent,
1615 3347 1863 3417 omnesque
1892 3349 2151 3417 opinionem
2181 3347 2387 3400 sanetita-

351 3423 412 3472 tis
438 3420 494 3471 de
525 3438 580 3471 eo
611 3437 839 3473 tenerent.

493 3496 570 3542 Fr.
598 3493 803 3542 Michaiss
837 3494 864 3543 a
896 3493 1108 3544 Valentia
1136 3511 1190 3542 ex
1222 3491 1499 3542 nobiliffimo
1526 3491 1575 3540 de
1601 3491 1664 3539 los
1698 3489 1938 3557 Efiribanos
1965 3488 2063 3540 satu
2087 3503 2215 3539 ortus
2239 3525 2255 3548 ,
2292 3495 2383 3545 Rea·

353 3565 577 3634 ligionem
618 3567 700 3615 88.
735 3565 975 3615 Trinitatis
1006 3565 1126 3632 prius
1161 3562 1375 3634 ingressus
1399 3599 1415 3622 ‚
1453 3561 1503 3614 δε
1533 3564 1579 3611 in
1614 3579 1663 3611 ea
1690 3559 1971 3612 Dostoratfis
2003 3564 2176 3611 Laurea
2207 3559 2384 3631 insigni-

353 3650 428 3685 tus
459 3638 658 3705 gloriam
686 3634 811 3686 suam
837 3637 882 3685 in
914 3637 1170 3687 humilitate
1207 3639 1320 3684 inter
1351 3653 1430 3684 nos
1456 3632 1659 3703 quaefivit
1685 3668 1699 3690 ,
1731 3631 2063 3699 aretiffimaque
2086 3647 2379 3700 paupertate,

354 3709 587 3767 munivit3
616 3709 718 3759 hinc
748 3703 971 3775 perscitus
989 3708 1142 3760 Sancti
1173 3707 1317 3759 Patris
1347 3703 1572 3757 Francisci
1603 3704 1809 3756 Seelator
1839 3704 1986 3754 audiit
2014 3739 2030 3763 ,
2065 3702 2113 3756 ὅ(
2150 3706 2254 3754 vitae
2285 3721 2381 3752 me-

357 3776 454 3823 ritis
485 3775 695 3828 decorem
722 3781 899 3846 generis
926 3782 1195 3851 ampliavit.
2191 3847 2234 3893 C

2235 3859 2313 3891 on-
