2638 4088
1001 191 1694 285 Catalonia.

329 350 373 379 ae
398 334 618 391 recipiatur
643 335 785 392 iustum
809 337 1014 395 pretium,
1036 342 1147 397 quod
1174 342 1216 384 in
1238 358 1308 386 ne-

325 393 522 437 eeffitates
550 394 750 439 dictorum
775 398 945 443 Parrum
967 402 1303 456 Capucinorum...

324 463 521 511 erogetur
537 485 549 494 .
570 456 714 499 Rornae
727 456 806 498 διε.

698 574 752 624 1³.
769 568 910 626 Card.
931 575 1202 627 Barberinus
1218 613 1233 628 .

326 687 330 724 Ξ
379 692 592 744 Exanplar
621 690 811 735 Autbcnt.
845 696 889 735 in
916 694 1089 737 Archiae
1124 697 1306 750 generali

439 751 600 793 ordinis
614 754 803 795 Armorie
826 752 1038 798 Provincia
1064 753 1302 798 cataloniae.

497 984 1128 1030 DECRETO

461 1142 464 1144 ,
507 1100 602 1151 Sao.
621 1101 725 1152 Rit.
744 1099 1085 1173 Congregaetionis
1100 1141 1114 1154 .

314 1218 493 1290 Eleffio
518 1224 574 1272 Β.
590 1225 652 1272 V.
670 1222 833 1271 Mariae
868 1221 927 1273 de
952 1226 1120 1275 Monte
1147 1229 1300 1278 Serra·

335 1345 338 1348 ,
374 1305 424 1340 to
456 1292 503 1340 in
531 1295 779 1342 Patronam
806 1295 1058 1345 Provinciae
1072 1297 1299 1366 Principa-

371 1362 485 1420 lem,
498 1359 548 1413 δε
574 1365 622 1412 S.
642 1363 828 1413 Eulaliae
848 1367 984 1436 Virg.
999 1368 1228 1435 Martyris
1246 1370 1293 1419 in

342 1480 345 1482 ,
371 1435 526 1481 minus
543 1433 842 1501 principalem
864 1433 1071 1490 concesso
1099 1437 1288 1500 officio,

370 1504 556 1570 rituque
579 1502 843 1573 praescripto
862 1505 1191 1577 confirmatur.

363 1628 672 1689 Eminentifflmi,
682 1631 732 1681 (ς’
749 1633 1060 1694 Reverendifflmi
1072 1637 1206 1680 Patres
1217 1666 1231 1680 .

440 1747 558 1791 Mnes
586 1750 628 1791 δι
651 1747 796 1805 singuli
834 1751 997 1795 Fratres
1022 1752 1124 1795 ord.
1142 1754 1294 1797 Minor.

454 1809 495 1849 S.
511 1805 717 1849 Francisci
733 1809 1041 1862 Capucinorum
1070 1811 1293 1854 Provincia:

296 1864 443 1907 Matris
471 1865 549 1907 Dei
576 1864 800 1908 Cataloniae
843 1867 1062 1910 humillimi
1091 1869 1293 1912 Oratores

295 1926 524 1979 Purpuram
549 1923 829 1968 deosculantes
854 1950 870 1974 a
909 1928 1290 1986 exponunt-Qiod

295 1984 320 2027 ὲ
335 1979 445 2025 felici
459 1980 633 2025 exordio
646 1981 898 2025 fundationis
920 1986 1057 2028 nostrae
1067 1987 1290 2029 Provinciae

292 2039 517 2085 Cataloniae
537 2066 552 2089 ‚
581 2052 733 2095 nempe
761 2042 811 2083 ab
837 2055 941 2084 anno
962 2045 1088 2092 1578.
1119 2073 1134 2095 ‚
1162 2045 1288 2087 nostri

293 2100 413 2153 primi
435 2101 632 2141 Parentes
661 2096 915 2140 Fundatores
924 2126 941 2148 ,
972 2100 1110 2141 tutelae
1140 2115 1187 2142 ac
1213 2105 1288 2142 Pa·-

291 2155 468 2200 troeinio
483 2158 615 2198 Beatae
629 2154 772 2198 Mariae
792 2153 845 2196 de
861 2157 1004 2199 Monte
1018 2161 1185 2201 serrato
1210 2155 1290 2202 se.)

291 2212 582 2271 supposuerunt
604 2241 620 2264 ‚
653 2212 882 2256 incidentes
909 2215 1047 2258 nostrae
1073 2217 1293 2259 Provinciae

285 2272 484 2328 superiori
499 2271 592 2314 loco
609 2271 729 2326 figilli
749 2270 856 2312 suam
874 2270 1028 2313 (acram
1049 2274 1287 2327 Imaginem,

286 2338 411 2389 prout
440 2329 508 2371 htc
525 2329 564 2369 in
581 2328 715 2383 figillo
726 2329 856 2382 possto
869 2328 1182 2381 demonstratur3
1197 2331 1291 2385 quia

288 2400 389 2432 tunc
412 2388 549 2429 Mater
578 2387 648 2428 illa.
676 2385 922 2429 Saneliffima
957 2387 1113 2430 nostros
1141 2388 1292 2443 primos

290 2446 542 2493 Fundatores
555 2457 805 2500 magnopere
817 2444 1023 2501 juviniano
1045 2456 1174 2488 totam
1192 2449 1291 2489 Pro-

292 2506 467 2549 vinciam
478 2503 526 2547 ad
533 2505 609 2546 huc
621 2504 819 2559 protegit,
827 2504 1078 2562 Filiosqzsuos
1090 2504 1290 2549 defendit.

292 2565 481 2621 Ideoque
494 2563 538 2605 ut
557 2562 649 2605 Filii
662 2563 823 2605 attraeti
838 2572 958 2607 tantae
972 2564 1113 2606 Matris
1130 2576 1288 2616 amore,

291 2624 415 2667 ritum
431 2620 625 2677 majorem
638 2630 875 2676 appetentes
889 2651 903 2674 ,
934 2620 1127 2679 Capitulo
1141 2620 1287 2663 ultimo

290 2680 539 2726 Provinciali
559 2679 786 2723 Villanovae
797 2680 1007 2725 celebrato
1026 2681 1092 2722 die
1106 2689 1146 2726 ς.
1161 2682 1286 2722 Ono-

287 2741 371 2784 bris
389 2740 480 2784 anni
502 2738 620 2794 1736·
639 2740 885 2794 propositum
900 2738 976 2783 fuit
988 2765 1003 2787 ³
1025 2739 1125 2781 utin
1143 2741 1284 2782 Patro-

285 2813 376 2842 nam
393 2796 658 2854 principalem
675 2796 850 2838 nostram
868 2798 967 2841 Eam
980 2797 1253 2852 reciperemus
1267 2825 1282 2849 ‚

285 2857 528 2912 servatoque
559 2858 739 2897 Decrero
769 2854 926 2899 Urbani
944 2855 1064 2898 VIII.
1086 2856 1198 2898 edito
1212 2869 1279 2911 23.

286 2916 424 2960 Martii
457 2914 576 2968 1630.
604 2941 619 2964 ‚
648 2912 729 2955 rite
755 2943 771 2965 ‚
814 2913 1053 2971 secretisque
1084 2913 1280 2970 suffragiis

288 2973 512 3017 nostrorum
528 2971 705 3014 omnium
717 3000 733 3022 ‚
763 2985 856 3015 cum
872 2974 981 3016 omni
997 2983 1184 3016 votorum
1197 2973 1281 3029 ple--

286 3032 475 3076 nitudine
487 3059 501 3083 ‚
537 3029 678 3073 nostrae
692 3030 914 3074 Provinciae
929 3032 1191 3088 principalem
1204 3034 1279 3075 Pa-

286 3101 446 3133 tronam
459 3091 500 3132 δι
519 3089 754 3132 Tutelarem
772 3091 872 3132 ΒΝ.
884 3091 1052 3133 Mariam
1067 3091 1119 3134 de
1134 3094 1277 3134 Monte

2120 238 2284 321 329

1366 345 1658 398 trem31dcirco
1668 342 1952 388 nonraeMatris
1965 342 2184 392 devotione
2194 357 2345 407 pariter

1363 404 1739 453 alleffifflatronam
1755 406 1923 446 nostram
1940 404 2067 444 minus
2082 406 2342 463 principalem

1364 462 1640 504 desiderantes
1668 492 1682 514 ‚
1721 461 1884 505 servato
1911 460 2135 517 supradicto
2160 463 2338 510 Dect-eto

1363 520 1520 564 Urbani
1544 523 1665 563 vlu.
1681 550 1695 573 ,
1727 522 1831 570 rite,
1847 519 2086 576 secretisque
2111 519 2300 576 suffragiis
2326 553 2342 575 ,

1367 588 1559 622 votorum
1573 581 1750 622 omniurn
1762 581 1882 623 etiam
1897 577 2344 636 plenitudine‚san61am

1366 637 1576 692 Virginem
1604 668 1620 689 ,
1664 639 1705 679 δι
1730 643 1902 681 Matrem
1931 638 2132 681 Eulaliam
2153 667 2170 691 ‚
2206 638 2347 681 nostrae

1364 698 1586 739 Provinciae
1600 697 1732 739 minus
1749 697 2013 753 principalem
2028 696 2260 741 Tutelare‘m
2277 709 2347 738 vo·

1364 754 1495 797 lumus
1520 783 1533 795 .
1567 756 1749 811 Ideoque
1774 755 1999 799 humillime
2028 757 2069 797 ἃ.
2090 756 2210 799 enixe
2232 753 2343 799 Emi-

1362 815 1512 856 nentiis
1544 814 1693 855 vestris
1727 814 1988 870 supplicamus
2013 843 2028 866 ,
2057 826 2101 857 ut
2138 815 2222 871 pias
2245 827 2341 871 pre-

1361 885 1431 914 ces
1442 902 1459 924 ,
1474 879 1647 927 votaque
1657 871 1785 915 nostra
1796 871 1936 914 fovere
1948 873 2184 928 dignentur,
2197 887 2348 917 conce-

1358 930 1497 974 dendo
1511 931 1641 973 Nobis
1656 957 1671 981 ‚
1701 939 1748 973 ut
1767 930 1819 973 de
1840 930 2023 986 praedie'ta
2038 933 2202 987 Virgine
2215 932 2346 974 Maria

1362 988 1415 1031 de
1428 989 1572 1031 Monte
1587 990 1756 1032 Serrato
1778 989 1845 1032 die
1861 992 1898 1031 8.
1914 991 2163 1047 Septembris
2184 990 2225 1032 in
2253 1004 2347 1046 per-

1361 1057 1527 1104 petuum
1553 1046 1726 1090 recitare
1754 1048 1940 1105 poffimus
1964 1077 1979 1101 ,
2021 1050 2062 1091 &
2088 1049 2306 1092 debeamus
2329 1075 2346 1099 ,

1362 1116 1552 1163 tanquam
1577 1105 1630 1148 de
1646 1110 1821 1150 Patrona
1839 1107 2084 1165 principali,
2113 1110 2154 1150 &
2169 1106 2345 1150 Titulari

1358 1167 1483 1209 totius
1498 1164 1634 1207 nostrae
1647 1166 1870 1210 Cataloniae
1886 1166 2103 1210 Provincias·
2127 1165 2345 1208 officium-³

1358 1239 1450 1268 cum
1472 1226 1611 1267 octava
1640 1225 1828 1268 Ecclefiae
1843 1225 2118 1270 Universalis:
2153 1225 2205 1267 Et
2220 1224 2345 1267 etiam

1358 1285 1411 1328 de
1426 1283 1552 1326 sansta
1570 1281 1727 1326 Eulalia
1746 1284 1914 1340 Virgine
1930 1285 1970 1325 δι
1985 1287 2169 1338 Martyre
2185 1312 2199 1334 ‚
2230 1291 2275 1325 ut
2289 1281 2342 1324 de

1358 1346 1533 1388 Patrona
1548 1342 1676 1384 minus
1692 1342 1904 1398 principali
1918 1340 1984 1383 die
2003 1354 2066 1384 12.
2081 1341 2202 1382 Febr.
2213 1354 2344 1382 cum-a

1352 1402 1540 1447 oratione
1565 1428 1581 1452 ‚
1610 1403 1647 1443 &
1675 1401 1912 1444 leetionibus
1940 1398 2105 1443 secundi
2134 1398 2339 1441 Nocturni

1352 1461 1527 1518 propriis
1552 1485 1567 1508 a
1599 1469 1718 1514 prout
1745 1460 1826 1517 jam
1848 1460 1943 1503 alias
1972 1456 2050 1500 rite
2063 1455 2295 1513 approbatis
2313 1457 2338 1499 ὲ

1351 1518 1701 1570 S·R.Ecclefia,&
1720 1520 1878 1575 utrique
1889 1517 2015 1561 Clero
2030 1515 2219 1559 conceffis
2233 1543 2245 1555 .
2269 1513 2339 1558 Sic

1352 1579 1557 1637 speramus
1571 1577 1621 1620 de
1641 1579 1826 1621 VVAEE.
1843 1575 2119 1631 benignitate,
2136 1575 2177 1616 &
2188 1572 2335 1629 gratia.

1467 1638 1695 1681 Barcinonae
1714 1636 1756 1680 in
1787 1633 2025 1680 Catalaunia
2050 1634 2117 1677 die
2137 1631 2335 1689 23.Febr·

1359 1710 1483 1756 1737.
1495 1698 1574 1741 &c.

1469 1816 1549 1855 ΕΕ.
1570 1813 1644 1865 W·

1527 1926 1713 1973 Minimi‚
1744 1927 1783 1968 &
1807 1921 2026 1968 humillimi
2041 1922 2131 1966 Filii
2148 1922 2277 1966 Ordi-

1580 1986 1642 2029 nis
1658 1986 1757 2028 Min.
1772 1984 2071 2038 Capucinorum
2098 1981 2274 2025 Provin-

1577 2045 1648 2087 ciae
1661 2043 1805 2087 Matris
1817 2043 1893 2085 Dei
1908 2041 2134 2086 Cataloniae
2146 2069 2160 2083 .
2228 2050 2234 2057 ·

1471 2158 1663 2198 PorreFlis
1689 2171 1736 2198 cx
1756 2168 1876 2211 porte
1908 2160 1981 2199 ΡΡ.
2006 2160 2334 2214 Capucinorum-³

1351 2217 1619 2258 conventuum
1639 2217 1850 2258 Provincia
1869 2218 2013 2257 Matris
2029 2218 2107 2255 Dei
2131 2216 2335 2266 Catalonif

1352 2277 1438 2313 sac.
1455 2275 1539 2314 Rit.
1560 2276 1862 2329 congregationi
1887 2271 2117 2316 humillimis
2128 2272 2336 2327 precibus«,

1351 2329 1492 2382 quibus
1499 2338 1574 2382 pro
1587 2332 1864 2382 approbatione
1882 2328 2120 2372 fileetionum
2131 2335 2178 2371 B.
2195 2330 2333 2383 Marif

1350 2387 1396 2428 dc
1408 2389 1547 2428 Monte
1561 2389 1721 2427 serrato
1743 2387 1787 2426 in
1809 2389 2018 2427 Patronam
2032 2389 2300 2439 principalem
2316 2415 2332 2439 ,

1351 2443 1545 2501 &sunft‘f
1558 2445 1712 2497 Eulalig
1721 2443 1764 2484 in
1778 2445 1985 2485 Patronam
1993 2442 2332 2498 minusprincipa-

1347 2503 1423 2544 lem
1440 2507 1702 2546 conventuum
1715 2502 1874 2544 Ordinis
1889 2500 2331 2556 Capucinorumfitpra·

1347 2560 1463 2604 dittae
1494 2563 1721 2614 Provincif,
1751 2568 1872 2615 nuper
1897 2558 1950 2600 ab
1974 2557 2062 2613 ipsis
2086 2562 2129 2601 in
2144 2561 2327 2614 capitulo

1348 2620 1588 2662 Provinciali
1604 2647 1619 2671 ,
1637 2619 1816 2677 servatis
1821 2617 2031 2676 servandis
2043 2646 2059 2668 ‚
2088 2629 2132 2658 ac
2148 2618 2322 2672 legitime

1334 2678 1569 2736 fabiorum3
1597 2691 1663 2720 nec
1677 2691 1752 2720 non
1760 2687 1834 2731 pro
1847 2673 2074 2729 conceſsione
2090 2673 2322 2731 officiorum,

1343 2747 1474 2793 nempe
1488 2738 1532 2780 de
1544 2736 1648 2779 dieta
1661 2742 1709 2778 B.
1723 2739 1861 2779 Maria
1874 2735 1918 2777 de
1926 2738 2062 2780 Monte
2072 2736 2231 2776 Serrato
2241 2733 2323 2791 fieb
2375 2769 2378 2770 γ

1341 2801 1427 2839 ritu
1440 2797 1587 2853 duplici
1595 2800 1723 2851 primf
1740 2794 1874 2853 Claſsis
1897 2808 1984 2837 cum
2004 2792 2139 2836 ottava
2152 2802 2230 2848 pro
2256 2791 2318 2833 die

1342 2857 1382 2897 8.
1403 2853 1661 2910 septembri53
1691 2855 1745 2906 ὠ·
1757 2855 1801 2895 de
1812 2853 1948 2900 lbnbia
1965 2853 2120 2898 Eulalia
2130 2849 2212 2907 stab
2231 2851 2318 2894 ritu

1340 2914 1486 2968 duplici
1493 2923 1571 2970 pro
1581 2913 1642 2955 die
1662 2927 1723 2958 12.
1737 2911 1854 2957 Febr.
1875 2925 1958 2955 cum
1968 2909 2141 2955 oratione
2155 2936 2170 2960 ‚
2201 2909 2250 2957 ἐς·
2261 2911 2318 2951 le-

1340 2972 1531 3015 ttiombm
1545 2972 1714 3028 secundi
1741 2971 1936 3015 Nok‘lurni
1946 3000 1960 3023 ,
1983 2969 2067 3023 jam
2080 2977 2157 3023 pro
2173 2970 2314 3023 Regnis

1338 3031 1622 3089 Hypam'arum
1658 3031 1881 3087 approbatis
1910 3059 1925 3080 ‚
1960 3028 2113 3086 illisque
2136 3027 2273 3068 relatis
2298 3040 2315 3079 3

1336 3094 1377 3130 5.
1392 3091 1520 3133 eadem
1537 3089 1791 3144 Congregatio
1803 3088 1997 3131 elebiiones
2008 3113 2022 3134 ,
2037 3083 2311 3142 utsuprd,fa-

285 3152 452 3193 Serrato
467 3148 650 3191 volumus
666 3177 678 3189 .
712 3145 908 3192 Similiter
923 3150 982 3192 illi
997 3149 1119 3192 nostri
1134 3149 1271 3205 primi·
1333 3148 1412 3190 Has
1423 3148 1667 3204 approbavit,
1684 3148 1731 3194 δ’
1738 3146 2014 3202 prgrogotivas
2026 3156 2145 3186 omnes
2157 3145 2308 3185 Sanc-755

284 3210 358 3251 tivi
388 3211 582 3252 Parentes
610 3206 803 3263 eligentes
833 3211 1011 3251 Domum
1037 3210 1078 3252 S.
1107 3208 1270 3252 Eulaliae
1333 3208 1509 3250 Patronis
1534 3204 1817 3261 principalibus
1845 3235 1859 3257 ‚
1883 3204 1936 3254 ὠ·
1964 3208 2087 3247 minus
2102 3206 2309 3267 principa-

284 3267 464 3324 Virginis
480 3296 494 3320 ,
525 3269 562 3309 &
589 3266 782 3322 Martyris
809 3295 824 3319 ,
857 3268 1051 3311 Civitatis
1079 3268 1271 3310 Barcino·
1330 3266 1433 3309 libus
1452 3273 1697 3320 competentes
1715 3289 1730 3312 ‚
1761 3275 1844 3304 cum
1858 3262 1987 3319 Officio
2004 3290 2019 3313 ‚
2050 3263 2099 3311 ὅ
2115 3260 2304 3318 Masta-³,

284 3327 410 3368 neniis
425 3328 607 3369 Patronae
623 3325 854 3383 principalis
867 3352 881 3375 ,
913 3341 987 3381 pro
1004 3327 1136 3384 primo
1157 3329 1271 3370 Con·
1323 3324 1447 3382 juxta
1468 3327 1600 3380 petita
1623 3320 1815 3365 attribuit
1827 3352 1842 3374 ,
1869 3332 1987 3378 atquc
2001 3319 2180 3379 concafiit
2193 3320 2306 3366 dim»

283 3392 410 3428 ventu
425 3385 645 3428 Provincia
658 3386 697 3426 &
716 3385 846 3428 totius
862 3385 1059 3442 Hispaniae
1072 3414 1086 3437 ,
1117 3399 1272 3441 ponen—
1333 3385 1370 3426 8.
1388 3386 1535 3429 Martii
1554 3395 1599 3433 17
1605 3395 1627 3436 3
1635 3383 1673 3422 8·

283 3442 420 3498 resque
450 3441 536 3500 ejus
563 3442 782 3497 Imaginem
820 3444 859 3486 in
886 3446 1121 3489 Tutelarem
1162 3445 1271 3487 illius

285 3500 528 3545 Conventus
545 3527 559 3550 a
575 3502 614 3543 &
630 3503 773 3543 dantes
789 3501 848 3544 illi
864 3501 1000 3547 locum
1018 3504 1147 3546 minus
1161 3503 1271 3559 prin-

284 3559 455 3615 cipalem
471 3558 509 3601 in
521 3558 651 3615 sigillo
663 3586 678 3610 ‚
696 3568 831 3616 ‚prout
842 3571 955 3616 patet
967 3591 981 3615 ,
1011 3564 1051 3605 &
1074 3561 1268 3617 affignan-

284 3631 346 3662 tes
364 3621 540 3661 Domum
565 3616 681 3660 illam
707 3632 781 3674 pro
795 3620 1007 3665 Novitiatu
1035 3630 1265 3677 perpetuo,

283 3689 330 3721 ut
351 3676 553 3720 castissimo
577 3677 676 3720 laste
706 3677 810 3720 illius
837 3678 1018 3733 Virginis
1047 3705 1061 3727 a
1103 3680 1260 3722 Novitii

282 3737 563 3784 nutrirentur,
593 3735 633 3776 δι
659 3734 699 3776 in
725 3733 866 3790 spiritu
890 3746 1226 3792 regenerarentur
1247 3766 1260 3788 ,

282 3804 472 3839 vocantes
488 3794 599 3837 illam
613 3801 702 3837 toto
716 3803 898 3851 tempore
927 3796 1017 3836 vitae
1040 3794 1147 3837 suam
1166 3798 1258 3838 Mn-

1449 3502 1565 3571 F.J.
1581 3504 1641 3551 A.
1654 3497 2043 3570 Card.Guadagni
2062 3496 2301 3550 Pro-Praef.

1382 3619 1625 3676 Autograpb.
1643 3619 1686 3659 in
1700 3617 1869 3660 Archino
1884 3622 2025 3660 Secret-
2053 3619 2096 3660 s.
2109 3611 2304 3672 Congo-egr

1438 3677 1569 3736 stalis
1582 3707 1598 3730 ,
1629 3675 1921 3732 &annipraecL

2028 3850 2244 3895 DECRE-
