2592 4094
905 223 1456 317 Sabaudiae.

1984 263 2135 341 133

196 373 268 410 dom
281 394 292 414 ‚
302 371 578 421 &testimonium
589 373 765 421 presentes
784 371 912 422 uestras
921 371 1059 408 litteras
1072 373 1143 420 ipfis
1166 368 1352 409 Fratribus
1365 365 1570 416 conceffinmr
1587 376 1691 406 manu
1715 366 1824 419 nostra
1840 389 1854 413 ‚
1876 367 1920 410 ἐφ’
1931 366 2121 408 secretarii
2147 384 2206 407 no-

191 419 437 470 strifignatas,
442 420 619 471 sigilloque
631 421 927 476 nestro-roboratas
938 420 1010 462 &c-

290 538 472 589 Exemplar
482 541 523 578 u'n
534 537 709 580 «Ankivo
726 523 852 580 Gener.
861 538 992 578 Ordin·
1007 536 1174 578 Armario
1201 534 1384 574 Provincia
1406 535 1583 574 sabaudiae
1596 559 1607 572 .

189 841 249 888 A’
265 843 342 889 Fr.
359 840 531 906 Spiritu
562 837 644 888 fibi
673 835 906 888 commiffa
922 836 1063 886 relata
1078 870 1094 894 ,
1116 834 1165 887 ὅ(

256 910 422 975 pariter
437 909 524 960 alia
554 906 634 973 ipsi
648 902 879 959 referenda
894 904 977 956 effe
993 940 1009 964 ,
1027 910 1166 955 Fran-

257 976 376 1026 cisco
401 975 457 1024 de
479 977 620 1031 Sales,
634 988 742 1023 tunc
759 974 1000 1044 Praepofito
1017 977 1172 1025 Eccle-

255 1045 326 1096 fiae
358 1042 651 1095 cathedralis
679 1045 959 1097 Genevenfis
992 1051 1013 1106 <
1033 1051 1170 1109 jam...

253 1114 546 1166 Sanctorum
567 1112 672 1164 albo
706 1114 969 1185 adscripto)
1005 1133 1165 1167 renun-

261 1199 347 1235 tiat
364 1220 378 1234 .

188 1324 344 1367 nitet-70
370 1321 481 1368 Filio
495 1323 539 1364 de
556 1323 660 1366 sales
673 1352 687 1374 ,
709 1323 912 1380 Praepcfito
928 1324 1172 1372 cathedralis

464 1382 635 1439 Ecclesiae
660 1382 885 1439 Genevenst's
899 1403 909 1422 ·.

187 1512 641 1564 CLEMENS
703 1516 916 1564 PAPA
985 1520 1168 1568 VIII.

271 1636 427 1682 Dilcffe
441 1642 527 1683 Fili
539 1641 732 1695 ,filatem
741 1672 755 1696 ‚
770 1642 818 1690 ζῇ·
834 1641 1090 1699 Apostolicam

505 1699 817 1745 Benedmionem
835 1729 848 1745 .
1078 1701 1091 1706 “

332 1822 494 1865 Arravit
511 1824 640 1866 Nobis
666 1825 741 1866 Vir
759 1824 1004 1880 Religiosus‚
1022 1827 1168 1867 Frater

349 1881 522 1935 Spiritus
560 1894 608 1922 ex
647 1882 791 1924 ordine
828 1883 1163 1938 Capucinornm„

185 1937 310 1978 Verbi
330 1938 408 1978 Dei
425 1939 714 1989 concionator,
741 1940 791 1983 de
815 1950 882 1982 tua
909 1941 1092 1994 pietate,
1122 1943 1162 1981 8c

190 1993 280 2034 zelo
301 1994 435 2036 divini
450 1995 610 2036 honoris
622 2021 637 2042 ,
661 1998 771 2046 quod
785 2005 1016 2046 pergratum
1031 1997 1162 2035 Nobis

186 2047 341 2091 accidit
359 2077 370 2089 .
399 2049 512 2092 Idem
527 2057 661 2092 autem
675 2049 855 2103 quaedam
882 2050 1015 2088 nostro
1030 2049 1164 2089 nomi-

184 2120 236 2149 ne
268 2104 341 2149 tibi
361 2114 565 2161 exponet,
591 2119 676 2160 quae
699 2106 749 2147 ad
770 2106 849 2148 Dei
874 2104 1045 2159 gloriam
1071 2118 1161 2160 per·

182 2165 336 2211 tinent,
371 2178 536 2221 quaeque
556 2165 685 2206 Nobis
709 2164 818 2207 cordi
844 2162 932 2205 sunt
961 2163 1159 2206 maxime.

182 2224 250 2267 Tu
261 2219 456 2265 fidemini
472 2222 721 2266 cumulatam
740 2223 904 2266 habebis
918 2252 934 2275 ‚
959 2222 1126 2278 perinde
1143 2253 1159 2275 ,

182 2295 229 2325 ac
244 2281 374 2324 Nobis
389 2283 494 2337 iptis,
509 2295 676 2338 eamque
712 2279 962 2337 diligentiam
992 2281 1159 2324 adhibe-

185 2339 247 2382 bis
270 2368 286 2391 ‚
316 2354 435 2395 quam
459 2341 480 2382 a
502 2349 570 2383 tua
595 2338 809 2396 prudentia
825 2365 838 2389 ,
864 2342 904 2383 δι
929 2354 1023 2394 erga
1044 2342 1128 2383 Nos
1144 2370 1158 2393 ,

183 2407 307 2452 atque
321 2399 421 2440 hanc
438 2399 620 2441 Sanctam
641 2397 790 2442 Sedem
804 2401 1021 2442 devotione
1034 2412 1160 2456 expe·

184 2456 356 2505 ciamus,
382 2457 538 2514 tibique
557 2458 722 2512 paterne
737 2458 1008 2500 benedicimus
1023 2488 1034 2500 .
1174 2510 1178 2515 ι

300 2516 451 2557 Datum
478 2518 620 2559 Romae
644 2516 750 2569 apud
781 2519 965 2560 Sanctum
979 2518 1160 2558 Marcum

187 2570 258 2614 sub
289 2572 454 2616 Annulo
479 2573 693 2618 Piscatoris
732 2575 799 2616 die
821 2576 948 2631 prima
977 2574 1163 2616 octobris

191 2642 386 2674 mnxcvl·
416 2631 681 2676 Pontificatfis
693 2633 831 2676 nostri·
845 2638 964 2676 Anno
981 2635 1033 2675 V.

248 2759 495 2813 Autograph.
521 2757 564 2799 in
582 2760 753 2801 Archivo
778 2763 920 2802 secret.
941 2760 1166 2801 Bra-vium„

305 2814 354 2855 ad
379 2815 582 2871 Principes
611 2816 762 2869 Regi-sta
777 2820 917 2867 amr-V.
937 2819 1138 2872 pag-358.

190 2962 643 2980 --ῄ--ι-
652 2968 939 2982 ,ιιι-ῃ

257 3070 612 3114 APOSTOLICA
646 3075 1092 3119 AUCTOR1·1·ATE.

193 3199 425 3252 Fratribus
447 3199 737 3250 Miffionariis
765 3202 823 3251 ad
849 3215 996 3269 partes
1011 3207 1167 3254 Tono-

262 3273 357 3327 nii,
392 3269 439 3320 ἃ
459 3274 673 3321 Civitatis
692 3269 963 3321 Gebenenfis
990 3274 1168 3342 ablega-

260 3342 316 3388 tis
347 3342 599 3406 praehabitae
626 3344 670 3390 in
707 3345 853 3391 Vallis
879 3341 1173 3393 Pedemonta-

257 3425 338 3458 nae.
364 3410 594 3459 Miffiones
634 3410 870 3462 facultates
920 3410 1171 3480 spirituales

266 3478 573 3530 conceduntur
590 3516 603 3528 .

196 3603 330 3653 §Julius
346 3603 477 3660 Caesar
490 3605 696 3651 Riccardus
712 3638 727 3661 ,
751 3613 827 3653 Dei
844 3640 856 3662 ‚
877 3609 930 3660 (θ’
946 3611 1168 3667 Apostolicae

259 3663 365 3703 Sedis
393 3667 543 3718 gratia*
579 3669 887 3728 Archlepifiopus
930 3670 1127 3724 Barrcnlis
1153 3696 1167 3719 2,

253 3722 295 3761 S.
314 3723 366 3762 D.
380 3725 432 3764 N.
451 3725 503 3765 D.
525 3725 725 3768 Clementis
749 3729 904 3770 Divina*
916 3728 1172 3783 providentia

251 3781 362 3835 Papa:
397 3782 499 3825 VIII.
532 3784 685 3826 santJae
711 3786 816 3828 sedis
850 3788 956 3840 apud
977 3787 1164 3844 serviisti·

1284 847 1388 875 mum
1407 837 1619 877 Dominum
1634 836 1816 878 carolum
1831 840 2115 882 Emmanuelem
2129 843 2202 880 Sa·

1281 892 1433 934 baudiae
1463 895 1611 933 Ducem
1627 892 1721 943 ,ῥ’
1739 896 2015 940 Pedcmontium
2041 895 2197 948 princi,

1276 962 1371 1006 pom
1386 952 1563 992 Nuncius
1576 979 1588 991 .

1367 1066 1527 1109 Mnibus
1545 1095 1559 1117 ‚
1588 1067 1629 1107 δε
1641 1066 1801 1122 fingulis
1816 1069 1885 1111 has
1899 1069 2051 1113 nostras
2074 1071 2201 1127 inspe-

1381 1124 1531 1175 cturis,
1552 1124 1741 1172 lecturis,
1762 1127 1802 1167 &
1820 1126 2016 1171 audituris
2041 1128 2201 1172 fidem-a

1229 1181 1396 1224 facimus
1413 1209 1428 1230 ,
1454 1183 1549 1224 &in
1577 1183 1701 1224 verbo
1729 1186 1909 1228 veritatis
1938 1188 2200 1239 attestamur,

1228 1239 1328 1283 ficut
1351 1241 1390 1283 in
1407 1241 1560 1284 virtute
1585 1239 1813 1283 litterarum
1840 1243 2092 1288 familiarium
2112 1246 2204 1288 de,

1230 1301 1375 1342 ordine
1394 1297 1546 1356 praefati
1572 1299 1802 1342 Sanetiffimi
1817 1303 1981 1344 Domini
1996 1301 2134 1344 Nostri
2154 1300 2204 1343 ad

1229 1361 1316 1401 Nos
1326 1373 1396 1415 per
1415 1356 1723 1401 Illustriffimum
1735 1385 1749 1408 ‚
1765 1359 1804 1399 δι
1820 1358 2204 1402 Reverendiffimum

1227 1419 1443 1461 Dominum
1453 1414 1718 1459 Cardinalem
1734 1420 1880 1460 Saneiae
1893 1418 2091 1461 Severinae
2109 1415 2203 1460 scri-

1226 1487 1385 1534 ptarum
1400 1473 1562 1519 fuerunt
1587 1488 1660 1528 per
1685 1479 1769 1518 Nos
1786 1474 1971 1520 conceffae
1990 1506 2004 1529 ,
2029 1478 2067 1518 &
2089 1488 2203 1519 com·

1231 1536 1347 1578 miffae
1360 1536 1454 1577 RR.
1470 1534 1679 1577 Fratribus
1699 1533 1866 1577 Ordinis
1884 1536 2090 1578 Minorum
2105 1537 2201 1578 San-

1229 1596 1284 1638 &i
1302 1592 1499 1636 Francisci
1514 1592 1854 1649 Congregationis
1868 1595 2167 1648 Capucinorum
2185 1619 2201 1643 ,

1227 1653 1423 1709 signanter
1464 1653 1559 1694 RR.
1575 1652 1653 1694 PP.
1686 1653 1894 1694 Fratribus
1925 1653 2144 1696 Valeriano
2175 1649 2200 1691 a

1229 1711 1439 1757 Pinerolio
1462 1739 1477 1763 ,
1507 1709 1698 1752 Mauritio
1725 1709 1897 1754 Murenfi
1923 1739 1938 1762 ‚
1965 1708 2153 1765 Philippo
2175 1707 2199 1749 a

1228 1770 1468 1812 Pancalerio
1493 1767 1826 1810 Praedicatoribus
1848 1795 1862 1816 ,
1891 1770 1930 1808 &
1956 1769 2045 1811 aliis
2075 1794 2090 1814 ,
2131 1764 2200 1818 qui

1230 1824 1384 1865 virtute
1405 1824 1565 1864 Decreti
1584 1850 1598 1872 ,
1629 1823 1751 1863 etiam
1767 1822 1988 1876 Apostoliei
2000 1848 2015 1870 ,
2033 1822 2203 1878 instante

1228 1883 1390 1937 praeiato
1403 1878 1654 1935 Sereniffimo
1667 1877 1831 1922 fuerunt
1846 1877 1943 1921 miffi
1953 1894 2060 1922 anno
2080 1878 2198 1935 1596-

1221 1939 1427 1993 praeterito
1452 1938 1502 1978 ad
1521 1937 1659 1979 Valles
1680 1937 1968 1988 Pedemontis,
1995 1953 2071 1994 pro
2103 1951 2200 1979 con-

1223 1996 1404 2033 vernone
1419 1995 1744 2042 Haereticorum,
1776 1997 1816 2035 δι
1838 1996 1990 2037 haerefis
2015 1998 2197 2047 extirpa-

1223 2046 1337 2087 tIOne
1361 2073 1375 2095 ‚
1399 2046 1677 2099 -infrascriptae
1706 2046 1920 2091 facultates
1947 2077 1960 2100 ,
2003 2051 2156 2091 scilicet
2185 2079 2198 2101 ,

1223 2105 1404 2146 Verbum
1435 2105 1510 2145 Dei
1539 2103 1811 2157 praedicandi,
1836 2109 1875 2148 &
1898 2107 2197 2161 Evangelium⁴

1222 2161 1450 2217 explicandi
1467 2189 1480 2212 ‚
1506 2162 1630 2203 libros
1646 2165 1956 2216 naereticorum,
1969 2167 2087 2209 etiam
2102 2180 2198 2221 pro-

1221 2221 1370 2263 hibitos
1394 2220 1586 2270 tenendi,
1609 2222 1851 2276 &legendi3
1877 2224 1974 2267 item
2002 2223 2194 2266 audiendi

1220 2277 1497 2322 Confeffiones
1513 2281 1834 2324 sacramentales
1848 2295 2196 2337 quorumcumque

1222 2337 1508 2391 poenitentium
1532 2363 1546 2386 ‚
1578 2338 1698 2379 etiam
1726 2340 2016 2382 Haereticorum
2039 2369 2053 2390 ,
2091 2342 2130 2382 δι
2159 2340 2196 2381 in

1221 2392 1314 2435 foro
1333 2395 1584 2435 conscientiae
1609 2407 1676 2435 eos
1692 2395 1927 2437 absolvendi
1950 2399 1973 2439 a
1989 2396 2165 2438 censuris
2181 2422 2196 2444 ‚

1221 2453 1259 2493 &
1277 2451 1717 2494 excomunicationibus
1735 2478 1750 2501 ‚
1774 2452 1937 2507 aliisque
1962 2452 2195 2501 sententiis,

1220 2511 1260 2550 δι
1292 2509 1420 2564 poenis
1439 2509 1743 2551 Ecclefiasticis.
1777 2513 1881 2552 Item
1908 2513 2129 2552 Haereticos
2142 2512 2193 2552 ad

1222 2581 1291 2609 eos
1309 2566 1449 2622 sponte
1465 2568 1671 2609 venientes
1685 2567 1734 2609 ad
1750 2567 2012 2624 abjurandum
2028 2595 2042 2617 ,
2069 2571 2189 2613 etiam

1225 2624 1428 2679 relapsos,
1460 2639 1540 2666 non
1569 2636 1700 2667 tamen
1726 2625 1894 2681 insignes
1918 2655 1934 2676 ,
1962 2627 2153 2668 videlicet
2177 2653 2192 2677 ‚

1225 2683 1452 2731 Ministros,
1475 2685 1719 2738 Capitaneos
1734 2712 1747 2734 ‚
1777 2684 2020 2726 &Dominos
2038 2685 2194 2726 Feudo-

1226 2755 1341 2791 rum,
1370 2741 1612 2795 recipiendi,
1641 2743 1833 2786 &eorum
1851 2740 2122 2798 abjurationes
2150 2742 2190 2782 in

1230 2798 1386 2854 scriptis
1403 2798 1530 2853 redigi
1561 2796 1733 2843 faciendi
1761 2815 1832 2856 per
1851 2803 2092 2850 Notarium,
2123 2807 2191 2840 aut

1230 2859 1350 2901 aliam
1376 2856 1578 2913 personam
1617 2859 1665 2899 ab
1692 2858 1780 2913 ipfis
1805 2857 2051 2911 eligendam,
2079 2856 2188 2912 cujus

1230 2919 1314 2959 ac‘ia
1339 2916 1376 2956 in
1400 2914 1596 2970 praemissis
1619 2915 1693 2959 sint
1716 2915 1892 2972 ejusdem
1919 2916 2099 2964 roboris,
2127 2923 2189 2956 at-

1231 2972 1344 3018 tenta
1374 2972 1502 3016 forma
1544 2972 1649 3015 illius
1692 2973 1990 3029 approbationis
2018 2971 2188 3015 tradita.

1228 3037 1360 3081 Item,
1385 3031 1596 3075 exercendi
1620 3034 1752 3074 omnia
1780 3044 1945 3074 munera
1972 3032 2190 3073 Parochia-

1229 3093 1280 3135 lia
1298 3119 1312 3141 ‚
1337 3088 1685 3134 &administrandi
1712 3091 1843 3133 omnia
1866 3092 2120 3132 Sacramenta
2148 3089 2187 3129 in

1227 3150 1426 3193 defectum
1455 3148 1623 3189 aliorum
1651 3147 1950 3197 Sacerdotum,
1977 3149 2017 3189 δι
2047 3147 2190 3189 Matri-

1227 3209 1362 3251 monia
1377 3219 1488 3247 more
1500 3206 1792 3248 Haereticorum
1808 3205 1907 3247 facta
1919 3205 1959 3247 in
1974 3206 2072 3247 locis
2084 3232 2098 3254 ,
2122 3204 2188 3246 ubi

1229 3266 1472 3324 publicatum
1490 3262 1609 3305 fuerit
1627 3265 1860 3307 Concilium
1888 3263 2186 3311 Tridenfinum,

1229 3326 1361 3367 denuo
1385 3337 1495 3364 more
1521 3321 1828 3373 Ecclesiastico,
1853 3322 1973 3364 etiam
2002 3322 2188 3363 ommiffis

1231 3379 1609 3426 denunciationibus
1651 3407 1666 3431 ,
1709 3382 1946 3424 contrahere
1989 3378 2157 3422 faciendi
2177 3404 2187 3414 ·

1230 3442 1465 3496 Cumquein
1490 3438 1594 3479 dicia
1624 3437 1804 3481 Miffione
1835 3439 1940 3481 idem
1961 3441 2082 3481 Pater
2099 3438 2187 3477 Fra·

1230 3511 1292 3542 ter
1325 3497 1539 3541 Mauritius
1567 3509 1712 3550 magno
1736 3512 1826 3539 cum
1852 3499 1977 3539 fructu
1999 3498 2036 3537 se
2066 3490 2189 3548 gesse-

1229 3560 1285 3601 rit
1301 3585 1316 3608 ,
1343 3558 1434 3599 hinc
1455 3554 1509 3597 est
1527 3583 1542 3604 ‚
1566 3556 1673 3610 quod
1700 3555 1739 3595 S.
1757 3558 1805 3597 D.
1819 3558 1869 3597 Ν.
1883 3555 1967 3608 ejus
1979 3550 2188 3607 personam

1226 3630 1323 3659 cum·
1356 3613 1493 3656 iisdem
1532 3611 1790 3658 facultatibus
1822 3612 1871 3654 ad
1907 3612 1947 3653 id
1978 3609 2189 3652 officium-2

1227 3671 1547 3731 prosequendum
1579 3670 1683 3715 ultra
1702 3675 1863 3715 Montes
1885 3670 1934 3712 ad
1954 3679 2087 3724 partes
2103 3670 2189 3710 To-

1226 3731 1334 3776 nonii
1365 3757 1378 3779 ,
1404 3733 1442 3772 &
1471 3729 1762 3772 Gebenenlium
1790 3741 1862 3782 per
1891 3735 2019 3769 totam
2041 3727 2189 3768 illam-2

1229 3789 1426 3834 Dioecelin
1450 3817 1463 3839 ‚
1491 3789 1531 3830 &
1571 3786 1756 3829 finitimas
1783 3786 1956 3839 elegerit
1985 3814 2000 3838 ,
2045 3794 2093 3885 ult·
2118 3798 2188 3839 per

2087 3852 2137 3882 it-
