2704 4120
963 215 1600 336 Parifienfis.
2106 238 2218 337 35'

266 359 359 398 busa
370 367 437 397 Deo
458 360 566 399 eodem
584 371 726 410 tempore
735 363 827 407 falia
840 386 850 396 .
862 363 990 414 ,Quarto
1002 388 1013 398 .
1029 370 1232 403 concionator
1244 367 1377 413 quidam
1391 390 1401 406 ‚
1426 369 1502 404 dum
1524 381 1560 404 eo
1577 368 1643 416 ipso
1667 364 1823 405 nuntiata
1847 372 1962 407 mortis
1986 373 2038 408 die
2050 397 2062 413 ,
2081 379 2276 415 Civitatem,

259 403 379 454 solaba
387 417 444 445 tur
460 435 470 450 ‚
483 414 527 449 (9¹
543 413 580 446 de
593 416 634 444 P.
646 410 777 458 „Angelo
787 410 873 444 nibil
884 410 988 447 adhuc
992 413 1143 459 sparsum
1157 422 1230 448 erat
1242 438 1252 452 ,
1267 415 1354 447 inter
1377 413 1446 448 alia
1458 418 1546 452 dixit
1558 440 1569 457 ‚
1596 418 1683 463 quod
1700 417 1826 453 homine
1835 443 1844 459 ,
1873 422 1931 466 qui
1943 423 2104 455 exercitui
2116 428 2275 463 Catholici,

256 455 387 504 praeeffit’
395 457 572 506 poffittmon
583 467 727 496 extante,
739 463 827 493 Deus
843 460 1040 504 omnipotens
1049 462 1094 497 co*
1109 462 1290 503 misericors
1298 462 1408 507 potius
1418 472 1477 509 pro
1491 466 1608 512 capite,
1625 469 1668 502 Θ
1683 472 1772 501 Duce
1788 468 1924 502 daturus
1929 467 1974 510 sit
1989 468 2165 513 Angelum,
2177 473 2274 516 qua'm

256 505 346 550 quod
358 506 456 554 causa
468 506 541 553 ejus
550 507 594 552 sit
606 505 755 550 mansura
769 503 894 554 absque
907 505 1080 550 defensione
1095 520 1106 549 ;
1128 509 1213 553 quod
1232 505 1429 556 postmodum
1442 523 1498 545 ceu
1514 514 1739 560 propheticum
1758 514 2007 557 oraculumfuit
2021 513 2183 555 babiium,
2193 528 2273 565 prce.

246 552 368 596 sortirii
384 567 456 591 cum
473 559 516 589 P.
534 556 735 591 concionator
745 577 756 594 ,
769 555 850 599 quid
859 564 931 589 cum
947 557 989 587 1³.
1004 554 1234 602 Angeloforet
1246 580 1256 595 ‚
1269 566 1325 590 nec
1343 556 1466 598 loiret,
1478 570 1533 594 nec
1543 563 1704 608 cogitaret
1714 585 1723 597 .
1747 562 1868 612 Qinto
1879 586 1889 596 .
1915 564 2035 598 Paucis
2062 562 2175 598 diebus
2197 575 2271 601 ante

251 599 417 642 infelicem
430 603 540 645 casum
551 628 562 644 ,
574 608 615 638 P.
629 603 780 648 Angelus
793 602 1038 645 elessusfuerat
1053 605 1258 640 Guardianus
1273 606 1447 646 Conventus
1460 609 1662 652 Arelatensis
1678 612 1711 646 in
1727 612 1906 648 Provincia
1916 636 1928 652 ‚
1947 615 1991 648 (9-
2004 612 2132 658 pluries
2146 611 2226 647 illuc
2233 614 2271 655 s'e

251 649 399 690 conferre
410 651 521 686 voluit
533 676 544 692 ,
566 652 696 699 semper
707 658 816 684 autem
830 650 900 692 fuit
916 651 1090 697 impeditus
1107 675 1120 691 ‚
1138 651 1227 687 modo
1242 649 1285 685 ab
1310 650 1370 685 hac
1384 677 1395 692 ,
1409 653 1497 688 modo'
1508 653 1552 688 ab
1574 658 1682 693 altera
1695 660 1791 704 causti
1803 683 1814 699 ,
1827 661 1876 694 ita
1900 669 1938 696 ut
1954 658 2150 706 postmodum
2165 662 2272 694 credi-

253 702 326 730 tum
333 695 445 738 fuerit
458 723 470 740 ‚
486 710 530 734 ex
543 700 672 736 Divina
695 697 919 733 Providentia
933 698 1059 742 consilio
1073 711 1145 734 eum
1170 711 1229 735 non
1248 698 1407 745 difieffiffe
1422 724 1433 739 ‚
1447 699 1509 734 imo
1528 702 1644 744 Tolosa
1669 716 1775 742 moras
1794 707 1895 755 usque
1918 711 1961 745 ad
1980 713 2142 742 Fraternae
2157 708 2272 743 mortis

252 744 406 781 notitiam
415 746 616 795 prolongaffe
629 771 642 788 ,
653 754 814 793 quatenus
825 745 924 779 citius
938 747 1100 794 Religioni
1112 772 1122 787 ,
1136 749 1257 785 sanctie
1269 746 1385 782 vnioni
1397 772 1408 788 ,
1442 750 1486 785 ά·
1506 747 1636 793 afflic‘iae
1652 755 1776 799 'Patria
1783 755 1975 798 succurrere
1990 754 2090 803 posset
2101 778 2112 789 .
2267 793 2269 796 ,

348 795 522 840 concursus
534 806 662 842 quoque
677 795 762 831 cleri
773 819 785 836 ‚
800 792 1006 843 nobilitatis
1019 819 1031 835 ,
1045 799 1088 832 τῇ*
1102 794 1311 842 Magistratus
1325 820 1334 835 ‚
1347 797 1406 843 qui
1414 794 1480 844 post
1494 799 1751 843 Congregationis
1764 803 1990 844 resolutionem
2016 815 2088 838 cum
2108 803 2177 850 ipfii
2195 806 2271 838 Con.

243 843 440 886 gregatione
449 844 566 879 unitim
585 845 628 879 ad
633 843 824 890 praedibtam
836 842 1061 887 resolutionem
1075 848 1127 878 Fr·
1142 843 1272 891 angelo
1282 844 1539 889 patefaciendam
1551 867 1562 884 ,
1580 857 1619 880 ac
1643 856 1715 881 eum
1741 850 1779 883 de
1791 851 1979 891 Monaslerio
1990 853 2183 888 educendum
2194 862 2269 886 cum

246 888 484 927 innumerabili
492 893 690 927 accurrentis
703 892 818 939 populi
827 890 1036 937 multitudine
1048 890 1241 936 acceſjorunt
1255 903 1266 933 ;
1279 893 1435 927 continua
1441 891 1556 939 populi
1566 894 1814 930 acclamationes
1826 920 1836 936 ,
1846 899 2002 939 solatium
2015 925 2025 940 ,
2038 902 2082 935 ά*
2090 899 2268 946 gaudium,

245 946 306 969 non
322 936 432 979 soltim
449 939 483 973 in
497 940 637 975 Civitate
650 939 802 982 Tolofizna
814 965 825 981 ,
831 939 892 982 sod
904 940 1003 974 etiam
1017 940 1050 974 in
1063 939 1140 975 aliis
1152 942 1252 975 terris
1267 938 1436 975 Catholicis
1451 938 1624 986 personans
1637 964 1649 983 ,
1663 944 1767 978 teneri
1787 943 1902 978 debent
1917 959 1972 982 ceu
1982 959 2063 982 vera
2078 948 2197 982 divinae
2208 958 2268 982 vo-

244 984 385 1020 luntatis
389 984 481 1031 signa
491 988 694 1032 :prasertim
705 995 816 1024 autem
832 987 901 1022 tale
913 985 955 1027 est
960 987 1052 1030 felix
1064 1013 1074 1028 ‚
1094 990 1154 1035 qui
1162 986 1354 1031 subsocutus
1368 987 1412 1029 esl
1426 1012 1436 1027 ,
1464 999 1572 1024 rerum
1589 991 1700 1025 exitus
1711 1014 1722 1031 ‚
1742 1001 1817 1025 nam
1844 992 1904 1026 hac
1922 995 2111 1037 resolutione
2130 994 2268 1037 fuerunt

235 1029 368 1078 firmati
380 1031 534 1068 bonorum
547 1036 669 1076 animi,
687 1036 870 1083 desperatio
880 1037 1034 1080 converso
1039 1036 1111 1080 fuit
1125 1035 1295 1077 infirmam
1307 1033 1398 1083 spem
1414 1059 1426 1076 ‚
1441 1039 1484 1073 Θ
1498 1035 1642 1072 omnibus
1654 1062 1664 1078 ‚
1679 1039 1765 1085 quod
1780 1038 1946 1082 defunctus
1961 1047 2040 1075 Dux
2054 1065 2064 1080 ,
2078 1043 2189 1088 aliquo
2201 1053 2268 1077 mo-

223 1106 226 1109 *
242 1079 282 1112 do
290 1078 401 1121 suerit
415 1080 626 1126 refiiscitatus
640 1107 651 1124 ,
662 1085 770 1129 visum
777 1082 852 1129 fuit
865 1107 875 1117 .
888 1085 1000 1131 Nulla
1013 1087 1154 1125 civitas,
1166 1092 1225 1119 aut
1238 1084 1325 1119 locus
1333 1085 1372 1128 se
1387 1084 1429 1119 ab
1443 1085 1555 1118 unione
1562 1085 1735 1132 separavit
1745 1101 1754 1121 ε
1765 1087 1896 1134 Nullus
1909 1090 2094 1135 capitaneus
2105 1113 2116 1128 ‚
2131 1098 2189 1122 aut
2204 1090 2269 1124 Mi·

243 1123 292 1159 les
298 1124 472 1166 stationem
487 1131 629 1174 deseruit
645 1143 775 1173 ;omnes
783 1142 844 1181 per
866 1134 930 1168 Dei
938 1135 1088 1180 gratiam
1105 1132 1209 1174 infide
1223 1157 1233 1172 ,
1246 1135 1288 1169 ὠ
1305 1132 1403 1176 officio
1417 1130 1587 1177 constantes
1596 1132 1802 1180 permansire
1817 1158 1826 1168 .
1852 1137 2003 1172 Inimicus
2013 1159 2024 1176 ‚
2043 1137 2101 1182 qui
2113 1135 2266 1178 obsidione

240 1175 452 1212 fortalitium
469 1178 584 1223 Tolosae
597 1181 741 1217 vicinum
756 1193 828 1217 cum
837 1181 995 1229 proposito
1011 1179 1146 1226 majoris
1154 1179 1349 1227 postmodum
1370 1181 1557 1215 tentaminis
1569 1182 1773 1223 arliaverat,
1789 1183 2022 1219 catholicorum
2040 1184 2265 1227 resolutionem

239 1222 303 1257 vix
317 1224 457 1260 inaudiit
466 1250 477 1267 ‚
489 1225 532 1262 ab
545 1225 702 1271 obsidione
714 1228 835 1270 destitit
849 1254 860 1270 ,
871 1233 915 1266 (φ’
930 1231 1089 1265 tentandae
1110 1241 1202 1266 novae
1213 1230 1318 1272 sortis
1332 1231 1475 1264 animum
1490 1240 1549 1263 non
1559 1227 1679 1265 habens
1691 1255 1702 1270 ‚
1723 1230 1810 1266 abiit
1820 1232 1893 1266 hinc
1907 1233 1979 1266 inde
1992 1233 2024 1266 in
2038 1233 2128 1268 viam
2143 1232 2268 1278 disper·

237 1268 334 1352 {⁰25³
347 1294 359 1311 2
370 1273 421 1329 ita
434 1275 565 1322 quidem
577 1299 590 1317 ‚
604 1284 643 1312 ut
660 1278 720 1315 illo
739 1286 874 1326 excepto
886 1302 898 1319 ‚
914 1279 1002 1325 quod
1012 1279 1065 1314 die
1080 1278 1248 1324 conflibius
1255 1277 1355 1321 sunm
1369 1276 1544 1325 acquifivit
1554 1300 1567 1317 ,
1578 1277 1671 1313 aliud
1686 1278 1812 1316 lucrum
1827 1280 1865 1314 de
1875 1279 2051 1324 infortunio
2067 1277 2168 1319 nostro
2181 1288 2265 1313 non-2

266 1328 286 1352 a
309 1328 398 1355 uerit
414 1345 425 1356 .

337 1372 415 1404 Haec
425 1373 534 1408 omnia
546 1376 610 1409 Dei
614 1377 737 1423 gratia
745 1375 846 1420 sunt,
855 1376 978 1423 pietati
991 1400 1003 1416 ‚
1016 1378 1060 1413 ά*
1077 1377 1243 1412 devotioni
1255 1373 1407 1422 Religiosi
1423 1372 1520 1419 hujus
1546 1376 1646 1410 Ducis
1663 1376 1681 1419 (
1695 1384 1733 1410 ut
1746 1377 1875 1412 credere
1895 1376 2003 1419 licet)
2024 1371 2163 1418 conceffae
2182 1397 2193 1413 ‚
2206 1374 2264 1419 qui

240 1415 285 1450 ῤ’
297 1417 404 1453 media
413 1442 424 1459 2
439 1430 511 1466 quae
521 1424 698 1468 prudentia
711 1424 851 1460 humana
875 1423 1031 1461 adhibere
1040 1424 1128 1468 solet
1139 1448 1152 1465 ‚
1166 1437 1225 1459 non
1241 1423 1407 1470 neglexit;
1438 1423 1527 1459 illico
1554 1425 1638 1459 enim
1655 1436 1692 1458 ac
1707 1423 1912 1462 Gubernator
1926 1423 1998 1466 fuit
2017 1424 2238 1469 proclamatus
2254 1444 2266 1461 ,

231 1462 471 1512 principaliora
484 1469 637 1506 civitatis
649 1474 720 1508 loca
735 1471 848 1516 invisit
859 1496 872 1512 ,
885 1477 928 1509 ψ’
941 1486 978 1508 ea
989 1497 999 1514 ‚
1013 1483 1084 1519 quae
1098 1472 1257 1516 neceffitas
1269 1472 1445 1520 inspiravit
1459 1495 1470 1510 ‚
1494 1473 1660 1507 ordinavit
1674 1486 1685 1514 ς
1708 1472 1836 1522 scripsit
1850 1477 1894 1510 &¹
1908 1471 1992 1515 mifit
2011 1470 2155 1519 Nobiles
2179 1470 2262 1504 cele-

234 1509 353 1560 resque
369 1515 517 1556 cursores
528 1520 570 1553 ad
581 1520 666 1555 alias
679 1522 836 1557 Civitates
847 1545 860 1562 ‚
875 1522 1122 1557 communitates
1133 1546 1143 1562 ,
1159 1526 1203 1559 &-
1215 1523 1257 1556 ad
1267 1520 1384 1556 harum
1408 1517 1667 1557 Gubernatores:
1682 1523 1826 1559 munivit
1843 1522 1950 1559 milite
1963 1520 2044 1560 loca,
2056 1530 2125 1566 quae
2139 1518 2197 1552 hoc
2209 1518 2263 1551 in-

240 1559 394 1606 digebant
409 1587 420 1604 ,
432 1566 600 1612 omnesque
615 1569 812 1615 provisiones
823 1594 834 1610 ,
847 1580 928 1617 quas
940 1577 1066 1617 tempus
1079 1594 1090 1610 ‚
1104 1573 1146 1607 &
1161 1581 1269 1605 rerum
1279 1567 1385 1609 status
1398 1567 1568 1616 requisivit
1579 1592 1589 1608 ,
1607 1571 1747 1608 dictavit
1759 1583 1769 1603 ε
1795 1572 1914 1617 Saepius
1929 1571 1968 1604 de
1984 1569 2124 1604 civitate
2139 1571 2260 1600 Metro-

232 1607 381 1653 politana
388 1612 606 1658 personaliter
612 1617 650 1660 so
662 1619 801 1654 contulit
813 1621 855 1654 ad
867 1618 950 1653 alias
963 1630 974 1658 3
989 1624 1102 1654 Status
1116 1620 1301 1654 Provincia
1315 1623 1527 1664 congregavit
1538 1618 1570 1651 in
1584 1619 1723 1654 Civitate
1736 1616 1920 1663 careaffonae
1931 1642 1941 1658 ‚
1956 1618 2095 1652 Civitate
2109 1612 2130 1648 a*
2144 1612 2261 1655 defun·

236 1654 287 1689 tto
300 1661 497 1715 Ducencapta
508 1685 520 1701 ‚
535 1664 569 1698 in
584 1675 649 1711 qua
663 1670 704 1705 Ρ.
718 1668 872 1714 Angelus
885 1674 1032 1714 tempore
1044 1689 1055 1707 ,
1067 1678 1131 1714 quo
1149 1667 1290 1712 Nobilis
1303 1673 1422 1703 Orator
1432 1667 1473 1700 ad
1486 1665 1591 1700 Santt.
1611 1666 1708 1710 suam
1729 1664 1750 1700 a*
1763 1664 1870 1701 tribus
1884 1663 2058 1702 Ordinibus
2074 1662 2259 1707 ablegatus,

234 1705 369 1748 Romam
382 1714 448 1742 iter
461 1708 622 1758 affumpsit
634 1736 645 1751 ‚
661 1713 855 1750 morabatur
867 1739 878 1749 .

262 1797 271 1806 ,
330 1754 413 1796 Yam
423 1756 501 1792 vero*
518 1759 610 1795 unice
619 1764 748 1808 petitur
758 1787 769 1803 ‚
780 1771 821 1798 ut
833 1764 950 1799 eadem
962 1766 1104 1799 rationes
1120 1789 1130 1805 ,
1144 1776 1214 1811 quae
1223 1765 1378 1812 prefatos
1392 1765 1527 1799 Ordines
1549 1765 1591 1799 ad
1600 1764 1778 1810 praefatam
1799 1763 1931 1810 pariter
1953 1759 2178 1804 resolutionem
2205 1767 2263 1812 ca·-¹

232 1799 381 1843 {flendam
395 1803 597 1849 impulerunt
609 1832 621 1847 ‚
643 1818 797 1845 moveant
821 1814 866 1846 &
888 1812 1104 1846 Sannitaeem
1119 1818 1215 1848 Suam
1234 1816 1276 1846 ad
1293 1824 1364 1847 eam
1377 1811 1624 1847 ratihabendam
1637 1835 1648 1851 ‚
1673 1815 1715 1848 ά*
1731 1813 1774 1846 ad
1797 1811 1963 1845 licentiam
1990 1812 2023 1843 in
2036 1819 2074 1842 ea
2081 1803 2261 1861 pfrfistemf‘

235 1847 462 1884 concedendam
483 1874 493 1884 .
518 1854 792 1898 Supplicaturque
802 1856 988 1889 humillime
1001 1878 1010 1890 .,
1021 1861 1065 1891 Θ·
1083 1857 1294 1898 instantiffime
1316 1859 1493 1890 sanctitati
1507 1862 1578 1890 Suae
1613 1869 1647 1889 ro
1663 1865 1760 1900 parte
1773 1858 2014 1889 enuntiatorum
2033 1854 2202 1887 ordinum,
2215 1858 2261 1884 eff·

235 1898 300 1937 pro
314 1894 440 1928 ratione
452 1897 542 1936 zeli,
566 1907 629 1944 quo
643 1900 919 1939 consorvationem
941 1901 1119 1945 Religionis
1131 1902 1299 1936 catholica
1309 1923 1318 1938 ‚
1334 1905 1377 1936 &-
1398 1902 1487 1934 Sedis
1501 1903 1577 1944 ,Apo
1605 1902 1693 1935 olicae
1709 1899 1938 1935 auctoritatem
1963 1899 2054 1944 cupit
2071 1920 2081 1937 2
2102 1904 2140 1931 ut
2151 1920 2162 1936 9
2174 1897 2260 1941 quod

234 1938 345 1974 astum
359 1964 370 1979 2
383 1942 539 1987 approbet
552 1968 562 1984 ,
573 1948 617 1980 Θ·
630 1969 641 1984 ,
654 1948 740 1990 quod
744 1945 901 1986 futurum
917 1945 959 1985 est
969 1970 979 1985 ,
993 1947 1150 1995 dispenset
1160 1969 1170 1980 .
1196 1953 1246 1983 Ex
1259 1958 1323 1992 quo
1335 1971 1346 1986 ,
1366 1945 1525 1992 quantum
1551 1945 1722 1988 neceffitati
1735 1945 1983 1992 providebitur.
2005 1943 2133 1980 tantum
2158 1943 2253 1980 illius

222 1986 421 2018 'Provinciae
438 1989 648 2029 consolationi
661 2013 671 2026 ‚
683 1994 728 2024 ὠ
738 1994 936 2023 incremento
950 1993 1008 2030 fiii
1022 1995 1092 2024 zeli
1104 1996 1148 2024 eo·
1163 1994 1343 2023 devotionis
1358 1993 1539 2031 consuletur
1552 2013 1563 2028 2
1573 2002 1644 2033 quae
1656 1997 1698 2026 ό*
1712 1995 1784 2025 inde
1797 1995 1839 2025 ad
1857 2002 1968 2036 preces
1975 2001 2036 2038 pro
2041 1992 2154 2034 salute
2165 2015 2175 2031 ‚
2202 1994 2248 2034 &2

228 2029 446 2076 prosperitate
462 2038 534 2067 Suae
546 2034 736 2068 sanctitatis
751 2039 818 2067 Deo
834 2034 1048 2079 porrigendas
1055 2033 1247 2079 specialiter
1273 2032 1421 2077 obligata
1441 2033 1603 2067 manebit.

325 2125 480 2164 Felieiter
494 2128 707 2165 Provinciam
722 2127 895 2167 militarem
909 2127 1059 2172 explevit
1071 2129 1127 2163 Fr.
1145 2127 1296 2172 Angelus
1308 2152 1318 2168 ,
1333 2129 1368 2163 ὃ(
1384 2128 1464 2163 dum
1476 2127 1646 2176 triumpho
1659 2128 1886 2165 haereticorum
1909 2130 2047 2167 fraenum
2062 2130 2183 2174 injecit,
2198 2144 2254 2177 pa.

228 2184 301 2209 cem
315 2174 493 2213 Oeeitsniae
518 2177 685 2213 reddidit.
714 2178 762 2213 Ex
777 2188 848 2224 quo
864 2178 936 2214 Rex
955 2177 1121 2214 Henricus
1134 2176 1191 2212 IV.
1209 2187 1283 2212 eum
1299 2187 1365 2211 non
1379 2176 1483 2212 solum
1502 2178 1601 2217 hujus
1613 2177 1804 2223 'Proregem
1832 2178 1998 2214 constituit
2009 2204 2019 2220 ‚
2045 2178 2100 2214 sed
2115 2181 2148 2215 δι
2163 2181 2253 2215 Paris

235 2223 274 2258 &
289 2221 478 2262 Marechalli
504 2225 647 2263 Franciae
665 2227 795 2262 honore
807 2250 819 2266 ‚
833 2227 867 2262 ὃ(
884 2226 987 2263 titulis
1006 2225 1245 2263 condecoravit
1258 2247 1269 2259 .
1294 2226 1329 2260 ln
1345 2225 1393 2258 his
1412 2234 1522 2261 autem
1538 2225 1673 2259 multiun
1686 2225 1777 2266 furni,
1798 2238 1979 2273 parumque
1996 2227 2048 2263 vel
2066 2227 2144 2263 nihil
2160 2226 2254 2270 lucis,

233 2272 270 2307 ἃ
295 2271 444 2309 veritatis
461 2274 523 2309 effe
538 2273 683 2320 palpanS,
700 2273 900 2320 pensansque
913 2287 985 2311 cum
999 2274 1093 2311 Divo
1107 2273 1264 2312 Anselmo
1279 2299 1289 2314 ‚
1304 2275 1391 2320 quod
1402 2298 1413 2314 ,
1438 2268 1646 2320 quiaealibet
1668 2275 1778 2310 mundi
1784 2275 1896 2324 gloria
1912 2277 1986 2322 quis
2007 2278 2132 2324 potitus
2139 2277 2230 2319 soret
2241 2301 2252 2318 ,

232 2319 394 2364 respicere
408 2323 546 2359 deberet
559 2325 662 2372 ‚quis
666 2324 711 2368 sit
718 2324 795 2366 finis
805 2347 815 2363 ,
828 2326 872 2360 Θ·
895 2326 929 2359 in
935 2323 1003 2364 sine
1015 2325 1086 2369 quis
1097 2322 1230 2365 fructus
1243 2345 1255 2362 ,
1266 2323 1351 2369 quod
1358 2323 1532 2370 praemium
1544 2347 1554 2363 ,
1569 2326 1612 2360 &
1639 2331 1767 2359 econtra
1782 2347 1792 2363 ,
1806 2334 1877 2373 quae
1895 2323 1939 2369 sit
1952 2326 2133 2371 expet-intio
2158 2335 2254 2360 mun..

227 2369 263 2404 di
281 2369 428 2417 gloriam
450 2372 716 2415 conculcantium
730 2374 847 2408 denuo
860 2372 963 2408 Sacco
977 2371 1173 2417 poenitentiae
1188 2370 1223 2414 se·
1232 2371 1350 2407 vestire
1365 2371 1477 2408 heroo
1492 2370 1601 2406 animo
1615 2369 1798 2414 conclusit,
1813 2382 1848 2407 ac
1860 2383 1948 2407 anno
1967 2384 1978 2406 1
1987 2383 2065 2416 599.
2082 2374 2120 2407 ad
2136 2373 2254 2419 Capu<
2283 2409 2297 2423 4

228 2427 333 2453 elnam
356 2419 537 2457 Stationem
549 2421 645 2457 rediit
659 2421 796 2463 ,relidit
819 2419 909 2465 supra
923 2419 1063 2459 mensam
1084 2418 1273 2457 secretioris
1296 2417 1409 2453 cubilis
1421 2419 1465 2454 sui
1482 2418 1587 2455 formai¹
1601 2419 1798 2458 testamenti,
1820 2419 1897 2455 dato
1910 2419 2075 2455 famulatui
2095 2420 2154 2455 suo
2178 2420 2250 2455 stri-

225 2464 332 2502 &iore
355 2469 475 2505 ordine
488 2493 499 2510 ‚
511 2478 640 2513 portam
652 2470 766 2506 cubilis
777 2493 788 2511 ,
805 2470 988 2517 usquedum
1009 2471 1050 2505 de
1075 2472 1146 2514 ejus
1161 2466 1304 2504 Persona
1318 2478 1407 2502 nova
1421 2479 1485 2503 non
1501 2469 1714 2513 perimat-ent
1724 2490 1734 2506 ‚
1747 2479 1812 2502 non
1828 2467 2019 2510 aperiendi,
2034 2469 2069 2503 &
2080 2470 2166 2508 milia
2185 2479 2248 2513 per

225 2514 371 2551 nobilem
383 2518 501 2554 Virum
525 2519 565 2552 ad
586 2517 780 2560 Hem-icum,
793 2518 922 2555 Ducem
940 2515 1220 2562 Montispenserii,
1238 2527 1400 2559 generum
1415 2515 1504 2551 suum
1519 2512 1652 2560 epistola
1666 2536 1679 2554 ,
1693 2515 1758 2560 qua
1777 2514 1924 2551 rationes
1942 2525 2094 2560 repetltae
2118 2517 2178 2552 suae
2193 2529 2246 2552 re-

227 2561 405 2603 solutionis
417 2568 451 2604 ci
464 2567 616 2613 exposuit
629 2591 642 2611 ,
658 2579 695 2604 ac
706 2566 886 2609 valedixit,
901 2579 1043 2615 quaeque
1063 2564 1126 2600 fuit
1138 2562 1262 2598 tenoris
1275 2562 1459 2610 sequentise

758 2680 1268 2752 cecsissme
1318 2680 1697 2735 DOMINE.

323 2826 422 2861 Anno
434 2827 540 2873 elapso
552 2827 705 2873 dignatus
718 2825 760 2868 est
773 2833 861 2862 Deus
875 2834 1011 2873 tangere
1022 2837 1078 2861 cor
1101 2835 1207 2862 meum
1227 2847 1239 2864 ,
1254 2825 1381 2870 aperire
1393 2823 1501 2859 oculos
1519 2834 1616 2864 meos,
1631 2826 1674 2861 ά·
1680 2822 1801 2864 statum
1807 2825 2023 2871 periculosum
2036 2846 2046 2862 ‚
2059 2823 2092 2856 in
2107 2831 2169 2867 quo
2178 2829 2238 2866 per

228 2871 303 2906 'eum
316 2895 327 2912 ,
341 2882 437 2918 quem
450 2873 605 2910 ducebam
620 2899 629 2914 ‚
644 2875 780 2910 vivendi
791 2876 918 2910 modum
931 2872 1090 2919 versabar
1103 2897 1114 2913 ‚
1126 2876 1170 2909 (φ
1186 2873 1345 2916 versoria
1358 2883 1393 2906 eo
1402 2871 1576 2918 persistens,
1588 2874 1647 2918 qui
1660 2873 1737 2913 sum
1754 2872 1930 2919 Religiosus
1941 2868 2110 2914 Professus,
2122 2871 2162 2921 j&
2179 2873 2240 2922 5⁴,-

226 2920 337 2954 cerdos
352 2943 364 2960 ‚
385 2919 477 2966 cujus
487 2921 770 2957 charaner'd'eleri
779 2933 839 2956 non
853 2919 954 2969 potest
965 2941 978 2956 .
994 2926 1035 2955 Et
1048 2923 1262 2968 quantumvis
1284 2925 1430 2954 Summus
1443 2919 1603 2960 Pontifex
1625 2931 1675 2955 me
1701 2918 1826 2954 Habitu
1846 2930 1920 2954 meae
1944 2915 2146 2972 'profefflonis
2159 2915 2238 2950 reli·

226 2966 298 3007 oio,
310 2968 343 3002 in
358 2967 548 3015 obsequium
563 2972 625 3005 Dei
641 2994 652 3011 ,
669 2974 713 3007 ὠ·
727 2968 870 3014 Ecclesiae,
879 2970 921 3004 ad
932 2968 1091 3004 soeculum
1104 2969 1213 3004 redire
1237 2967 1382 3005 voluerit
1393 2990 1404 3005 ‚
1429 2976 1542 3014 meque
1567 2966 1608 2999 ad
1629 2965 1763 3020 honores
1775 2988 1790 3020 ,ι
1807 2968 1850 3000 &
1868 2966 2044 3021 dignitates
2060 2962 2236 3000 saculares

225 3013 461 3052 habilitaverit
476 3041 487 3058 ‚
504 3018 712 3054 nihilominus
723 3043 734 3060 ‚
753 3019 826 3052 dum
845 3019 933 3053 intra
944 3027 994 3051 me
1007 3015 1171 3052 attentius
1179 3016 1317 3062 gradior
1327 3038 1338 3053 ,
1351 3017 1394 3051 e&
1410 3013 1565 3057 considero
1578 3035 1588 3051 ,
1604 3011 1787 3054 Sanitiffimi
1804 3016 1917 3046 Patris
1929 3019 2133 3064 intentionem
2153 3017 2234 3043 tem-

221 3070 304 3110 pore
317 3063 557 3110 dispensotionis
571 3068 604 3102 in
617 3068 651 3102 id
664 3089 676 3106 ‚
687 3067 772 3112 quod
784 3064 842 3112 ipsi
861 3067 900 3099 de
913 3062 1092 3105 necessitate
1104 3087 1115 3103 ‚
1131 3073 1203 3111 quae
1218 3062 1297 3099 vere
1313 3071 1389 3098 tunc
1396 3070 1457 3110 pro
1473 3062 1535 3095 Dei
1545 3061 1671 3096 honore,
1684 3059 1881 3115 &ss‘flefiae
1899 3057 1978 3095 bono
1991 3068 2134 3093 maxima
2148 3064 2232 3097 erat,

227 3110 320 3146 unice
341 3103 482 3157 cecidiffe
495 3138 505 3154 ‚
518 3115 635 3155 timui,
647 3126 686 3149 ne
694 3113 766 3161 jam
775 3111 947 3161 praeteritc‘i
962 3109 1139 3153 necessitate
1153 3135 1163 3150 ,
1173 3121 1245 3158 qua
1253 3110 1327 3153 sola
1339 3135 1349 3149 ‚
1361 3108 1552 3157 Apostolicae
1568 3105 1788 3153 dispenfimom
1795 3107 1909 3151 Juntta
1923 3131 1934 3147 ,
1961 3118 2011 3141 me
2023 3107 2060 3140 de
2081 3116 2148 3139 meo
2165 3111 2232 3160 ino-

225 3157 363 3199 nasierio
374 3161 521 3198 avellere
528 3164 640 3209 potuit
651 3186 663 3204 ‚
676 3169 762 3198 Deus
773 3186 784 3202 ‚
798 3167 858 3209 qui·
865 3159 948 3204 falli
961 3170 1020 3193 non
1030 3156 1132 3206 potest
1144 3182 1154 3198 ‚
1183 3163 1227 3197 (7-
1242 3159 1301 3205 qui
1311 3158 1480 3201 scrutator
1505 3157 1656 3210 cordium.
1665 3151 1705 3194 esi
1723 3178 1733 3194 ,
1746 3153 1904 3200 profunda
1923 3152 2099 3210 nostra-rum
2112 3160 2233 3207 cogita-

225 3206 350 3245 tionum
361 3216 515 3255 penetrat
526 3235 537 3252 ‚
552 3214 595 3248 ό*
609 3213 662 3246 cui
668 3211 796 3254 secreta
808 3209 986 3250 nostrarum
1009 3208 1221 3243 intentionum
1233 3217 1292 3241 non
1302 3204 1424 3251 possimt
1437 3202 1494 3248 esse
1509 3202 1692 3258 abscondita
1707 3226 1717 3242 ‚
1731 3201 1858 3258 ‘jovere
1869 3213 1928 3259 .m.⁶
1950 3208 2102 3258 puniret,
2117 3199 2147 3243 si
2159 3201 2231 3234 diu-

225 3255 293 3290 tius
308 3256 434 3298 inflatu
445 3282 456 3299 ,
469 3260 501 3294 in
517 3271 580 3307 quo
593 3258 635 3296 ab
653 3259 784 3306 aliquot
798 3259 888 3294 annis
901 3257 979 3292 vi‘xi
997 3280 1007 3296 ‚
1014 3264 1239 3303 permanerem
1251 3278 1260 3288 .
1277 3254 1452 3288 Permittit
1471 3250 1551 3285 mihi
1562 3250 1691 3296 quidem
1704 3249 1894 3296 dispensatio
1908 3263 1940 3287 m
1953 3249 2076 3285 Habitu
2089 3247 2228 3303 sacula-

224 3300 294 3339 lari
307 3307 427 3342 vivere
439 3308 473 3342 in
493 3310 614 3345 Mundo
627 3331 639 3348 ‚
653 3308 798 3345 lonvi’ore
809 3313 917 3342 tamen
937 3312 1081 3351 tempore
1093 3305 1199 3339 vitam
1217 3301 1399 3348 hujusmodi
1408 3297 1428 3334 d
1440 3310 1488 3333 me
1507 3298 1689 3332 continuari
1700 3297 1814 3333 debere
1829 3321 1840 3338 ,
1865 3300 1937 3335 inde
1949 3309 2008 3333 non
2018 3297 2225 3353 concludatur,

228 3361 287 3387 non
305 3355 388 3390 enim
402 3357 507 3391 omnia
520 3356 582 3391 illa
594 3381 605 3398 ,
628 3337 966 3405 quaeJermissizsunt,
981 3353 1111 3400 semper
1126 3351 1301 3398 expediunt
1313 3373 1324 3389 ,
1339 3347 1518 3395 prasertim
1525 3344 1556 3388 si
1569 3356 1628 3380 non
1642 3345 1794 3389 aedifi'cent
1808 3368 1819 3380 .
1831 3348 1866 3381 Id
1877 3370 1887 3387 ‚
1905 3347 1990 3394 quod
2005 3345 2084 3401 milii
2091 3344 2226 3390 permifi

223 3398 298 3440 fam
311 3399 352 3442 est
363 3425 374 3443 ‚
395 3414 456 3440 non
472 3406 605 3453 expedit
617 3429 628 3447 ‚
639 3410 683 3443 &-
696 3405 849 3453 quamvis
869 3411 987 3448 agens,
1001 3402 1086 3447 quod
1101 3399 1182 3434 mihi
1189 3398 1264 3441 fuit
1280 3394 1463 3444 permissum
1475 3418 1485 3433 2
1506 3391 1654 3450 absolute·
1673 3405 1733 3429 non
1743 3393 1913 3450 pericliter
1926 3418 1936 3434 ‚
1956 3394 2163 3449 periclitarer
2177 3399 2228 3424 ta-

229 3454 300 3481 men
317 3460 359 3485 ex
376 3463 411 3487 eo
425 3455 530 3499 ‚quod
549 3453 652 3489 alium
666 3466 716 3492 me
727 3453 788 3497 effe
796 3452 974 3499 profizlute
996 3449 1110 3485 anima
1123 3458 1199 3483 meae
1212 3470 1222 3486 ‚
1237 3450 1280 3483 &⁴
1295 3442 1498 3486 edificatione
1509 3450 1677 3499 proximu,
1693 3453 1806 3498 ‘magis
1823 3441 1870 3495 sit‘
1885 3440 2088 3497 neceffizrium
2099 3462 2109 3472 .
2132 3441 2227 3473 Bene-

229 3493 334 3529 ditius
341 3496 384 3541 [ἢ
396 3505 482 3535 Deus
493 3525 505 3541 ,
519 3506 623 3537 Pater
635 3501 930 3546 misericordiarum
940 3523 952 3540 ,
967 3498 1026 3544 qui·
1045 3521 1056 3537 ,
1069 3498 1145 3532 dum
1159 3506 1239 3530 anno
1257 3492 1362 3539 elapso
1385 3491 1509 3538 (prout
1523 3489 1699 3533 celsitudini
1721 3487 1838 3546 Vestra.
1851 3501 1926 3547 sam
1939 3489 2037 3544 retuli
2052 3490 2069 3531 )
2096 3487 2223 3541 lumen,

228 3544 429 3586 ⁶⁰gn⁰ftendi
451 3548 556 3585 debiti
567 3554 630 3586 mei
645 3551 746 3590 dedit,
753 3549 826 3596 jam
838 3551 940 3587 vires,
955 3550 998 3583 (9-
1012 3547 1154 3581 animum
1168 3544 1225 3578 dat
1236 3541 1320 3579 illud
1332 3539 1507 3586 exequendi
1518 3561 1529 3571 ·
1555 3539 1646 3573 Carni
1657 3541 1700 3575 Θ*
1718 3542 1870 3594 sanguini
1892 3548 2026 3592 nimium
2039 3534 2227 3591 meodetltffi’»

227 3587 360 3631 diffiteri
379 3603 437 3630 non
446 3595 566 3642 poffiim
579 3622 590 3638 ,
606 3600 682 3635 dum
706 3599 868 3634 cardinali
883 3595 980 3639 celsit·
1002 3593 1143 3636 Vesiram
1166 3590 1300 3639 desuper
1321 3589 1412 3636 loqui
1431 3587 1572 3633 rogavi,
1595 3590 1639 3623 &⁴
1666 3583 1719 3643 ab.
1731 3591 1776 3620 Eo
1798 3587 1832 3619 id
1843 3597 1902 3620 non
1922 3582 2098 3640 ratihabere
2111 3591 2223 3639 perce-

224 3637 265 3684 pi
280 3642 481 3685 :potentiore
494 3643 567 3689 jam
585 3649 701 3694 gratia
718 3647 872 3693 suffultus
892 3645 1046 3681 audacter
1068 3643 1174 3678 dicere
1199 3637 1319 3689 poffiim
1334 3662 1344 3679 ,
1362 3648 1412 3672 me
1432 3647 1472 3671 ex
1477 3636 1550 3680 sola
1563 3639 1624 3671 Dei
1645 3634 1806 3691 bonitate,
1833 3637 1875 3671 &-
1891 3631 2024 3691 speciali
2046 3639 2114 3675 eJus
2134 3629 2225 3685 mise·

231 3685 373 3724 ricordia
387 3712 398 3728 ,
410 3699 469 3724 non
480 3693 557 3727 vera
572 3707 614 3730 ex
632 3707 682 3732 me
694 3721 704 3738 ,
730 3697 789 3742 qu,-
799 3696 891 3732 aliud
903 3690 1004 3741 quau„
1021 3701 1155 3739 peccare
1167 3701 1227 3724 non
1235 3685 1353 3736 poffum
1368 3709 1377 3725 ,
1390 3686 1428 3719 de
1440 3684 1556 3728 insidiis
1569 3681 1712 3723 Diaboli,
1730 3687 1773 3720 &¹
1786 3683 1897 3718 Mundi
1918 3677 2119 3723 triumphare
2134 3689 2145 3717 3
2152 3679 2220 3735 scio

230 3735 316 3769 enim
327 3757 339 3775 2
351 3735 374 3771 a=
394 3747 444 3772 me
461 3750 529 3774 rem
543 3743 597 3787 agi
611 3743 754 3779 humana
766 3745 947 3791 prudentia>
964 3740 1088 3789 regulis
1096 3739 1222 3787 penitns
1237 3738 1375 3773 alienam
1390 3736 1433 3769 ὠ
1449 3733 1642 3768 contrariam
1655 3755 1666 3771 ,
1684 3743 1721 3765 ac
1733 3731 1868 3765 humano
1881 3727 1969 3761 modo
1981 3749 1991 3766 ,
2001 3725 2220 3768 &secundum

225 3783 485 3865 munsscursum
497 3790 652 3836 l⁰quend0
660 3792 773 3839 Plures
784 3793 927 3857 {ationis
949 3790 1031 3837 mihi
1043 3787 1142 3836 ⁰bl1'05
1147 3783 1421 3869 P0ffintssl’g‘7'0sb
1435 3788 1601 3830 Prae-“¹⁴
1612 3782 1653 3816 “d
1665 3791 1715 3816 ''¹‘’
1723 3777 1975 3826 P⁶7fi¹adendum
1993 3785 2052 3809 '¹⁰²¹
2065 3782 2220 3855 “rezsses'

346 3836 449 3870 omen
746 3835 752 3839 .
765 3837 770 3840 ⁴
787 3847 797 3863 ’,
1343 3864 1346 3866 -
1357 3841 1377 3866 2
