2638 4088
1021 176 1650 267 Cataloniae.

317 323 362 369 di
372 320 642 364 concefferint
654 348 668 371 ‚
683 324 724 366 δε
735 321 788 366 ad
804 321 991 367 effectum
1011 322 1206 367 fabricam
1225 326 1290 365 Do

317 379 405 425 mus
430 381 707 424 construeudae
743 381 972 439 hujusmodi
993 385 1242 440 incipiendi,
1271 384 1312 424 &

315 438 555 496 perficiendi
569 467 584 490 2
600 441 816 496 quamdam
830 442 1123 499 eleemosynam
1135 469 1149 492 ‚
1165 443 1232 486 seu
1247 442 1286 483 le

315 509 451 555 gatum
477 501 585 556 pium
611 504 729 544 annui
752 500 941 544 redditus
965 502 1230 544 ducentarum
1258 498 1305 542 li-

313 559 476 602 brarum
493 570 660 604 monetae
674 560 837 603 illarum
849 563 1040 616 partium,
1055 563 1094 602 δι
1108 566 1198 603 octo
1210 573 1306 616 qua·

312 618 512 661 teriorurn
543 617 734 661 frumenti
748 647 762 669 ,
777 619 829 661 de
855 633 959 663 anno
984 620 1149 663 Domini
1183 620 1302 673 1306.

310 690 386 734 per
401 679 620 721 nonnullos
645 678 939 722 Chrissifideles
951 679 1109 723 illarum
1126 678 1302 733 partium

313 735 543 781 relictarum
557 764 572 786 ς,
587 737 652 780 seu
669 736 944 792 affignatarum
959 767 974 791 ‚
1007 738 1058 781 ad
1084 738 1298 783 effectum...

312 794 501 843 redditus
524 797 811 851 eleemosynae,
831 798 899 841 seu
925 798 1047 854 legati
1077 796 1303 854 hujusmodi.

309 857 514 898 annuatim
545 856 589 898 in
611 867 788 910 quatuor
803 856 865 899 vel
881 858 1055 913 quinque
1072 857 1215 900 diebus
1229 869 1299 897 cu-

308 912 477 970 juslibet
501 914 862 968 anni,pauperibus
877 915 1056 969 ejusdem
1083 915 1202 959 Villae
1216 924 1302 956 tan-

309 971 395 1016 tum
410 1001 424 1024 ,
450 971 614 1014 cuilibet
630 973 795 1026 pauperi
811 987 936 1016 unum
947 987 1111 1030 panem,
1124 974 1188 1016 vix
1203 987 1301 1029 qua-

307 1038 400 1072 tuor
415 1029 591 1072 denariis
618 1040 788 1073 monetae
802 1032 1124 1087 aequivalentem,
1136 1047 1206 1091 per
1222 1046 1295 1087 pro

305 1097 490 1144 tempore
504 1091 662 1146 Jutatos
676 1089 788 1134 dic'tae
803 1091 921 1135 Villae
946 1106 1018 1147 per
1044 1092 1296 1134 Univerfita-
1379 1136 1382 1141 ¹

306 1155 417 1198 tem,
443 1148 483 1188 &
508 1149 688 1191 homines
717 1149 925 1204 praedictos
954 1150 1199 1205 deputatos,
1233 1147 1298 1191 seu

304 1206 455 1250 electos
483 1206 747 1251 distribuendi
767 1237 783 1259 ,
805 1210 845 1250 ἃ.
866 1209 1090 1265 erogandi,
1121 1210 1172 1255 ad
1204 1223 1298 1251 cer-

304 1274 389 1309 tum
407 1277 562 1322 ternpus
577 1266 599 1323 (
617 1267 809 1310 videlicet
836 1268 1054 1312 duodecim
1076 1271 1299 1328 annorum)

301 1324 496 1367 recedere
510 1353 524 1375 ,
536 1323 603 1367 seu
617 1326 819 1381 applicare
835 1328 1122 1379 decreverint,
1136 1327 1207 1371 sub
1219 1322 1298 1372 no&

302 1382 412 1435 stro,
437 1384 478 1424 &
504 1384 618 1426 Sedis
642 1386 885 1440 Apostolicae
908 1387 1170 1442 beneplacito
1190 1414 1204 1438 ‚
1223 1388 1297 1428 ita-

299 1441 411 1498 quod
425 1441 589 1484 interim
602 1443 654 1486 de
668 1444 819 1491 eisdem
834 1446 1060 1490 redditibus
1074 1477 1089 1498 ,
1104 1443 1170 1489 seu
1185 1446 1297 1489 elee-

299 1499 463 1554 mosyna
477 1515 602 1544 annua
618 1507 752 1558 portio
765 1505 1073 1561 quatuordecim
1083 1506 1295 1557 librarum,

302 1560 342 1600 ὃς
364 1562 454 1601 octo
489 1563 789 1615 quarteriorum
822 1562 1015 1606 frumenti
1053 1565 1297 1620 pauperibus,

303 1617 418 1660 dietae
454 1618 571 1660 Villae
587 1646 601 1669 ‚
630 1634 703 1663 nec
730 1634 809 1664 non
846 1622 1102 1678 praesentibus
1119 1653 1137 1678 ‚b
1162 1625 1203 1671 δι,
1219 1639 1295 1680 pro

298 1686 482 1733 tempore
495 1677 756 1722 existentibus
774 1681 820 1738 15¹¹
842 1684 975 1728 Domo
989 1683 1290 1727 construenda-2

300 1735 528 1790 hujusmodi
547 1738 787 1787 Fratribus,
812 1741 855 1785 ὃς
877 1742 1117 1787 Conventui
1145 1742 1291 1796 viginti

299 1804 380 1836 tres
397 1795 509 1838 librae
523 1823 536 1845 ,
551 1797 591 1836 δε
614 1795 758 1837 decem
774 1796 890 1838 solidi
913 1799 1090 1854 ejusdem
1107 1809 1292 1851 monetat,

295 1864 373 1908 pro
399 1850 471 1894 usu
501 1867 644 1895 eorum
672 1855 865 1897 sacristiae
884 1858 1120 1906 annuatim,
1151 1858 1191 1898 &
1220 1857 1294 1899 suis

298 1912 392 1953 loco
412 1912 453 1954 δι
480 1920 672 1967 tempore
705 1912 1018 1966 distribuantur,
1044 1913 1294 1971 finitoqug,

295 1971 404 2027 lapsu
431 1970 645 2014 duodecim
669 1985 883 2024 annorum,
906 1974 1096 2029 praedicta:
1110 1973 1294 2019 eleemo-

294 2029 492 2085 synae,1eu
504 2028 627 2083 legati
642 2029 866 2084 hujusmodi
884 2033 1138 2082 redditus,ut·
1154 2033 1280 2086 prius,

291 2087 406 2145 juxta
440 2087 745 2131 benefactorum
778 2089 1054 2131 intentionem
1079 2091 1287 2146 perpetuo

293 2143 550 2199 integraliter
588 2143 706 2187 Villae
745 2146 986 2200 pauperibus
1020 2144 1285 2192 distribuendi

292 2214 529 2247 remaneant
545 2231 556 2244 .
573 2202 756 2259 Ideoque
771 2205 900 2247 Nobis
916 2203 1127 2248 humiliter
1139 2203 1288 2258 suppli-

288 2261 373 2307 cari
388 2261 573 2305 fecerunt
592 2264 853 2317 Exponentes
871 2261 1047 2316 praedicti
1063 2288 1078 2310 ‚
1108 2272 1153 2302 ut
1166 2262 1282 2308 eisin

288 2318 488 2378 praemissis
503 2319 734 2374 opportune
750 2319 964 2373 providere
976 2346 990 2370 ,
1009 2318 1061 2360 de
1091 2318 1279 2372 benigni-

292 2389 375 2423 tate
389 2378 625 2432 Apostolica
640 2377 898 2432 dignaremur
911 2401 924 2414 ·

408 2439 495 2480 Nos
510 2435 636 2490 igitur
664 2435 825 2478 eosdem
853 2437 1115 2486 Exponentes
1143 2434 1288 2490 specia-

288 2496 336 2539 lis
355 2496 491 2552 gratiae
522 2493 663 2538 favore
681 2495 868 2551 prosequi
888 2495 1071 2537 volentes
1084 2525 1099 2545 ‚
1114 2510 1189 2537 nec
1205 2508 1287 2538 non

291 2554 572 2599 Guardianum
591 2584 607 2605 ,
631 2557 669 2598 &
687 2552 929 2602 Conventus
959 2553 1184 2610 hujusmodi
1212 2553 1288 2594 fin-

289 2613 450 2668 gulares
481 2614 668 2671 personas
691 2615 712 2655 ὲ
728 2612 931 2670 quibusvis
960 2613 1288 2655 excommunica-

286 2674 409 2715 tionis
423 2675 499 2715 &c.
514 2672 766 2716 absolventes
780 2702 796 2724 ‚
811 2674 852 2714 &
866 2671 1070 2715 absolutas
1088 2669 1175 2714 sore
1191 2684 1288 2712 cen.

284 2731 413 2774 sentes
435 2758 449 2781 ‚
478 2742 633 2774 certam
650 2741 783 2774 tamen
813 2731 865 2772 de
880 2730 1075 2786 praemiffis
1097 2730 1288 2772 notitiam,

287 2803 368 2832 nou
406 2790 601 2833 habentes
630 2817 646 2840 ‚
671 2787 901 2846 hujusmodi
926 2786 1287 2843 supplicationibus

289 2845 491 2898 inclinati,
507 2848 769 2890 fraternitati
788 2848 899 2894 Tuae,
918 2848 1057 2889 Frater
1074 2847 1290 2902 Episcope‚

285 2912 350 2954 seu
368 2903 611 2951 Discretioni
628 2907 737 2959 Tua»,
758 2905 833 2947 Fili
855 2902 1080 2953 officialis,
1095 2919 1167 2961 per
1190 2920 1285 2961 prae·

290 2965 419 3008 sentes
433 2964 727 3008 committimus
738 2993 751 3016 ,
766 2965 806 3006 δι
823 2963 1074 3015 mandamus,
1089 2975 1287 3020 quatenus

291 3021 445 3067 eisdem
474 3025 779 3077 Exponeutibus
818 3020 1117 3079 eleemosynam,
1150 3022 1284 3080 hujus-

288 3082 429 3135 modi,
446 3081 496 3125 ad
513 3080 697 3126 effectum
714 3081 948 3139 praemiffum
965 3110 978 3133 ,
990 3082 1041 3130 ad
1067 3082 1286 3129 duodecim

288 3155 417 3185 annos
431 3141 614 3197 proxime
628 3140 886 3192 decursuros,
899 3139 1138 3188 dilectorum
1157 3142 1281 3190 Filio-

289 3214 379 3244 rum
398 3199 686 3244 modernorum
709 3199 999 3258 eleemosynae,
1026 3202 1096 3248 seuv
1121 3200 1279 3256 legato·

286 3273 376 3303 rum
410 3258 638 3315 hujusmodi
667 3263 936 3304 Patronorum
962 3288 976 3311 ,
1011 3259 1282 3308 velAdmini-

288 3317 501 3360 stratorum
528 3319 576 3360 ad
604 3320 681 3364 hoc
705 3317 929 3361 accedente
955 3316 1175 3369 consensu,
1207 3333 1278 3365 au·

291 3376 479 3418 ctoritate
505 3378 635 3421 nostra
663 3378 892 3428 concedas,
918 3380 957 3419 &
973 3378 1153 3433 applices
1177 3406 1191 3428 ‚
1222 3379 1280 3423 ita

289 3434 397 3490 quod
413 3432 585 3490 desuper
601 3435 722 3479 dictis
736 3437 955 3485 duodecim
969 3437 1080 3479 annis
1096 3436 1277 3483 duranti-

291 3496 360 3536 bus
379 3492 399 3533 ἐι
415 3496 577 3536 nemine
596 3493 796 3537 molestari
813 3524 827 3546 ‚
856 3497 894 3540 &
908 3494 1174 3552 perturbari,
1207 3504 1275 3536 aut

280 3551 502 3608 ,inquietari
525 3550 683 3606 poffint‚
694 3554 733 3594 δι
746 3553 907 3598 eosdem
919 3558 1195 3609 Exponente5‚
1210 3552 1275 3594 di..

290 3613 360 3654 ctis
385 3608 604 3653 duodecim
630 3612 743 3653 annis
756 3612 1011 3662 durantibus,
1037 3613 1074 3654 in
1099 3611 1273 3655 locum-0

288 3682 637 3727 quorumcumque
650 3682 870 3725 pauperum
884 3670 933 3712 ad
949 3669 1151 3726 praefatam
1166 3669 1274 3711 elee-

293 3728 496 3783 mosynam
511 3737 747 3768 vocatorum
763 3727 950 3781 subroges
967 3757 979 3771 .
995 3732 1087 3771 Non
1112 3727 1270 3771 obstan-

2120 216 2285 300 317

1374 325 1620 380 Apostolicis
1635 354 1649 377 ‚
1677 338 1753 368 nec
1777 337 1856 368 non
1879 323 2066 377 illorum,
2090 335 2155 383 qui
2170 334 2348 376 eleemo-

1374 385 1506 440 synam
1522 411 1534 432 ,
1551 383 1616 426 seu
1633 385 1810 439 legatum
1825 384 2047 441 hujusmodi
2074 384 2344 438 instituerunt,

1370 442 1604 497 voluntate,
1617 459 1735 500 quam
1750 445 1889 486 in-&
1909 442 2044 500 quoad
2060 443 2137 486 hoc
2155 447 2346 490 sufficien-

1367 511 1432 544 ter
1451 502 1634 545 volumus
1652 505 1895 546 comm-utari
1908 532 1921 554 ‚
1937 504 1976 544 δι
1989 503 2207 558 derogari,
2227 516 2346 547 caete·

1368 561 1497 618 risque
1512 564 1725 604 contrariis
1739 562 2078 619 quibuscumun

1481 624 1634 664 Datum
1663 623 1802 666 Romae
1816 621 1922 678 apud
1941 624 2124 665 Sanctam
2139 622 2348 664 Mariam-a

1363 680 1562 736 Majorem
1591 679 1658 721 sub
1685 681 1833 722 annuio
1848 681 2063 725 Piscatoris
2094 679 2161 723 die
2182 695 2214 729 ‚x
2233 694 2247 722 t
2272 693 2287 721 t
2313 692 2348 720 1.

1360 740 1572 781 Februarii
1601 753 1800 782 mncxxxt
1813 755 1850 782 v.
1879 738 2141 783 Pontificatfis
2159 737 2283 784 nostri
2298 750 2347 781 au

1363 806 1416 840 no
1430 797 1647 841 undecimo
1659 823 1674 838 .

1422 915 1602 969 Exempl.
1618 914 1661 956 in
1687 916 1859 957 Archivo
1873 914 2054 970 generali
2082 916 2241 960 ordinis
2267 917 2349 965 Ar·a

1476 978 1603 1017 mario
1617 975 1832 1018 Provincia
1856 975 2081 1018 Cataloniae
2095 1004 2108 1017 .

1650 1123 2040 1190 NOTA

1356 1300 1645 1388 COnventus
1672 1326 1683 1342 ,
1710 1301 1755 1347 ad
1780 1301 1879 1349 cujus
1919 1300 2073 1335 favorem
2097 1300 2265 1347 suprafata
2284 1300 2350 1335 Less

1464 1350 1537 1396 gari
1564 1349 1614 1398 pii,
1632 1350 1842 1398 permutatio
1872 1349 1958 1384 faeta
1986 1345 2051 1383 fuit
2069 1372 2081 1388 ,
2106 1358 2174 1384 non
2201 1348 2350 1395 amplius

1356 1400 1472 1437 existit
1483 1425 1493 1435 .

1356 1629 1490 1678 Pium
1512 1630 1738 1697 Legatum
1758 1644 1845 1696 pro
1866 1622 2170 1676 construendo
2202 1625 2247 1671 in
2263 1636 2350 1671 ter·

1426 1717 1478 1748 ra
1497 1697 1553 1753 de
1575 1703 1697 1748 Reus
1724 1715 1847 1752 novo
1871 1700 2122 1753 Conventu
2153 1693 2261 1741 alias
2282 1709 2350 1741 re·

1425 1768 1588 1818 lictum
1607 1803 1623 1825 ,
1654 1768 1712 1816 ad
1744 1769 2081 1834 reparationem
2111 1765 2346 1814 aliarum.»

1426 1838 1680 1887 Provineiae
1708 1837 2006 1889 aedificiorum
2048 1834 2252 1904 impendi
2283 1837 2349 1884 in-

1427 1906 1619 1976 dulget.

1351 2040 1403 2092 U
1430 2042 1475 2087 R
1503 2042 1541 2092 B
1568 2041 1617 2092 A
1645 2040 1694 2085 N
1722 2039 1831 2092 U‘S
1896 2038 2096 2088 PAPA
2159 2037 2343 2085 VIII.

1521 2152 1589 2194 Ad
1602 2150 1801 2208 futuram
1826 2156 1886 2199 τοι·
1915 2153 2164 2195 memoriam.

1490 2269 1605 2321 Uper
1635 2283 1715 2322 pro
1739 2277 1854 2323 parte
1870 2269 2007 2316 dilec'ti
2031 2268 2155 2325 Filii,
2173 2265 2344 2314 Ministri

1523 2326 1790 2371 Provincialis
1822 2330 2011 2369 Fratrum
2054 2329 2218 2372 Ordinis
2266 2328 2344 2369 Mi-

1350 2393 1494 2425 norum
1524 2380 1878 2427 SanctiFrancisci
1906 2385 2214 2434 Capucinorum
2239 2398 2343 2427 nun-

1350 2445 1607 2497 cupatorum,
1620 2437 1842 2483 Provincia:
1860 2438 2104 2491 Cataloniae‚
2119 2442 2344 2496 expositum

1350 2495 1428 2545 fuit
1440 2522 1455 2545 2
1470 2498 1577 2552 quod
1594 2498 1645 2541 ab
1661 2510 1765 2542 anno.
1780 2497 1883 2541 citra
1901 2524 1915 2548 ,
1929 2496 1994 2538 vel
2019 2495 2188 2544 circiter
2207 2512 2342 2555 quon-

1347 2554 1440 2597 dam
1455 2557 1761 2611 cognominatus
1774 2557 1916 2601 Ferrea
1927 2568 1979 2596 ex
1996 2555 2127 2600 Terra
2141 2557 2194 2603 de-
2211 2561 2340 2609 Reus,

1351 2613 1659 2661 Tarraconenfis
1686 2612 1897 2664 Dioecefis,
1913 2613 2091 2668 legatum
2117 2616 2228 2658 mille
2253 2643 2269 2665 ‚
2298 2618 2339 2659 &

1349 2675 1667 2733 quingentorum
1690 2672 1931 2715 ducatorum
1945 2699 1959 2721 ‚
1977 2685 2053 2726 pro
2069 2670 2336 2719 fabricanda...

1350 2734 1389 2774 in
1406 2732 1506 2773 dicta
1526 2733 1652 2773 Terra
1668 2745 1769 2774 nova
1795 2735 1929 2773 Domo
1950 2730 2146 2786 Regulam·
2170 2731 2337 2774 Ordinis

1350 2789 1575 2847 hujusmodi
1593 2790 1783 2845 reliquit,
1813 2804 1857 2831 ac
1871 2789 2044 2846 ejusdem
2065 2789 2230 2835 Ordinis
2257 2792 2336 2832 Su-

1349 2848 1601 2905 perioribus,
1632 2850 1670 2892 in
1688 2859 1907 2899 eventum,
1940 2847 1981 2891 in
2010 2861 2127 2905 quem
2150 2848 2239 2902 ipsis
2252 2848 2335 2892 Do-

1349 2922 1455 2954 mum
1471 2906 1695 2964 hujusmodi
1721 2908 1761 2950 in
1783 2910 1909 2951 Terra
1927 2909 2106 2963 praedicta
2132 2904 2331 2951 fabricare

1346 2981 1427 3011 non
1461 2966 1608 3010 liberet
1636 2996 1650 3017 ‚
1688 2965 1922 3010 facultatem
1949 2964 2179 3021 applicandi
2201 2965 2329 3008 dictos

1348 3026 1459 3068 mille
1492 3024 1789 3081 &quingentos
1821 3024 1987 3065 ducatos
2014 3022 2175 3066 fabricae
2200 3024 2330 3067 alicu-

1344 3089 1406 3140 jus
1434 3084 1603 3127 alterius
1635 3098 1744 3129 novae
1771 3079 1923 3124 Domus
1948 3082 2162 3136 Regularis
2176 3083 2246 3133 ‚in
2262 3083 2327 3125 di-

1343 3145 1405 3186 cia
1438 3144 1649 3190 Provincia
1677 3139 1915 3182 fabricandae
1957 3140 2146 3184 conceffit
2173 3171 2185 3186 .
2216 3145 2325 3184 Cum

1340 3212 1476 3246 autem
1490 3232 1505 3251 ,
1521 3203 1621 3242 sicut
1644 3199 1786 3241 eadem
1806 3199 2293 3255 expofitiovsubjuugebat
2307 3229 2323 3253 ,

1339 3261 1455 3302 mille
1481 3261 1518 3301 &
1546 3258 1752 3313 quingenti
1772 3256 1908 3301 ducati
1936 3257 2162 3315 hujusmodi
2177 3273 2250 3312 pro
2266 3257 2325 3303 fa·-

1339 3317 1528 3364 bricanda
1542 3329 1644 3358 nova
1659 3317 1791 3359 Domo
1808 3317 2001 3372 Regulari
2021 3331 2097 3360 non
2113 3317 2323 3370 sufficiant,

1337 3374 1752 3432 difflaqueProvincia
1775 3372 1925 3418 fabrica
1952 3390 2148 3419 novarum
2165 3380 2323 3419 Domo-

1337 3451 1427 3481 rum
1442 3433 1664 3491 hujusmodi
1679 3434 1728 3475 ad
1751 3432 1916 3487 praesens
1932 3449 2010 3478 non
2023 3436 2221 3490 indigem
2236 3438 2321 3476 No-

1321 3496 1396 3540 ‚bis
1435 3501 1649 3549 propterea
1678 3492 1806 3534 dictus
1833 3493 2018 3541 Minister
2051 3493 2320 3540 Provincialis

1337 3553 1546 3600 humiliter
1568 3548 1775 3605 supplicari
1805 3548 1930 3602 fecit,
1956 3563 2001 3597 ut
2022 3551 2060 3597 in
2088 3550 2316 3607 praemiffis,

1335 3621 1380 3656 ut
1404 3610 1510 3653 infra
1537 3607 1755 3664 providere
1778 3609 1830 3654 de
1846 3611 2098 3667 benignitate
2116 3610 2314 3664 Apostoli-

1334 3684 1380 3713 ca
1395 3670 1674 3723 dignaremur.

1445 3730 1529 3770 Nos
1544 3727 1666 3783 igitur
1679 3724 1827 3768 dictum
1844 3725 2064 3768 Ministrum
2082 3727 2315 3773 Provincia.

297 3789 404 3831 tibus
431 3785 793 3855 constitutionibus
821 3816 836 3839 ‚
869 3787 908 3827 &
935 3785 1270 3829 Ordinationibus
1331 3787 1411 3830 lem
1435 3785 1671 3841 specialibus
1700 3783 1936 3837 favoribus,
1956 3787 1995 3827 &
2024 3787 2161 3840 gratiis
2181 3789 2315 3843 profi:-

2195 3848 2261 3900 qui
