2704 4120
449 233 552 319 18

377 381 524 429 solatio
542 378 734 431 destituas
752 382 953 437 pauperes
969 375 1141 427 Christi,
1160 373 1381 431 Evangeli-

378 458 426 487 ca
440 441 991 487 humilitatecommendatos
1008 466 1019 480 .
1046 435 1172 495 Qod
1188 463 1204 487 2
1219 444 1262 477 ut
1278 448 1382 491 prae—

378 505 482 549 stare
514 500 635 560 poffis
662 500 843 546 uberiori
865 513 958 542 cum
974 497 1135 543 fructu,
1164 493 1383 539 facultates

379 563 474 608 'ribi
499 573 752 619 opportunas
766 559 1001 613 elargimur,
1019 556 1243 599 exercendi
1258 557 1382 597 etiam

378 637 452 681 per
482 622 587 666 alios
612 649 626 674 ,
658 619 803 679 quibus
838 614 1150 659 demandaveris
1176 642 1191 667 ,
1239 627 1384 659 munus

378 680 547 737 syndici
572 682 614 724 in
636 680 788 725 cunetis
805 675 940 729 Regni
964 673 1174 720 Gallicani
1207 674 1386 720 Provin—

379 742 453 788 ciis
469 769 481 784 .
518 740 612 784 Tibi
636 740 821 783 interea,
858 733 1018 781 uncae
1037 734 1112 779 Fili
1134 763 1148 786 ,
1181 735 1381 777 bonorum

379 801 560 846 omnium
581 798 739 853 copiam
763 802 981 851 precantes
996 793 1279 852 Apostolicam
1308 792 1379 836 be-

380 859 652 905 nedietionem
679 863 937 912 peramanter
968 853 1249 909 impertimur.

498 919 653 960 Datum
679 916 824 958 Romae
845 914 926 960 &m
957 915 1038 959 Die
1053 926 1175 958 xxiv.
1192 915 1380 970 Septem·

382 976 471 1021 bris
490 985 765 1021 Moccxxvu.

675 1081 854 1128 Carolus
871 1081 1069 1140 Archiep.
1086 1076 1332 1126 Emiffenus.

449 1161 626 1251 Exempl.
641 1194 685 1236 ln
702 1192 827 1237 Arch.
845 1193 943 1234 Gen.
963 1189 1149 1235 ordinis.

384 1340 618 1356 ——
857 1334 1389 1352 *ud-m*

395 1440 634 1494 Fratribus
657 1442 703 1490 in
733 1443 900 1508 Regno
919 1438 1183 1490 Galliarum
1203 1435 1392 1488 existen·

463 1514 585 1565 tibus
613 1549 628 1571 ,
659 1511 708 1564 <St
738 1511 765 1560 ὲ
790 1508 1005 1560 locorum
1034 1507 1300 1563 Ordinariis
1334 1507 1394 1560 ad

458 1583 747 1652 excipiendas
766 1583 1049 1632 Monialium
1067 1581 1392 1649 aegrotantium

459 1653 761 1706 eonfeffiones
791 1650 1046 1721 requisitis,
1079 1654 1239 1702 harum
1271 1653 1393 1702 clau·

459 1726 551 1776 stra
585 1724 874 1796 ingrediendi
914 1722 1183 1777 facultatem
1229 1724 1392 1794 imper-

459 1811 575 1848 titur
592 1833 608 1848 .

449 1914 862 1970 CLEMENS
917 1913 1137 1964 PAPA
1189 1910 1345 1960 XII.

582 2030 848 2086 Adfaturam
873 2033 935 2071 rei
952 2028 1180 2069 memoriam
1197 2053 1213 2066 .

401 2181 403 2184 ψ
515 2151 555 2193 U
572 2150 641 2198 M,
658 2145 756 2189 ficut
772 2142 944 2187 dileetus
979 2144 1106 2188 Filius
1137 2141 1402 2186 Cherubinus

532 2207 584 2252 de
613 2209 771 2254 Noves,
787 2205 931 2248 Frater
957 2202 1144 2262 expresse
1172 2198 1405 2252 Professus,

395 2274 540 2313 Custos
560 2299 574 2320 ,
595 2267 633 2309 &
660 2264 805 2310 socius
829 2266 1045 2309 Generalis
1075 2263 1245 2307 Ordinis
1270 2261 1406 2305 Mino·-

403 2343 494 2372 rum
510 2332 552 2372 S.
569 2325 771 2371 Francisci
801 2326 1108 2382 Capucinorum
1140 2331 1399 2379 nuncupato-

398 2402 516 2438 rum,
543 2398 625 2430 tam
646 2383 743 2437 suo,
760 2385 878 2440 quam
892 2384 1143 2428 dilefiorum
1170 2382 1402 2428 Filiorum..

398 2453 618 2500 Fratrum,
634 2447 671 2489 8(
696 2444 920 2501 praesertim
937 2445 1212 2489 Ministrorum
1233 2442 1403 2485 Provin-

400 2508 564 2554 cialium
603 2508 642 2549 in
672 2507 825 2562 Regno
854 2504 1081 2549 Galliarum
1113 2503 1409 2548 existentium-2

401 2568 582 2627 ejusdem
605 2564 779 2610 Ordinis
797 2565 960 2608 nomine
979 2596 995 2618 ‚
1028 2566 1160 2610 Nobis
1175 2576 1307 2617 nuper
1338 2573 1410 2602 ex-

402 2628 501 2686 poni
526 2626 625 2671 fecit
641 2656 654 2679 ‚
675 2627 842 2668 Fratres
859 2625 1032 2681 praediffi
1068 2625 1119 2667 ad
1151 2619 1412 2677 excipiendas

405 2685 735 2733 sacramentales
769 2684 1051 2729 Confeffiones
1101 2683 1414 2729 Monetium-0,

410 2747 660 2804 aliarumque
705 2746 969 2800 personarum
1013 2742 1295 2798 aegrotantium
1339 2740 1412 2782 in-‚

408 2806 595 2850 claustris
627 2804 862 2860 degentium
890 2830 905 2853 ,
933 2802 1148 2847 multoties
1172 2802 1222 2844 ab
1235 2800 1416 2844 Ordina-

409 2866 477 2911 riis
507 2865 692 2909 locorum
707 2863 942 2908 invitentur
960 2862 1084 2921 ,quin
1110 2863 1168 2906 eis
1193 2863 1267 2904 liac
1301 2861 1339 2902 in
1367 2870 1414 2901 re

413 2939 575 2969 morem
595 2934 742 2980 gerere
765 2924 929 2966 valeant
944 2952 959 2975 ‚
983 2924 1035 2966 eo
1064 2920 1173 2978 quod
1188 2935 1259 2977 per
1275 2922 1416 2975 Regu·

412 2986 493 3029 lam
513 2984 628 3040 ipfius
646 2983 890 3026 S-Francisci
908 2993 1064 3038 cap-xi.
1097 2982 1305 3025 Fratribus
1324 2977 1413 3022 uni-

411 3045 534 3087 versis
549 3042 643 3085 dieii
659 3041 829 3085 Ordinis
852 3043 1101 3098 praecipitur,
1117 3053 1167 3083 ne
1183 3039 1414 3096 ingredian-

412 3111 482 3146 tur
499 3102 741 3145 Monasteria
756 3102 998 3144 Monialium
1014 3131 1028 3154 ,
1045 3110 1191 3157 praeter
1207 3096 1414 3153 illos,qui-

413 3163 488 3206 bus
510 3161 530 3202 ὲ
549 3160 651 3202 Sede
673 3160 907 3215 Apostolica
924 3161 1105 3215 specialis
1122 3158 1171 3203 ad
1194 3157 1232 3201 id
1247 3154 1415 3200 conces·

415 3220 455 3264 sa
474 3219 527 3262 est
542 3217 709 3261 facultas
729 3232 744 3273 3
770 3219 901 3262 Nobis
924 3230 1145 3276 propterea
1168 3217 1275 3261 idem
1304 3217 1417 3259 Che·

418 3279 610 3326 rubinus,
627 3293 708 3333 quo
723 3279 840 3335 supra
856 3279 1019 3322 nomine
1047 3278 1254 3322 humiliter
1267 3275 1417 3333 suppli-

418 3338 505 3383 cari
523 3334 620 3380 fecit
635 3366 652 3387 ,
670 3349 865 3393 quatenus
895 3341 934 3381 in
952 3339 1149 3395 praemiffis
1178 3335 1415 3394 opportune

417 3396 658 3457 providere,
671 3399 774 3446 &,ut
791 3397 913 3449 infra,
927 3399 1141 3455 indulgere
1165 3400 1218 3442 de
1228 3396 1416 3453 benigni-

420 3470 508 3501 tate
529 3455 761 3512 Apostolica
774 3455 1048 3512 dignaremus.
1066 3461 1149 3500 Nos
1165 3460 1288 3514 igitur
1301 3457 1415 3498 Che-

421 3518 612 3561 rubinum
625 3544 640 3567 ,
661 3514 842 3571 aliosque
860 3521 1023 3562 Fratres
1040 3519 1245 3574 praediCios
1267 3515 1417 3571 specia-

429 3577 534 3619 libus
563 3574 771 3618 favoribus
795 3602 810 3624 ,
832 3578 871 3618 &
898 3578 1038 3631 gratiis
1064 3579 1244 3635 prosequi
1271 3576 1416 3619 volen-

422 3645 483 3677 tes
501 3651 575 3686 ,ac
595 3649 737 3678 eorum
755 3634 971 3690 singulares
997 3636 1186 3693 personas
1211 3632 1415 3694 aquibus-

424 3694 484 3735 vis
515 3693 974 3745 excommunicationis,
1000 3697 1255 3751 suspensionis
1270 3722 1284 3743 a
1307 3697 1346 3740 &
1362 3695 1421 3738 in-

427 3752 587 3794 terdiffl
605 3780 619 3800 a
651 3755 816 3813 aliisque
850 3757 1137 3801 Ecclefiasticis
1163 3755 1419 3809 Sententiis,

423 3808 598 3875 censu-¹5⁸
613 3814 678 3860 2&
704 3817 832 3869 poenis
855 3815 877 3858 ὲ
906 3815 1021 3870 jure,
1051 3817 1115 3860 vel
1130 3819 1179 3860 ab
1197 3817 1415 3861 homine-³

422 3881 564 3925 quav¹s
588 3871 792 3918 occasione
806 3903 824 3927 a
842 3876 910 3921 vel
932 3878 1051 3923 causa
1078 3877 1197 3932 latis,
1218 3879 1245 3920 si
1270 3876 1413 3935 quibus

1084 225 1748 313 Mon'ument-cz

1445 371 1758 429 quomodolibet
1790 368 1993 413 innodatae
2020 369 2234 425 existunt,
2267 372 2319 417 ad
2354 371 2451 423 effe-⁴,

1443 437 1551 477 &um
1568 433 1823 492 praesentium
1837 430 1997 476 tantum
2018 429 2136 472 conse
2169 433 2364 484 nendum,
2380 433 2452 475 ha-

1445 507 1534 538 rum
1568 494 1669 538 serie
1692 490 1986 539 absolventes,
2016 490 2056 532 &
2089 491 2140 532 ab
2157 492 2293 536 olutas
2322 489 2451 536 fore)

1444 553 1655 598 censentes
1681 579 1696 603 ,
1723 550 1959 607 hujusmodi
1992 549 2355 606 supplicationibus
2392 551 2458 594 in-

1451 612 1595 655 clinati
1617 642 1632 664 ,
1651 610 1864 655 Fratribus
1889 610 1986 654 dieti
2014 609 2189 654 Ordinis
2211 611 2460 655 Minoruma

1447 675 1488 716 S.
1506 670 1713 715 Francisci
1733 671 2043 727 Capucinorum
2058 670 2095 710 in
2120 669 2271 726 Regno
2295 668 2456 714 Gallia-

1444 744 1538 774 rum
1555 730 1916 774 commorantibus
1930 757 1945 781 ,
1973 729 2023 772 ad
2044 729 2268 773 audiendas
2290 724 2456 773 confes-

1443 790 1570 835 siones
1597 789 1782 848 praefatas
1807 788 1992 842 idoneis,
2019 804 2066 832 ac
2096 786 2282 845 legitime
2307 795 2459 845 approd

1443 849 1563 902 batis,
1578 860 1620 893 ut
1637 849 1736 906 ipfi3
1752 848 2128 908 quotiescumque&
2161 849 2346 893 locorum
2373 849 2457 889 Or-

1441 909 1610 953 dinariis
1656 923 1731 964 pro
1784 907 2036 966 excipiendis
2088 905 2462 951 Sacramentalibus

1455 971 1552 1013 Con
1562 967 1789 1015 sessionibus
1804 968 2046 1014 Monialium
2061 997 2076 1021 ‚
2104 969 2356 1023 aliarumque
2371 977 2466 1023 per-

1455 1026 1648 1072 sonarum
1666 1028 1975 1084 aegrotantium,
1994 1029 2102 1072 intra
2116 1027 2290 1071 claustra
2305 1027 2461 1082 degen-

1455 1087 1562 1132 tium
1587 1087 1749 1131 tantum
1764 1088 1978 1146 ,requisiti
2004 1086 2182 1138 fuerint,
2196 1088 2251 1131 de
2267 1086 2464 1143 Superio-

1454 1161 1550 1193 rum
1586 1145 1746 1191 suorum
1774 1147 1940 1193 licentia
1977 1147 2147 1190 claustra
2168 1145 2368 1204 ejusmodi
2400 1145 2466 1187 in-

1454 1205 1569 1264 gredi
1590 1236 1603 1259 ,
1619 1205 1866 1264 illarumque
1894 1204 2157 1252 confeffiones
2171 1205 2316 1248 audire
2330 1229 2345 1254 ,
2360 1202 2469 1246 illas·

1452 1280 1533 1323 que
1560 1267 1610 1309 ab
1629 1281 1766 1311 earum
1786 1267 1983 1323 peccatis,
1999 1265 2246 1321 poenitentia
2271 1262 2433 1307 salutari
2447 1288 2463 1314 ,

1451 1329 1493 1372 δι
1513 1325 1709 1385 aliis,quae
1725 1325 1974 1383 injungenda
1989 1323 2220 1376 fuerint,eis
2247 1319 2469 1379 respeeiivb

1455 1385 1649 1444 injunftis
1665 1413 1680 1438 ,
1693 1384 1908 1430 absolvere
1928 1383 2060 1430 libere
2073 1410 2088 1434 ⁵
2114 1385 2155 1428 δι
2178 1383 2292 1430 licite
2308 1380 2470 1438 poffint,

1453 1447 1673 1492 &valeant
1690 1474 1705 1499 ,
1739 1445 1986 1490 auctoritate
2014 1443 2254 1500 Apostolica
2281 1472 2295 1494 ,
2324 1451 2472 1486 tenore

1455 1506 1711 1565 praesentium
1745 1504 2018 1550 concedimus
2049 1531 2065 1555 ,
2108 1504 2146 1546 &
2173 1501 2468 1557 indulgemus.

1455 1570 1738 1612 Decernentes
1767 1563 1926 1607 easdem
1949 1561 2162 1619 praesentes
2182 1562 2340 1607 litteras
2356 1557 2468 1602 sem-

1454 1641 1528 1684 per
1554 1624 1689 1669 firmas
1705 1653 1718 1678 ,
1741 1623 1918 1673 validas,
1932 1623 1970 1666 &
1985 1621 2171 1667 efficaces
2191 1619 2365 1665 existere
2380 1648 2397 1671 ‚
2428 1617 2470 1663 ὃς

1455 1684 1546 1730 fore
1562 1714 1578 1738 ,
1605 1683 1773 1740 suosque
1788 1683 1998 1741 plenarios
2012 1709 2028 1733 2
2047 1683 2088 1726 &
2111 1682 2291 1738 integros
2306 1677 2470 1725 effeetus

1459 1745 1628 1795 sortiri,
1648 1746 1689 1789 &
1702 1744 1896 1789 obtinere
1914 1772 1928 1796 ,
1941 1757 1987 1785 ac
2004 1742 2104 1793 illis,
2119 1741 2170 1784 ad
2188 1754 2288 1797 quos
2305 1739 2470 1795 ῐρεᾶαῑ,

1461 1808 1503 1849 δι
1518 1819 1592 1860 pro
1621 1815 1808 1860 tempore
1828 1800 2268 1860 spee'tabitfflleniffime
2286 1797 2478 1853 suffraga-

1460 1867 1494 1907 ri
1509 1875 1524 1904 ι
1553 1863 1706 1915 sicque
1729 1863 1770 1902 in
1794 1861 1997 1917 praemiffis
2013 1874 2086 1914 per
2107 1858 2379 1914 questumque
2399 1856 2476 1911 Ju-

1461 1919 1574 1962 diccs
1591 1917 1858 1968 Ordinar-ios,
1884 1920 1922 1961 8(
1941 1917 2167 1972 Delegatos
2181 1944 2196 1968 ‚
2223 1916 2347 1958 etiam
2375 1926 2476 1957 cau-

1463 1977 1596 2020 sarum
1629 1976 1778 2018 Palatii
1803 1976 2036 2030 Apostolici
2067 1976 2288 2017 Auditores
2313 1972 2474 2029 judica-

1462 2034 1496 2075 ri
1513 2033 1584 2081 ,δι
1608 2031 1774 2073 definiri
1800 2033 1984 2082 debere,
1999 2046 2046 2074 ac
2061 2031 2224 2074 irritum
2239 2059 2253 2082 ‚
2269 2033 2310 2072 &
2337 2033 2475 2084 inane,

1463 2092 1491 2134 ss
1516 2089 1626 2132 secus
1645 2088 1764 2145 super
1781 2089 1889 2141 his-,i
1911 2103 2114 2147 quoquam
2141 2091 2281 2143 quavis
2296 2090 2476 2133 auctori-

1467 2161 1553 2194 tate
1582 2146 1790 2202 scienter,
1806 2149 1870 2193 vel
1896 2150 2135 2206 ignoranter
2164 2150 2392 2207 contigerit
2417 2158 2478 2192 at-

1469 2207 1620 2253 tentari
1631 2221 1646 2262 3
1663 2223 1741 2251 non
1758 2209 2009 2252 obstantibus
2036 2209 2244 2264 praemiffis
2266 2236 2281 2259 ,
2296 2224 2342 2252 ac
2358 2213 2477 2252 Con-

1467 2270 1748 2313 stitutionibus
1767 2298 1782 2321 ,
1803 2271 1844 2311 δι
1857 2268 2196 2311 Ordinationibus
2211 2269 2476 2326 Apostolicis,

1466 2346 1513 2375 ac
1532 2330 1629 2373 dieti
1655 2327 1826 2371 Ordinis
1842 2358 1855 2379 ,
1881 2326 2048 2385 aliisque
2069 2329 2291 2384 quibusvis,
2312 2329 2478 2373 etiam-0

1469 2390 1735 2450 juramento,
1767 2385 2082 2431 confirmatione
2108 2387 2374 2444 Apostolica,
2406 2386 2477 2433 vel

1471 2450 1611 2508 quavis
1628 2450 1829 2493 firmitate
1843 2449 1922 2491 alia
1937 2449 2145 2491 roboratis
2162 2476 2178 2501 ,
2201 2447 2377 2490 statutis
2393 2476 2406 2498 ‚
2440 2447 2482 2490 δε

1473 2508 1836 2553 consuetudinibus
1852 2520 1868 2565 3
1891 2507 2121 2565 Privilegiis
2136 2520 2326 2566 quoque,
2341 2505 2482 2550 indul-

1473 2569 1543 2619 tis,
1559 2569 1599 2612 &
1622 2569 1773 2614 litteris
1789 2567 2027 2628 Apostolicis
2051 2568 2090 2610 in
2108 2567 2361 2613 contrarium
2377 2578 2483 2621 prae-

1473 2626 1677 2672 mifforum
1706 2627 2019 2684 quomodolibet
2051 2625 2250 2672 conceffis
2281 2655 2298 2679 ,
2328 2622 2481 2669 confir-

1478 2688 1625 2740 matis,
1654 2688 1695 2730 δι
1720 2689 1924 2733 innovatis
1941 2715 1953 2730 .
1985 2687 2149 2747 Quibus
2176 2686 2364 2730 omnibus
2391 2711 2406 2736 ,
2437 2684 2479 2726 &

1477 2747 1640 2803 fingulis
1666 2776 1682 2798 ,
1710 2747 1874 2791 illorum
1902 2757 2069 2794 tenores
2113 2745 2370 2803 praesentibus
2400 2756 2482 2800 pro

1478 2808 1631 2863 plene,
1657 2808 1697 2849 δι
1722 2805 1968 2853 sufficienter
1993 2806 2217 2863 expreffis,
2246 2821 2291 2849 ac
2308 2804 2362 2848 de
2387 2817 2482 2847 ver-

1475 2868 1532 2912 bo
1563 2867 1613 2908 ad
1636 2867 1806 2912 verbum
1838 2866 1999 2912 insertis
2017 2867 2240 2912 habentes,
2268 2864 2349 2908 illis
2375 2862 2476 2906 alias

1476 2926 1516 2968 in
1544 2923 1613 2965 suo
1654 2927 1806 2968 robore
1838 2927 2108 2981 permansuris
2131 2953 2148 2974 ,
2173 2925 2224 2967 ad
2264 2921 2483 2979 praemiffo-

1475 2996 1565 3029 rum
1592 2981 1777 3025 effectum
1795 2985 1868 3025 hac
1887 2985 1978 3026 vice
1994 2981 2206 3026 dumtaxat
2234 2978 2482 3036 specialiter,

1474 3045 1514 3088 &
1531 3039 1716 3098 expresse
1740 3042 1988 3098 derogamus
2003 3069 2019 3094 ,
2048 3041 2285 3100 caterisque
2311 3046 2481 3083 contra·

1473 3103 1545 3148 riis
1559 3099 1870 3159 quibuscumque
1886 3132 1898 3143 .

1595 3162 1747 3205 Datum
1770 3163 1911 3206 Romae
1933 3159 2041 3217 apud
2057 3163 2242 3203 sannam
2269 3157 2478 3205 Mariam..

1479 3219 1681 3277 Maiorem
1709 3220 1778 3263 sub
1805 3220 1976 3265 Annulo
2018 3219 2236 3263 piscatoris
2265 3219 2333 3261 die
2353 3230 2481 3261 xxvr.

1476 3278 1733 3337 Septembris
1769 3292 2069 3324 mcccxxxttr.
2107 3276 2378 3324 Pontificatus
2402 3291 2479 3330 nos

1476 3340 1545 3385 stri
1566 3343 1688 3384 Anno
1713 3348 1864 3397 quarto
1882 3369 1894 3382 .

1880 3452 1934 3500 F.
1953 3447 2103 3501 Card.
2123 3448 2371 3502 oliverius
2389 3484 2403 3498 .

1540 3572 1714 3676 Exgmfil.
1734 3570 1926 3681 guthem.
1941 3569 1984 3638 ip
2001 3569 2232 3616 Aah-Gen.
2249 3569 2345 3614 Ord.
2364 3570 2480 3614 Arm.

1628 3646 1653 3675 u
1689 3646 1719 3675 ae
1783 3643 1818 3675 c.

2372 3937 2423 3979 In
