2638 4088
1104 147 1595 263 Castellae.
2123 170 2288 279 369

330 286 411 330 rito
441 285 480 329 in
504 286 683 331 Domino
705 285 1065 336 commendantes,
1092 288 1258 332 aedificia
1274 292 1314 332 in

323 348 438 387 terra
454 344 517 386 del
537 347 616 403 Vt'sb
631 347 839 403 praedicta,
869 345 942 401 jam
956 375 971 398 ,
998 356 1042 390 ut
1071 348 1312 402 praefertur,

328 404 551 447 constructa
566 409 644 451 una
666 419 758 448 cum
775 405 952 450 Ecclesia
969 432 983 454 ,
1012 419 1058 448 ac
1072 408 1282 463 campanili
1298 434 1313 457 ,

326 464 368 505 δι
381 465 584 520 campanis
612 465 830 508 humilibus
845 493 859 515 ,
885 463 1102 508 refeetorio
1117 494 1132 518 ,
1157 466 1313 508 dormi·

330 522 464 572 torio,
500 523 701 576 claustro,
720 525 844 567 hortis
859 550 874 572 s
899 524 1144 573 hortalitiis,
1169 525 1312 566 &aliis

325 579 553 624 necessariis
572 582 740 626 officinis
767 584 806 625 in
824 586 998 626 Domum
1016 611 1030 634 ,
1060 585 1311 626 &Conven—

325 648 412 682 tum
426 638 521 682 dieti
535 642 698 684 Ordinis
713 645 902 685 Fratrum
917 643 1221 699 Capucinorum
1235 656 1310 698 pro

324 711 410 741 uno
433 700 695 752 Guardiano,
719 703 757 743 &
773 700 981 744 nonnullis
1008 701 1213 744 Fratribus
1235 701 1309 743 ad·

322 757 444 800 instar
456 758 627 802 aliorum
651 765 967 813 conventuum,
984 761 1024 803 δε
1047 763 1311 804 Domorunu

323 814 505 871 ejusdem
522 818 720 871 Ordinis,
742 823 811 876 qui
838 821 936 864 inibi
952 819 1155 863 Altiffimo
1180 818 1309 863 famu·

322 876 463 918 lentur
475 903 490 926 ,
504 879 718 933 precesque
734 892 810 934 pro
824 881 1027 922 animabus
1042 878 1220 922 fidelium
1236 879 1313 920 de·

324 933 554 978 {unitorum
567 935 825 991 pra-fatorum
851 937 958 990 juxta
986 937 1080 980 dicti
1104 938 1310 980 Marchio-

322 994 384 1036 nis
402 1004 579 1036 mentem
602 995 800 1036 Altiffimo
814 994 1051 1048 effundant,
1078 995 1156 1039 line
1181 997 1310 1039 alicu-

321 1051 384 1108 jus
398 1051 641 1108 praejudicio,
656 1056 690 1096 A
697 1054 887 1110 postolica
902 1055 1143 1098 aunoritate
1166 1066 1311 1098 tenore

319 1108 574 1166 praesentium
594 1113 809 1170 erigimus,
827 1114 867 1155 &
892 1114 1134 1158 instituimus
1147 1143 1162 1165 ,
1197 1114 1281 1157 ita.)
1295 1142 1310 1165 ,

319 1170 431 1224 quod
447 1171 642 1213 Generali
657 1173 755 1215 dieti
771 1172 933 1215 Ordinis
965 1172 1109 1214 eadem
1127 1175 1282 1215 Domus
1296 1199 1310 1220 ,

318 1241 366 1270 ac
381 1228 638 1272 Guardianus
652 1261 668 1283 ,
696 1233 736 1273 δε
760 1233 925 1275 Fratres
954 1233 993 1274 in
1021 1231 1093 1273 illa
1108 1231 1307 1287 degentes

316 1285 470 1329 subsint
484 1314 499 1338 ,
530 1302 577 1331 ac
604 1291 644 1331 in
671 1290 815 1332 eadem
842 1293 977 1333 Domo
1007 1290 1153 1333 statum
1167 1319 1183 1342 ,
1198 1293 1234 1334 Sc
1249 1290 1307 1332 es-

318 1343 488 1388 sentiam
505 1347 734 1402 Regulares
759 1349 856 1393 dieti
872 1350 1042 1394 Ordinis
1069 1353 1307 1406 Capucino-

320 1418 412 1447 rum
428 1406 587 1462 penitus
601 1433 615 1454 ,
638 1409 678 1449 δι
691 1410 858 1451 omnino
872 1408 1169 1453 introducimus
1183 1439 1196 1462 ,
1211 1425 1304 1453 ean·

319 1462 494 1520 demque
510 1467 708 1517 Domum,
732 1470 770 1510 ἀ
797 1469 836 1510 in
850 1468 921 1511 illa
950 1471 1145 1523 degentes
1174 1469 1306 1524 perso-

317 1536 388 1565 nas
417 1525 604 1566 omnibus
629 1527 667 1567 δι
690 1527 851 1583 finguli's
866 1527 1115 1584 privilegiis,
1129 1527 1305 1572 faculta-

316 1581 451 1634 tibus,
464 1586 806 1639 exemptionibus,
822 1587 1162 1638 immunitatibus,
1186 1588 1307 1630 liber-

318 1642 495 1693 tatibus,
523 1643 666 1686 &aliis
693 1653 776 1686 tam
801 1645 1124 1700 temporalibus,
1150 1648 1307 1701 quam-o

317 1697 595 1754 spiritualibus
611 1703 754 1757 gratiis
769 1732 784 1755 ,
810 1705 956 1761 quibus
983 1705 1051 1747 alii
1070 1705 1165 1747 dieti
1181 1707 1306 1749 Ordi-

316 1759 375 1800 nis
410 1762 565 1801 Domus
590 1764 629 1803 &
656 1763 893 1805 Conventus
918 1773 1117 1812 utuntur,
1138 1765 1178 1806 δε
1207 1778 1304 1817 gau-

315 1818 412 1859 dent
427 1844 441 1865 ,
458 1833 504 1858 ac
521 1820 579 1860 uti
596 1848 609 1871 ,
623 1821 772 1874 potiri,
799 1823 837 1862 &
853 1820 1031 1876 gaudere
1045 1822 1306 1878 quomodoli-

317 1876 388 1918 bet
418 1873 574 1930 possunt
588 1906 601 1928 ,
625 1889 691 1920 aut
719 1888 936 1934 poterunt,
962 1881 1019 1921 uti
1038 1910 1052 1932 ‚
1082 1881 1235 1936 potiri,
1266 1883 1306 1924 δι

315 1935 497 1990 gaudere
514 1935 652 1979 valere
667 1936 945 1981 decernimus:
963 1942 1053 1981 Nee
1069 1954 1146 1981 non
1166 1938 1203 1981 in
1221 1939 1304 1982 vir-

314 2004 404 2036 tute
420 1993 556 2036 sanem
569 1995 809 2039 obedientiae
824 1997 1017 2040 Generali
1033 1996 1207 2053 ejusdem
1222 2001 1302 2041 Or-

317 2051 420 2094 dinis
434 2053 684 2108 praecipimus
700 2081 714 2103 ,
738 2065 778 2094 ut
794 2056 903 2109 pium
918 2056 1163 2098 desiderium
1189 2059 1302 2099 Mar-

319 2110 482 2153 chionis
497 2140 511 2161 ,
524 2112 565 2151 &
579 2113 713 2155 Mariae
725 2111 1012 2152 Marchioniffae
1030 2111 1304 2165 praefatorum,

314 2179 358 2210 ut
371 2182 532 2223 aequum
547 2169 630 2219 est,
649 2168 886 2225 adjuvando
902 2196 916 2218 ,
929 2169 1231 2224 quamprimum
1252 2183 1304 2211 ex

307 2229 465 2269 nuncin
484 2230 620 2268 Domo
643 2237 765 2271 terrae
787 2228 851 2268 del
885 2228 966 2283 Vtsb
983 2226 1270 2270 Guardianum
1286 2255 1302 2277 ,

308 2285 585 2338 &congruum
602 2288 792 2326 Fratrum
811 2296 1018 2323 numerum
1035 2311 1049 2333 ‚
1077 2284 1146 2336 qui
1174 2284 1212 2323 in
1233 2284 1304 2324 illa

312 2341 521 2384 Altiffimo
536 2340 783 2381 famulentur
797 2367 810 2389 ,
826 2340 1031 2382 introduci
1044 2349 1178 2387 curet,
1193 2340 1233 2380 &
1244 2339 1302 2381 fa-

311 2400 411 2447 ciat,
427 2395 688 2454 ejusdemque
708 2395 878 2445 Domfis,
894 2408 1013 2452 prout
1028 2397 1198 2440 aliarum
1218 2396 1304 2452 ejus

311 2456 478 2501 Ordinis
490 2459 620 2514 gerit,
634 2471 772 2499 curam
800 2458 1175 2510 cogitationemque
1190 2455 1302 2498 susci·

317 2516 433 2572 piat,
447 2517 699 2573 eandemque
719 2517 893 2559 Domum
918 2516 1040 2558 alicui
1071 2515 1163 2556 dieti
1181 2514 1303 2557 Ordi-

316 2575 379 2617 nis
395 2576 648 2624 Provinciae,
668 2584 787 2632 prout
813 2575 866 2620 de
878 2575 963 2618 aliis
984 2574 1162 2632 ejusdem
1177 2572 1302 2615 Ordi—

318 2638 378 2678 nis
400 2634 611 2678 consuevit
625 2664 639 2686 ,
653 2635 850 2678 adscribat
867 2661 878 2673 .

429 2696 485 2736 Et
499 2695 592 2749 quia
606 2693 826 2737 admodum
851 2693 970 2749 pauci
988 2696 1148 2735 Fratres
1162 2694 1301 2747 Capu-

314 2751 395 2794 cIni
426 2752 466 2794 in
494 2752 575 2794 illis
590 2754 774 2807 partibus
801 2744 1086 2806 ¹reperiuntur,
1101 2751 1299 2805 aliquibus

315 2810 529 2853 Fratribus
543 2812 748 2855 Minorum
765 2811 816 2852 de
831 2809 1097 2853 Observantia
1113 2840 1127 2860 ‚
1155 2809 1195 2849 in
1214 2810 1296 2851 Re-

313 2869 401 2923 gnis
420 2867 702 2925 Hispaniarum
715 2869 971 2912 Discalceatis
986 2871 1237 2925 nuncupatis,
1254 2878 1297 2911 ut

313 2942 364 2970 ex
385 2929 703 2984 quibuscumque
732 2929 979 2978 Provinciis,
1003 2929 1042 2971 ὃς
1074 2927 1296 2975 Domibus,

310 2988 352 3029 in
366 2987 509 3041 quibus
525 2987 709 3042 degunt,
725 2989 763 3029 &
788 2988 825 3029 in
846 2986 987 3044 quibus
1015 2985 1296 3041 profeffionem

313 3043 560 3096 emiserunt,
581 3048 847 3102 Superiorum
879 3045 1035 3102 petita,
1065 3048 1101 3086 δι
1123 3045 1297 3088 obtenta

311 3103 557 3156 licenti32ad
577 3106 722 3148 dietam
738 3120 863 3161 nuper
879 3109 1048 3149 erestam
1065 3106 1241 3148 Domum
1259 3103 1298 3145 se

317 3161 539 3207 transferre
554 3195 569 3216 ‚
585 3165 813 3220 ibidemque
825 3194 837 3217 ‚
852 3164 875 3207 fi
893 3165 929 3206 in
943 3179 989 3208 ea
1006 3163 1225 3207 benevolos
1239 3165 1295 3205 in-

309 3223 494 3266 venerint
510 3225 765 3279 Receptores
780 3251 793 3272 ,
813 3223 1007 3278 recipi,&
1020 3223 1196 3274 admitti,
1211 3225 1294 3265 Ha-

311 3281 524 3338 bitumque
539 3310 554 3333 ,
568 3284 636 3340 qui
666 3285 705 3326 in
721 3284 824 3326 die-“ta
839 3285 976 3326 Domo
990 3283 1290 3338 Capucinorum

240 3350 243 3355 '
309 3353 440 3395 nuper
455 3346 585 3384 erecta
600 3342 817 3397 gestabitur
829 3372 843 3394 ,
857 3357 1000 3398 gerere
1011 3370 1025 3393 ,
1054 3339 1290 3397 illiusque-...s

1375 294 1569 334 rabilibus
1586 291 1794 336 Fratribus
1816 291 2133 352 Archiepiscopis
2150 330 2162 349 ,
2180 305 2345 357 Episco-

1374 354 1432 407 pis
1448 378 1462 400 ,
1478 352 1517 391 δε
1532 352 1710 394 Praelatis
1725 378 1739 401 ,
1762 350 1927 406 aliisque
1950 352 2228 402 Ecclesiasticis
2253 376 2346 415 per-

1375 410 1477 452 sonis
1505 411 1544 451 in
1575 410 1654 452 iliis
1683 410 1865 467 partibus
1897 412 2138 466 degentibus
2178 417 2343 474 injungi.

1374 482 1485 518 mus,
1506 479 1550 510 ut
1575 468 1636 510 illi
1665 485 1831 522 omnes,
1854 471 1890 512 &
1915 470 2053 527 singuli
2084 473 2123 511 in
2150 477 2359 525 praemiffis

1373 529 1561 583 prompte
1577 529 1616 569 &
1633 529 1853 572 efficaciter
1866 533 1975 571 omni
2002 531 2161 586 prorsus
2177 530 2348 586 impedi-

1372 596 1512 628 mento
1535 584 1692 630 sublato
1707 588 1897 637 faveant,
1922 590 1962 630 &
1981 589 2221 642 intendant;
2241 593 2350 631 Man.

1371 644 1512 687 dantes
1526 660 1684 702 quoque
1700 648 1859 691 Dilecto
1875 647 1980 690 Pilio
1994 678 2006 699 ‚
2033 649 2225 691 Generali
2256 648 2352 689 dicti

1371 704 1537 747 Ordinis
1549 706 1862 758 Capucinorum,
1878 717 1920 748 ut
1934 708 2089 763 aliquos
2105 712 2266 751 Fratres
2281 706 2350 749 sibi

1374 764 1582 806 benevisos
1605 762 1659 804 sui
1675 766 1841 808 Ordinis
1856 766 1904 807 ad
1927 767 2069 811 dietam
2091 772 2268 811 Domum
2284 767 2353 808 ha—

1369 822 1578 866 bitandam
1596 824 1894 877 quamprimum
1924 825 2195 880 transmittat3
2214 830 2268 870 Et
2295 825 2355 867 ni-

1371 882 1589 926 hilominus
1619 883 1924 925 Venerabilibns
1953 886 2158 929 Fratribus
2186 885 2355 929 Archie-

1371 941 1536 998 piscopo
1563 941 1799 993 Toletano,
1822 943 1861 982 ὅ(
1878 941 2076 999 Episcopo
2102 943 2320 988 Giennensi
2338 971 2354 993 ,

1370 1015 1416 1042 ac
1453 1000 1605 1040 dilecto
1632 1000 1738 1042 Filio
1765 1004 1969 1043 causarum
2007 1004 2142 1048 Curiae
2169 1007 2355 1047 Camerae

1374 1057 1613 1114 Apostolicae
1628 1060 1821 1102 Generali
1834 1060 2023 1102 Auditori
2035 1076 2107 1118 per
2120 1063 2354 1116 Apostolica

1372 1118 1516 1173 scripta
1543 1119 1801 1169 mandamus,
1833 1130 2031 1176 quatenus
2063 1122 2131 1177 ipsi
2157 1121 2222 1164 vel
2246 1120 2354 1167 dno,

1370 1188 1441 1219 aut
1457 1189 1559 1219 unus
1575 1190 1715 1219 eorum
1732 1193 1803 1232 per
1820 1179 1858 1226 se
1872 1207 1886 1229 ,
1902 1179 1966 1223 vel
1981 1180 2104 1221 alium
2121 1210 2135 1233 ,
2161 1183 2227 1224 seu
2254 1179 2354 1221 alias

1369 1237 1576 1293 praesentes
1591 1236 1762 1287 litteras,
1778 1239 1816 1279 δε
1828 1238 1867 1279 in
1881 1239 1936 1280 eis
1951 1250 2143 1282 contenta
2157 1252 2357 1295 quaecum·

1367 1310 1447 1352 que
1463 1322 1476 1346 ,
1491 1294 1559 1336 ubi
1571 1322 1585 1345 ,
1597 1296 1637 1336 &
1650 1297 1811 1351 quando
1838 1310 1938 1351 opus
1963 1296 2082 1340 fuerit
2099 1328 2113 1351 ‚
2133 1312 2180 1339 ac
2196 1300 2354 1353 quoties

1368 1369 1443 1411 pro
1469 1363 1584 1408 parte
1613 1355 1756 1397 Alvari
1785 1357 2034 1397 Marchionis
2060 1386 2075 1407 ,
2118 1357 2182 1396 vel
2217 1355 2353 1397 Mariae

1368 1411 1684 1462 Marchioniffae,
1706 1423 1773 1455 aut
1801 1417 1985 1456 Fratrum
2014 1414 2325 1468 praedifitorum
2342 1440 2358 1464 ‚

1366 1484 1434 1516 aut
1452 1471 1621 1529 alicujus
1644 1486 1814 1521 eorum,
1835 1471 1983 1515 fuerint
2007 1472 2176 1527 desuper
2191 1472 2355 1528 requisi-

1370 1533 1430 1582 ti,
1457 1530 1691 1574 solemniter
1721 1532 2005 1587 publicantes,
2034 1532 2169 1588 eisque
2199 1531 2237 1572 in
2259 1544 2355 1586 pra:-

1371 1590 1487 1632 missis
1503 1589 1675 1634 efficacis
1690 1588 1933 1633 defentionis
1948 1591 2127 1647 praesidio
2143 1591 2357 1633 assistentes

1369 1650 1516 1692 faciant
1533 1651 1773 1692 austeritate
1789 1651 1936 1700 nostra,
1950 1651 2097 1697 omnia,
2113 1652 2152 1691 &
2172 1648 2354 1703 lingula-2

1368 1709 1555 1765 praedista
1579 1713 1692 1752 suum
1707 1707 1893 1752 effoetum
1910 1707 2123 1765 consequi:
2154 1712 2247 1750 Non
2265 1719 2357 1761 per-

1369 1768 1573 1809 mittendo
1586 1784 1653 1811 eos
1670 1797 1684 1819 ‚
1709 1778 1778 1810 aut
1805 1782 1946 1810 eorum
1973 1768 2148 1822 aliquem
2178 1765 2360 1809 indebite

1367 1826 1600 1868 molestari:
1630 1826 1965 1868 Contradic‘tores
1985 1827 2219 1880 quoslibet,
2238 1827 2277 1867 δι
2301 1837 2361 1866 re«

1367 1884 1498 1927 belles
1514 1899 1587 1941 per
1600 1895 1830 1939 opportuna
1865 1885 1960 1937 juris
1982 1880 2120 1927 &facti
2146 1884 2326 1926 remedia
2346 1909 2360 1932 ,

1365 1958 1413 1986 ac
1430 1945 1592 1987 demum
1609 1958 1679 1999 per
1695 1944 1913 1987 sententias
1927 1974 1938 1995 ,
1964 1944 2152 1986 censuras
2166 1971 2179 1993 ,
2205 1945 2245 1985 &
2269 1956 2356 1998 poe·

1365 2017 1435 2046 nas
1451 2002 1745 2046 Ecclefiasticas
1760 2031 1775 2053 ,
1800 2003 2071 2059 appellatione
2095 2003 2358 2059 POstpofita-J,

1363 2061 1674 2117 compescendo,
1688 2062 1881 2105 invocato
1894 2064 2019 2104 etiam
2034 2063 2084 2105 ad
2102 2063 2196 2114 hoc,
2214 2061 2239 2103 fi
2255 2074 2355 2116 opus

1363 2119 1490 2160 fuerit
1512 2148 1525 2169 ,
1558 2121 1710 2161 auxilio
1741 2122 1894 2163 brachii
1930 2122 2152 2164 saecularis:
2187 2134 2266 2162 non
2283 2120 2359 2161 ob·

1365 2174 1558 2216 stantibus
1576 2176 1647 2214 fel.
1666 2190 1745 2215 rec.
1762 2178 1956 2220 Bonifacii
1970 2183 2084 2234 Papae
2100 2183 2217 2222 VIII.
2249 2178 2358 2222 dea

1364 2246 1469 2282 una,
1484 2233 1524 2274 &
1539 2231 1718 2275 Concilii
1739 2234 1956 2276 Generalis
1985 2235 2039 2278 de
2051 2238 2205 2278 duabus
2220 2237 2361 2287 dietis,

1364 2303 1410 2329 ac
1426 2290 1704 2342 prohibitione
1726 2290 1778 2330 de
1792 2306 1873 2334 non
1891 2293 2133 2347 recipiendis
2159 2293 2273 2337 novis
2293 2292 2357 2335 lo-

1365 2344 1423 2386 cis
1441 2372 1455 2394 ,
1482 2343 1550 2386 nisi
1569 2346 1621 2385 de
1649 2345 1720 2385 illa
1736 2348 1919 2398 ipecifiea
1941 2353 2096 2392 mentio
2124 2354 2351 2402 habeatur,

1364 2402 1539 2457 dietique
1554 2400 1737 2450 Ordinis,
1758 2401 1986 2457 juramento
2010 2431 2024 2453 ,
2050 2406 2358 2450 confirmatione

1363 2460 1599 2515 Apollolica
1619 2488 1632 2512 ,
1647 2460 1710 2501 vel
1723 2461 1863 2514 quavis
1882 2460 2072 2505 firmitate
2086 2463 2163 2504 alia
2182 2466 2356 2506 robora-

1364 2522 1416 2562 tis
1445 2518 1619 2567 statutis,
1640 2518 1680 2558 &
1707 2519 2060 2562 consuetudinibus
2087 2549 2101 2571 ,
2129 2523 2352 2579 privilegiis

1364 2590 1526 2634 quoque
1551 2576 1748 2627 indultis,
1777 2578 1816 2618 &
1845 2577 1999 2620 litteris
2032 2579 2275 2633 Apostolicis
2297 2584 2352 2624 ei-

1362 2639 1456 2679 dem
1475 2635 1622 2678 ordini
1638 2634 1826 2677 concessis
1842 2664 1855 2688 ,
1868 2634 2142 2687 confirmatis2
2177 2639 2216 2679 &
2232 2640 2348 2682 inno-

1362 2695 1462 2739 vatis
1476 2695 1662 2755 3Qibus
1677 2694 2050 2745 omnibus,illorum
2072 2705 2232 2737 tenores
2248 2712 2348 2752 prae·

1360 2754 1535 2796 sentibus
1549 2767 1622 2808 pro
1639 2752 1823 2808 expreffis
1839 2755 2048 2803 habentes,
2065 2754 2145 2796 illis
2159 2753 2257 2798 alias
2272 2756 2341 2799 in..

1360 2813 1429 2856 suo
1444 2814 1592 2855 robore
1611 2812 1876 2866 permansuris
1890 2841 1904 2864 ,
1922 2814 1995 2855 hac
2015 2813 2112 2857 vice
2126 2814 2337 2857 dumtaxat

1362 2870 1579 2928 specialiter
1591 2897 1605 2918 2
1616 2873 1656 2913 &
1671 2870 1854 2927 expresse
1867 2871 2106 2926 derogamus
2121 2902 2134 2924 ‚
2164 2877 2340 2917 caeteri‘s'-

1357 2947 1434 2988 que
1452 2930 1664 2974 contrariis
1681 2930 2018 2986 quibuscumques
2039 2929 2179 2982 Aut,fi
2192 2931 2338 2988 aliqui-

1359 2994 1430 3033 bus
1446 2990 1741 3039 communiter,
1763 2990 1825 3032 vel
1855 2989 2011 3031 divisim
2037 2991 2086 3030 ab
2100 2991 2335 3045 Apostolica

1359 3050 1518 3093 fitSede
1533 3049 1767 3096 Indultum,
1799 3047 1905 3102 quod
1934 3047 2150 3099 interdici,
2174 3047 2333 3106 suspen.

1357 3110 1427 3160 di,
1445 3109 1510 3151 vel
1526 3106 1856 3150 excommunicari
1872 3119 1950 3148 non
1965 3105 2107 3160 poffint
2128 3122 2202 3164 per
2216 3109 2332 3153 litte-

1356 3182 1420 3210 ras
1438 3166 1681 3222 Apostolicas
1698 3178 1774 3206 non
1790 3161 1981 3206 facientes
1997 3165 2154 3220 plenam
2169 3194 2184 3216 ,
2205 3170 2245 3210 δε
2258 3184 2328 3211 ex-

1354 3224 1518 3281 pressam
1530 3254 1542 3274 ,
1561 3239 1606 3266 ac
1621 3225 1673 3266 de
1685 3222 1810 3265 verbo
1826 3224 1874 3265 ad
1892 3224 2059 3266 verbum
2084 3225 2137 3267 de
2159 3226 2327 3270 Indulto

1351 3283 1577 3342 hujusmodi
1597 3283 1844 3326 mentionem
1859 3311 1870 3322 .

1465 3346 1612 3384 Datum
1644 3344 1780 3383 Romae
1812 3342 1914 3393 apud
1942 3343 2124 3385 Sanctum
2153 3345 2320 3388 Petrum

310 3398 584 3453 Regularibus
608 3401 798 3445 institutis
818 3400 1284 3451 seconiormarelibere,
1349 3400 1419 3445 sub
1449 3400 1612 3443 Annulo
1647 3398 1859 3442 Piscatoris
1884 3402 1950 3444 die
1980 3416 2128 3444 xxvll·
2169 3407 2319 3459 Aprilis

309 3459 350 3499 δι
375 3458 489 3501 licite
510 3460 698 3511 valeant,
725 3461 1013 3513 concedimus,
1036 3462 1073 3501 &
1093 3459 1280 3514 indulge-
1341 3474 1539 3505 mmxxvi
1555 3474 1588 3502 1.
1615 3457 1877 3503 Pontificatfis
1897 3460 2018 3503 nostri
2038 3475 2139 3504 anno
2155 3465 2313 3519 quinto.

310 3530 397 3559 mus
410 3543 425 3567 ,
447 3531 494 3558 ac
507 3533 719 3573 rogamus,
745 3519 942 3576 enixeque
969 3521 1007 3563 in
1023 3520 1199 3561 Domino
1215 3532 1280 3558 re-

308 3575 506 3631 quirimus
529 3577 796 3620 chariffimum
825 3578 864 3619 in
876 3580 1036 3622 Christo
1051 3577 1193 3621 Filium
1209 3591 1281 3619 no-

305 3634 426 3677 strum
447 3635 699 3692 Philippum,
726 3634 1001 3691 Hispaniarum
1025 3639 1181 3691 Regem
1206 3639 1286 3680 Ca-

307 3692 507 3738 tholicum
520 3723 533 3744 ,
546 3709 592 3736 ac
608 3694 714 3738 illius
730 3694 949 3748 officiales,
972 3709 1277 3752 quacumqu&

306 3751 475 3797 saeculari
489 3755 726 3798 aunon-itate
738 3753 945 3812 praeditos,
958 3768 1033 3798 nec
1049 3768 1126 3798 non
1143 3757 1277 3799 Vene-

1402 3577 1699 3633 Autographum
1709 3576 1753 3618 in
1769 3578 1938 3620 Archino
1961 3581 2139 3622 Vaticano
2162 3584 2312 3623 Secreto

1459 3637 1612 3692 Regcsto
1647 3639 1701 3679 11.
1734 3637 1991 3695 Epssolarum
2019 3640 2204 3694 Gregorii
2237 3643 2311 3682 Pa-

1450 3706 1512 3752 pa·
1528 3697 1638 3739 XIII.
1653 3694 1868 3753 Epist-177.

2097 3789 2287 3860 NOTA¹
