2592 4094
971 295 1605 383 Hibernia.
2070 308 2223 412 283

1017 426 1092 550 N
1177 486 1240 548 o
1331 488 1390 559 T
1479 487 1577 581 A·

387 675 537 712 orentes
560 682 645 712 tune
669 671 791 711 sedati}
818 675 951 711 Fratres
978 673 1060 709 Rex
1084 670 1380 708 Christianiffimus
1405 671 1440 707 in
1472 671 1584 711 libero
1622 672 1790 713 Miffionis
1827 676 1995 715 exercitio
2030 673 2192 714 stabilivit
2213 696 2228 718 ,
2251 674 2287 711 &

403 723 526 761 litteris
553 723 775 770 protectionis
798 723 917 769 Regiae
940 720 1168 764 communistis
1194 719 1436 767 sequentibusz
2035 729 2037 732 ·

499 869 794 930 Ludovicus,
821 869 908 924 Dei
968 868 1110 928 tatia,
1136 866 1331 916 Francia:
1361 863 1410 918 ἃ
1441 868 1662 918 Navarrae
1693 872 1824 928 Rex,
1848 872 2058 924 omnibus

830 956 922 1006 prae
943 937 1120 990 entibus
1148 935 1196 989 ἃ
1224 933 1390 990 futuris
1419 934 1609 986 salutem
1637 936 1730 990 διο.

359 1099 447 1142 Non
460 1102 618 1141 habemus
634 1098 820 1152 efficaciora
833 1103 944 1144 media
957 1126 971 1148 ,
993 1104 1118 1153 quihus
1129 1113 1318 1140 mereamur
1336 1101 1432 1138 nobis
1445 1124 1459 1146 ,
1485 1101 1604 1150 Regno
1628 1101 1733 1155 nostro
1745 1129 1757 1148 ,
1771 1106 1815 1148 &⁶
1824 1107 1999 1152 Subdms,
2007 1107 2076 1145 Des·
2089 1106 2290 1144 benedmzo.

260 1151 338 1187 'nem
353 1172 367 1194 ,
392 1148 494 1198 quum
503 1160 693 1201 procurare
706 1153 796 1190 totis·
806 1156 928 1192 nervis
938 1153 1101 1190 divinum
1114 1152 1244 1190 cultum
1253 1175 1265 1196 ‚
1289 1151 1332 1193 ὼ·
1345 1150 1501 1188 honorem
1516 1175 1530 1192 ,
1554 1161 1658 1200 atque
1679 1154 1725 1189 ad
1729 1154 1947 1202 subditorum
1971 1155 2220 1206 instrufiionem
2234 1157 2291 1191 in-

257 1199 378 1235 vitare
389 1198 463 1236 illos
478 1223 491 1241 ,
515 1201 579 1248 qui
587 1201 754 1250 persuum
773 1203 884 1239 vitam
899 1200 1141 1251 exemplarem,
1162 1208 1400 1249 paupertatem
1422 1201 1659 1237 voluntariam
1672 1226 1682 1242 ,
1707 1201 1936 1243 humilitatem
1948 1230 1960 1248 ,
1986 1207 2028 1247 ὠ·
2049 1216 2176 1241 morum
2192 1206 2292 1253 puri-

259 1254 366 1284 tatem
386 1247 432 1284 ad
450 1260 527 1285 eum
538 1247 645 1296 finem
656 1247 788 1299 poffunt
803 1250 990 1288 conducere
1013 1273 1028 1294 ,
1050 1249 1172 1297 nosque
1190 1248 1361 1299 adjuvare
1377 1256 1440 1296 per
1460 1249 1544 1297 suas
1555 1248 1815 1297 predicatione:
1840 1254 1884 1295 (ἔγ
1905 1253 2071 1301 colloquia
2092 1278 2103 1295 ,
2128 1254 2168 1288 in
2190 1253 2294 1288 redu-

257 1295 377 1331 cendis
391 1296 436 1332 ad
451 1296 594 1347 Ecclesia
600 1299 770 1344 gremium
781 1299 827 1335 iis
843 1323 856 1343 ,
878 1300 940 1348 qui
952 1297 1145 1348 exsubjee'io
1163 1299 1258 1334 nobis
1299 1296 1394 1345 opulo
1413 1295 1435 1332 ἃ
1453 1296 1536 1334 refii
1550 1298 1693 1334 tramite
1703 1298 1896 1338 deviarunt
1917 1327 1926 1336 .
1951 1303 2062 1341 Porro
2086 1303 2125 1336 in
2148 1301 2294 1350 nostra.»

261 1342 423 1381 Ciuitate
436 1344 621 1430 SedaneZfi
630 1346 724 1382 uobis
736 1345 881 1395 speciali
907 1345 1230 1396 modofignificatum
1243 1305 1310 1395 esf,
1334 1346 1494 1384 maximos
1512 1343 1703 1396 progreffus
1720 1349 1882 1385 continuo
1893 1349 1977 1396 fieri
1997 1349 2017 1385 a*
2040 1350 2081 1386 P.
2103 1348 2290 1394 Capua-inis

256 1390 433 1428 Iiibernis
445 1414 459 1436 ,
483 1392 553 1441 qua
595 1392 666 1431 582ae
679 1395 785 1431 vrbis
797 1394 912 1446 nostrae
925 1397 1056 1433 manici
1078 1407 1111 1432 es
1125 1394 1315 1432 Catholicos
1326 1393 1520 1444 instruendo
1530 1419 1543 1438 ,
1569 1394 1638 1442 qua
1651 1394 1850 1442 conferendo
1878 1409 1953 1432 cum
1967 1397 2115 1434 Civibus
2139 1395 2293 1431 Hetero-

257 1437 355 1476 doxis
367 1462 382 1484 ‚
408 1439 478 1488 qua
489 1440 685 1490 destinando
698 1443 890 1492 Capucinos
905 1445 950 1482 ad
958 1443 1051 1493 conso
1066 1445 1212 1480 ationem
1216 1443 1438 1492 spiritualem
1449 1442 1703 1481 Catholicorum
1715 1441 1832 1493 Regni
1846 1444 2030 1482 Hiberniae
2044 1468 2057 1484 ‚
2082 1443 2125 1484 &³
2146 1453 2289 1478 conver-

245 1486 372 1536 sionem
387 1487 622 1527 hereticorum
640 1491 786 1540 ejusdem
793 1496 941 1540 patriae,
965 1493 1057 1541 apud
1072 1503 1172 1540 quam
1183 1493 1321 1529 eximios
1326 1491 1465 1540 fruc‘ius
1475 1490 1640 1539 feceruut
1653 1513 1667 1536 ,
1687 1499 1916 1540 procurantes
1929 1494 2123 1529 animarum
2136 1490 2293 1535 lucrum,

254 1534 551 1585 austeritate-visa
563 1563 578 1583 ‚
602 1539 645 1581 ό·
655 1542 923 1590 conversationis
934 1541 1118 1589 suavitate
1129 1539 1220 1588 aeque
1235 1567 1246 1583 ‚
1273 1552 1313 1577 ac
1325 1540 1544 1577 concionibus
1557 1540 1601 1578 ad
1607 1540 1709 1590 suam
1721 1542 1832 1579 vitam
1844 1541 2100 1589 quadrantibus
2112 1565 2123 1582 ‚
2139 1540 2208 1587 qud
2221 1550 2289 1574 non

255 1586 370 1632 minus
385 1610 396 1626 ,
422 1585 524 1633 quam
544 1588 661 1624 verbis
663 1590 864 1645 pradicant
882 1590 929 1627 ad
948 1588 1188 1627 exaltationem
1203 1589 1347 1639 Ecclesia
1360 1589 1491 1628 Matris
1502 1587 1637 1639 nostrae.
1665 1588 1789 1642 Qre
1813 1589 1963 1627 volentes
1987 1590 2160 1638 impertiri
2193 1586 2293 1623 dietis

254 1631 301 1678 Γ.
314 1633 364 1670 Ga
387 1634 500 1670 ucinis
515 1636 689 1672 Hibernis
697 1635 826 1686 statum
835 1637 1025 1687 firmiorem
1041 1637 1084 1683 (ξ’
1093 1640 1403 1686 permanentiorem
1414 1649 1450 1673 eo
1464 1661 1475 1678 ‚
1503 1648 1599 1686 quem
1612 1637 1744 1675 Seduni
1769 1637 1966 1680 habuerunt
1983 1638 2004 1674 ὰ
2016 1636 2209 1686 quindecim
2225 1645 2289 1670 an-

255 1680 350 1724 ”352i
365 1681 395 1718 Ιὸ
407 1683 593 1720 introdufii
604 1682 624 1720 ἃ
644 1684 826 1735 chartffimo
839 1688 885 1726 Co
911 1696 991 1724 nato
1006 1685 1111 1737 nostro
1122 1686 1276 1735 defunfio
1287 1687 1385 1724 Duce
1397 1685 1578 1723 ‘Bullionio
1590 1710 1602 1730 ‚
1615 1685 1805 1734 ibidemque
1831 1688 1968 1724 virtute
1993 1686 2193 1723 litterarum
2214 1683 2291 1732 ejus

255 1738 289 1764 α.
306 1729 403 1779 Sept.
421 1732 521 1777 1641.
538 1731 691 1782 stabiliti
717 1735 764 1771 ad
784 1700 951 1785 postuffiea
979 1737 1130 1772 omnium
1149 1734 1402 1780 Catholicorum
1416 1734 1565 1784 ejusdem·
1582 1735 1711 1779 vrbis,
1737 1735 1781 1777 ὼ·
1802 1735 2061 1785 int-erceffionem
2081 1734 2126 1771 D.
2143 1729 2287 1783 Duciffae

245 1776 437 1815 'Bulliouiae
451 1781 578 1817 Uxoris
601 1780 675 1830 ejus
692 1805 706 1826 ‚
731 1783 774 1824 ὼ·
792 1784 983 1832 consensum
998 1783 1148 1831 Episcopi
1164 1783 1354 1832 Dioecesani
1374 1792 1437 1830 per
1459 1783 1598 1831 diversa
1611 1782 1684 1819 aila
1700 1806 1713 1827 ,
1738 1793 1812 1830 quae
1837 1784 1880 1819 ab
1906 1783 1973 1832 ipfb
1996 1777 2215 1831 obtinuiffent
2242 1780 2289 1815 ad

243 1824 456 1864 -celebranda
477 1829 528 1864 ibi
541 1829 670 1876 sacra,
692 1832 866 1869 conciones
887 1832 1060 1869 habendas
1074 1853 1086 1874 ,
1110 1830 1315 1878 confeffiones
1327 1830 1542 1877 excipiendas
1554 1854 1567 1873 ,
1585 1830 1765 1878 catechesin
1784 1830 2017 1880 explicandam
2031 1854 2045 1874 ,
2070 1830 2113 1872 ὼ·
2123 1829 2288 1879 stationes

252 1873 342 1912 29¹4}
363 1876 514 1912 tonarius
515 1876 719 1924 faciendas:
745 1889 817 1925 quae
827 1877 900 1914 aeia
903 1879 972 1926 sub
986 1876 1204 1928 nostrofigillo
1216 1900 1230 1921 ,
1254 1877 1312 1913 hic
1332 1886 1469 1913 annexa
1492 1879 1588 1916 nobis
1607 1877 1840 1915 exhibuerunt
1852 1903 1866 1924 ,
1882 1877 2117 1927 supplicantes
2129 1901 2142 1922 ‚
2167 1886 2287 1925 quate-

252 1933 319 1959 nus
357 1924 558 1971 ignoramur
568 1924 640 1972 ipsis
651 1925 832 1963 concedere
843 1925 982 1966 litteras
995 1924 1120 1976 nostras
1139 1924 1228 1960 difia
1243 1925 1317 1962 aila
1332 1923 1568 1971 confirmantes
1581 1950 1594 1971 ,
1612 1925 1704 1975 &fi
1715 1933 1794 1974 opus
1798 1927 1843 1976 sit
1860 1950 1874 1971 ,
1900 1926 2045 1977 nostrum
2063 1924 2291 1976 stabilimen,

255 1972 470 2008 continentes
482 1997 492 2008 .
519 1972 599 2010 Has
611 1973 651 2008 ob
664 1973 781 2021 causas
796 1984 913 2012 notum
918 1975 1068 2024 facimus
1083 1999 1098 2018 ,
1120 1973 1209 2022 quod
1229 1972 1410 2010 laudantes
1423 1997 1438 2017 ‚
1463 1974 1507 2015 ὠ·
1518 1975 1741 2024 approbantes
1766 1973 1984 2024 bocfanfium
1998 1974 2194 2025 Institutum
2208 1998 2221 2019 ,
2246 1973 2290 2015 ὁ·

253 2018 492 2068 desiderantes,
506 2021 672 2070 quantum
704 2033 782 2058 enes
793 2034 853 2059 nos
863 2023 907 2072 est
918 2048 931 2067 ,
957 2034 1162 2060 concurrere
1176 2021 1221 2058 ad
1233 2031 1304 2059 tam
1311 2023 1408 2070 pium
1420 2029 1501 2069 opus
1510 2046 1523 2067 ,
1550 2024 1593 2065 ὼ·
1604 2022 1860 2070 εονκνηΙανιῖὶιις
1870 2032 1985 2072 preces
2006 2023 2252 2073 participare,
2275 2035 2287 2059 ε

251 2077 296 2104 ex
311 2067 420 2116 nostra
426 2070 550 2114 gratia
557 2069 652 2116 speci
689 2071 704 2103 ι·
719 2091 734 2113 ,
752 2069 855 2117 plena
862 2072 1045 2118 potentia,
1071 2071 1113 2111 ῥ’
1126 2070 1330 2107 ακείονὶταιε
1345 2068 1456 2115 Regia
1468 2080 1531 2118 per
1546 2071 1690 2119 praesens
1699 2071 1866 2120 placitum
1880 2072 1989 2122 nostra
2003 2084 2106 2110 manu
2114 2072 2287 2120 signatum

248 2114 524 2162 confirmavimus
536 2117 579 2157 ὀ·
589 2114 822 2162 confirmamus
836 2139 848 2159 ,
863 2117 923 2159 όν,
934 2117 1100 2162 quantum
1114 2115 1235 2164 neceffe
1247 2116 1304 2162 est,
1323 2116 1381 2155 vel
1389 2130 1405 2151 e
1431 2126 1464 2156 et
1474 2143 1486 2160 ,
1508 2119 1711 2166 permisimus
1729 2144 1741 2162 ,
1768 2121 1812 2162 ὠ·
1844 2123 2053 2159 amittimus
2059 2119 2286 2170 stabilimen„

243 2162 483 2211 praedifforum
494 2163 798 2211 P.Capucinorum
810 2164 1050 2200 Hibernorum
1069 2163 1110 2197 in
1134 2162 1225 2197 diffie
1237 2163 1331 2200 vrbe
1343 2165 1401 2211 uo]
1408 2174 1454 2201 ra
1469 2164 1653 2210 Sedanen[i
1674 2165 1718 2200 ad
1734 2129 1966 2213 aedifissandam
1981 2170 2031 2205 ibi
2050 2167 2256 2217 Ecclesiam-a
2274 2190 2288 2211 ,

247 2210 395 2248 Domum
408 2235 419 2253 ,
444 2211 488 2253 ὁ·
503 2211 719 2250 Conveniam
731 2210 838 2249 alium
853 2212 970 2256 abeo,
994 2222 1092 2258 quem
1115 2220 1208 2246 nunc
1227 2208 1356 2246 ibidem
1380 2208 1539 2246 incolunt
1557 2234 1566 2250 ‚
1591 2212 1631 2246 in
1657 2218 1865 2261 quocumque
1889 2216 2104 2252 commodiori
2117 2215 2188 2250 loco
2210 2215 2283 2264 ipsis

247 2258 448 2308 inposterum
470 2259 676 2297 concedendo
695 2285 706 2301 ,
731 2260 771 2296 in
794 2272 858 2308 quo
883 2271 951 2297 non
977 2258 1061 2296 alios
1082 2257 1129 2294 ad
1134 2258 1359 2307 profeffionem
1372 2258 1556 2295 admittere
1575 2258 1715 2297 valeant
1728 2286 1739 2305 ,
1765 2261 1866 2310 quam
1889 2273 1930 2300 ex
1952 2263 2071 2311 Regno
2087 2263 2281 2300 Hibernico

247 2308 413 2344 oriundos
428 2332 442 2352 ,
467 2309 527 2356 qui
538 2307 639 2357 suam
651 2308 783 2344 domum
799 2334 811 2349 ,
838 2309 880 2350 ὼ·
891 2305 1140 2355 receptaculum
1151 2306 1301 2342 habeant
1309 2306 1381 2352 sub
1396 2307 1623 2344 moderamine
1636 2308 1816 2346 Generalis
1837 2311 2087 2359 Gapucinorum
2100 2310 2286 2399 prpfeffuri

249 2355 296 2391 ad
306 2355 504 2404 Miffiones
520 2379 533 2399 ,
548 2356 636 2404 ficut
648 2356 772 2404 abipso
787 2356 985 2392 ordinatum
992 2355 1108 2402 fuerit
1123 2378 1134 2394 ,
1159 2363 1234 2388 cum
1248 2353 1361 2389 eadem
1373 2354 1636 2400 independentiti
1652 2358 1695 2392 ab
1709 2360 1863 2395 omnibus
1883 2360 1963 2395 aliis
1973 2360 2124 2396 Ordinis
2167 2361 2284 2396 rovin-

251 2405 317 2439 eiis
339 2426 353 2448 ‚
379 2403 479 2451 quam
494 2403 651 2440 haetenus
664 2403 778 2452 adepti
787 2405 872 2448 sunt
885 2427 900 2448 ,
925 2404 967 2445 ὼ·
975 2411 1038 2449 pro
1051 2413 1118 2450 qua
1137 2399 1206 2436 illis
1220 2399 1430 2436 concedenda
1442 2401 1618 2448 defunfius
1633 2402 1711 2440 Rex
1720 2429 1735 2446 ,
1758 2405 2024 2454 honoratiffimus
2038 2409 2205 2444 Dominus
2228 2421 2288 2444 no·

248 2451 334 2502 ster,
358 2452 401 2494 &¹
413 2452 518 2489 Pater
523 2451 562 2499 se
574 2452 665 2500 apud
676 2453 852 2491 Summum
866 2450 1061 2499 Pontificem
1080 2446 1322 2500 intercefforem
1336 2449 1486 2496 praebuit
1501 2471 1513 2491 ,
1538 2449 1610 2501 ipsis
1620 2453 1858 2496 permittentes
1873 2454 1924 2489 ibi
1946 2455 2067 2490 vivere
2089 2455 2202 2490 eodem
2222 2469 2287 2491 mo-

247 2500 290 2537 do
306 2523 319 2542 ,
341 2511 405 2547 quo
429 2499 586 2537 haetenus
611 2501 804 2544 vixerunt,
827 2500 871 2542 ὰ·
889 2512 982 2537 nunc
1007 2501 1137 2536 vIvunt
1151 2522 1164 2541 ‚
1191 2509 1252 2533 nec
1276 2507 1343 2532 non
1366 2497 1422 2533 uti
1437 2522 1449 2538 ‚
1476 2508 1515 2533 ac
1530 2498 1612 2545 frui
1634 2497 1752 2545 iisdem
1773 2499 1998 2537 libertatibus
2023 2526 2035 2542 ‚
2057 2501 2285 2549 privilegiis,

250 2550 520 2595 exemptionibus
533 2573 546 2593 ,
570 2549 846 2586 immunitatibus
856 2572 869 2593 ,
893 2547 1070 2599 questibus
1090 2570 1102 2590 ‚
1120 2545 1359 2595 funfiionibus
1374 2569 1385 2586 ‚
1411 2545 1453 2587 ὠ·
1467 2545 1546 2580 alt‘t's
1561 2545 1737 2582 exercitiis
1744 2547 1806 2595 sui
1817 2546 1968 2583 Ordinis
1987 2552 2007 2594 (
2014 2550 2200 2596 secundum
2211 2550 2286 2598 ejus

252 2595 449 2643 Religionis
452 2596 612 2647 statuta)
637 2598 761 2646 quibus
775 2597 839 2633 alii
851 2599 1053 2646 quicumque
1072 2597 1111 2631 in
1126 2594 1245 2642 Regno
1271 2593 1377 2644 nostro
1392 2592 1544 2642 stabiliti
1566 2604 1608 2630 ex
1635 2594 1749 2631 eodem
1771 2594 1908 2632 Ordine
1936 2604 2089 2635 utuntur
2107 2622 2118 2633 .
2145 2598 2284 2646 Insuper

253 2643 462 2692 Confiliariis
475 2645 597 2695 nostris
601 2645 794 2694 supremam
807 2647 951 2684 Curiam
964 2646 1107 2696 nostram
1121 2642 1214 2691 apud
1225 2644 1252 2679 S
1254 2642 1400 2679 edanum
1411 2642 1682 2691 componentibus
1693 2667 1704 2684 ,
1714 2643 1756 2684 ἐν
1774 2643 1928 2680 omnibus
1949 2642 2029 2680 aliis
2045 2643 2261 2693 §Juflitiariis
2270 2672 2285 2692 ‚

248 2692 516 2741 &Officialibus
530 2692 674 2742 nostris,
700 2694 745 2729 ad
760 2706 841 2742 quos
865 2706 905 2731 ea
929 2706 983 2731 res
993 2695 1167 2740 pertinet,
1191 2690 1429 2738 praecipimus,
1454 2699 1623 2741 quatenus
1642 2691 1784 2740 praesens
1804 2689 1951 2740 diploma
1975 2694 2215 2741 conscribant,
2239 2696 2284 2736 ὠ·

248 2751 372 2778 curent
388 2768 397 2782 ,
422 2752 463 2778 ut
484 2743 523 2777 in
543 2742 653 2778 eodem
675 2744 845 2780 contentis
869 2741 951 2778 dieii
982 2741 1204 2788 P.‚Capuciui
1233 2739 1388 2778 Hiberni
1409 2736 1508 2786 plene
1523 2763 1537 2783 ,
1556 2737 1721 2787 pacifice,
1748 2740 1791 2782 &⁶
1811 2739 1975 2788 perpetuo
1997 2749 2147 2777 utantur
2161 2764 2175 2784 ,
2201 2742 2282 2779 nul-

251 2788 384 2837 lamque
394 2792 579 2837 patiantur
590 2789 765 2839 molestiam
778 2815 789 2832 ,
814 2799 877 2828 aut
889 2789 1162 2839 impedimentum
1174 2789 1214 2823 in
1226 2787 1439 2825 contrarium
1457 2799 1467 2823 =
1493 2798 1571 2824 nam
1577 2786 1699 2836 ficstat
1713 2787 1822 2837 nostra
1836 2787 1997 2826 voluntas
2011 2815 2020 2825 .
2046 2787 2135 2827 Non
2149 2789 2277 2839 obstan-

253 2837 348 2874 tibus
363 2837 626 2885 quibuscumque
640 2839 917 2875 ordinationibus
930 2862 943 2881 ,
966 2837 1148 2879 &litteris
1163 2836 1243 2873 huic
1256 2834 1433 2882 diplomati
1454 2837 1643 2872 contrariis
1660 2858 1674 2878 ,
1699 2849 1783 2883 quas
1803 2844 1866 2884 per
1892 2837 2071 2885 praesentes
2097 2838 2279 2885 abrogavi-

252 2896 326 2922 mus
338 2909 352 2928 ‚
377 2885 419 2926 &⁶
431 2886 628 2932 derogamus
637 2910 649 2930 ‚
674 2885 729 2932 ᾤ’,
739 2894 780 2922 ut
792 2885 858 2923 haec
869 2897 922 2923 res
946 2895 970 2922 it
973 2884 1079 2933 firma
1088 2909 1101 2930 ‚
1122 2883 1301 2935 &stabilis
1315 2887 1354 2920 in
1363 2893 1564 2933 perpetuum
1573 2908 1587 2928 ,
1603 2882 1750 2935 sigillum
1765 2884 1911 2940 nostrum
1929 2884 2160 2934 apponendum
2177 2898 2282 2924 cura-

254 2934 370 2969 vimus
386 2945 395 2968 :
415 2931 514 2981 salvo
527 2935 566 2968 in
578 2932 657 2970 aliis
671 2934 772 2970 rebus
780 2933 863 2984 jure
874 2945 915 2970 no
942 2945 980 2970 ro
999 2960 1011 2976 ,
1037 2935 1079 2976 ὼ·
1091 2932 1200 2970 alieno
1214 2933 1253 2968 in
1272 2933 1425 2969 omnibus
1437 2958 1447 2969 .
1616 2936 1618 2938 '
1953 2937 1955 2939 ’

285 3028 320 3081 st
344 2982 476 3067 3125an
499 2982 635 3073 §calgi
654 2981 761 3031 mense
790 2981 1026 3033 Julii,'anno
1048 2980 1176 3032 Christi
1195 2980 1355 3032 millefimo
1373 2981 1611 3032 fincentfimo-
1629 2982 1896 3036 quinquagefimo
1916 2993 2040 3031 quarto
2053 3006 2068 3030 ,
2093 2981 2137 3025 ὁ·
2157 2981 2275 3032 Regni

251 3041 294 3065 no
321 3041 354 3067 rt
391 3041 433 3069 uo
457 3041 559 3069 ecamo
612 3042 642 3068 e.

1842 3128 2105 3182 Ludovicus
2118 3166 2132 3181 .

290 3281 292 3284 ,
340 3247 561 3305 Autem-oph.
576 3248 614 3289 in
629 3245 790 3288 Archivo
810 3248 1005 3290 Provincia
1019 3274 1033 3293 ,ἡ

359 3933 464 3977 Tom-
475 3935 522 3979 Υ.
1328 3941 1368 3982 Ν
1383 3953 1406 3981 n
1437 3952 1459 3980 2
1973 3942 2112 3989 Ax’os
2119 3945 2215 3991 ΤΟ-
