2612 4100
924 233 1557 356 Turonensis.

2074 253 2178 361 8³1

228 375 383 434 Aprilis
419 391 610 422 mnemx.
643 374 905 420 Pontificatt'is
941 380 1063 422 nostri
1090 384 1210 427 Anno
1268 384 1318 426 ad
1355 384 1657 439 AEgrotantium
1683 382 1955 430 Confeffiones
1991 391 2241 444 accipiendas

222 438 369 494 quinto
385 464 398 478 .

216 557 387 610 Autogr.
402 558 448 597 in
475 555 592 597 Arch.
612 557 753 597 secret.
768 557 886 595 Brev.
902 552 1032 612 Apost.
1046 555 1203 612 Regesto

204 629 212 686 ζ
276 626 362 656 men
375 627 422 665 ts,
435 613 484 661 δ’
496 609 810 669 annipraed.fhl.
821 615 883 655 18·

195 770 206 778 θ
221 754 338 767 -
685 754 975 768 ———

214 851 276 900 A’
311 850 544 901 Fratribus
570 851 662 901 loci
699 848 854 901 Sant‘ii
881 850 1064 918 Agnani
1096 869 1203 901 con-

199 925 202 928 ’
283 919 489 970 feffiones
524 921 804 971 Monialiurn
823 918 1016 969 Ordinis
1036 919 1200 971 Cister-

195 1011 198 1013 ·
283 988 436 1038 cienfis
465 992 510 1036 in
525 987 630 1038 casu
657 986 941 1039 Infirmitatis
963 991 1010 1039 in
1038 1007 1196 1043 earum

283 1056 564 1109 Monasterio
581 1056 728 1108 audiri
751 1059 961 1110 concedit
974 1095 988 1109 .

192 1207 198 1215 ’
282 1201 687 1251 CLEMENS
744 1202 958 1252 PAPA
1015 1205 1124 1255 IX.

392 1319 460 1363 Ad
471 1317 664 1378 futuram
679 1321 739 1362 rei
760 1320 983 1363 memoriam
997 1348 1010 1362 .

316 1435 451 1492 Xponi
467 1436 599 1479 Nobis
623 1454 756 1496 nuper
771 1438 956 1482 fecerunt
984 1438 1138 1484 dileetae
1154 1441 1193 1483 in

190 1542 192 1548 y
332 1494 492 1537 Christo
506 1495 614 1538 Filiae
629 1498 830 1548 Moniales
847 1497 1081 1541 Monasterii
1096 1504 1196 1544 San-

207 1557 276 1594 etae
291 1553 424 1595 Mariae
440 1554 686 1609 Angelorum
704 1557 953 1612 nuncupati,
982 1557 1064 1600 loci
1086 1558 1194 1603 de.)

188 1610 486 1667 -Sai'nt'Agnan
500 1640 516 1663 ‚
549 1614 817 1660 Cistercienfis
845 1614 1029 1667 Ordinis,
1044 1618 1196 1660 Bituri-

195 1669 332 1712 ›cenfis
363 1670 558 1714 Dioecefis
584 1701 598 1724 ‚
620 1675 728 1731 quod
746 1702 760 1726 ,
793 1688 884 1716 cum
909 1673 950 1715 in
984 1674 1093 1718 dieto
1127 1675 1190 1717 lo-

184 1741 257 1782 ¹co
281 1742 355 1771 una
386 1739 541 1772 tantum
562 1730 608 1774 fit
636 1733 921 1782 Parochia,·ob
945 1735 1186 1788 penuriam,

189 1787 474 1829 ‘Sacer-dotum
490 1792 649 1831 Fratres
666 1790 834 1832 Ordinis
865 1791 1072 1832 Minorum
1088 1796 1187 1834 San-

204 1842 257 1884 &i
277 1844 470 1886 Francisci
491 1847 795 1898 Capucinorum
823 1855 1185 1899 nuncupatorum..-

190 1900 288 1949 ·illic
302 1901 343 1942 in
360 1901 502 1943 vicinia
518 1900 715 1956 degentes
729 1916 778 1945 ex
793 1902 1044 1958 permiffione
1066 1904 1182 1946 Sedis

201 1958 446 2011 'Apostolicae
480 1961 807 2002 sacramentales
837 1973 1184 2014 quorumcumque

203 2011 535 2056 Christifidelium
550 2014 713 2055 illarum
728 2015 902 2067 partium
919 2014 1183 2055 confeffiones

199 2069 426 2127 promiscue
441 2070 761 2124 audiunt,eisque
777 2068 1025 2124 poenitentiae
1040 2073 1183 2111 Sacra-

188 2136 382 2171 mentum
397 2127 631 2170 ministrant.
649 2130 759 2170 Cum
774 2125 1028 2177 autem2ficut
1043 2127 1184 2171 eadem

196 2185 392 2242 expositio
421 2183 716 2242 subjungebat,
741 2185 936 2242 praedinae
961 2187 1183 2241 Exponen-

191 2252 258 2288 tes
272 2242 366 2286 dieti
382 2244 632 2297 Monasterii,
647 2245 755 2300 quod
775 2243 856 2287 ruri
872 2242 990 2286 snum
1006 2246 1074 2294 est,
1093 2246 1183 2289 Mo-

200 2303 324 2348 niales
338 2331 352 2354 ,
369 2311 413 2345 ut
426 2317 564 2347 earum
581 2302 781 2360 spirituali
796 2302 1079 2355 consolationi,
1099 2306 1180 2348 imo

196 2361 418 2406 necessitati
431 2362 669 2419 consulatur
681 2390 695 2414 ,
713 2362 753 2407 in
765 2360 857 2406 casu
872 2363 1052 2409 mortalis
1072 2363 1181 2407 infir·

196 2421 350 2467 mitatis
366 2419 770 2466 alicuievaratribus
788 2420 1002 2477 maditus,
1017 2436 1090 2478 per
1103 2427 1178 2468 Su-

193 2479 399 2538 periorem
414 2493 553 2522 eorum
579 2478 817 2524 Conventus
834 2481 1041 2535 eligendo,
1057 2480 1183 2524 sacra-

196 2538 432 2582 mentaliter
445 2538 628 2582 confiteri
643 2538 750 2596 posse
777 2539 996 2595 plurimum
1021 2540 1177 2584 defide-

191 2605 285 2641 rent
299 2625 314 2649 ‚
342 2596 471 2641 Nobis
505 2607 719 2654 propterea
736 2599 944 2642 humiliter
961 2597 1177 2655 supplicari

192 2657 379 2700 fecerunt
397 2685 413 2707 ,
428 2665 471 2699 ut
484 2658 553 2700 fibi
580 2659 620 2699 in
637 2657 835 2714 praemissis
851 2658 1077 2713 opportune
1088 2669 1178 2711 pro-

191 2714 332 2758 videre
344 2741 359 2763 2
374 2716 430 2764 δι,
446 2724 490 2758 ut
515 2714 635 2766 infra,
654 2717 868 2770 indulgere
881 2716 933 2758 de
953 2715 1174 2770 benignita-

189 2788 235 2816 re
261 2770 491 2827 Apostolica
506 2774 767 2827 dignaremur
785 2801 798 2813 .
826 2776 913 2814 Nos
937 2772 1058 2825 igitur
1073 2771 1171 2827 ipsas

189 2834 455 2885 Exponentes
475 2831 711 2885 specialibus
726 2833 803 2872 δεσ-
819 2829 1005 2871 volentes
1019 2858 1032 2881 ,
1045 2832 1085 2871 &
1104 2844 1170 2872 ea-

189 2903 279 2932 rum
297 2887 510 2944 fingulares
529 2886 713 2943 personas
732 2891 756 2932 a
776 2887 977 2943 quibusvis
990 2890 1066 2931 &c.
1082 2902 1173 2930 cen·-

190 2947 323 2990 sentes
338 2977 353 2998 ‚
382 2944 605 3003 hujusmodi
624 2946 979 3003 supplicationibus
1009 2947 1174 2989 inclina·

190 3008 222 3048 ti
239 3035 253 3058 ‚
281 3005 332 3048 de
361 3002 667 3048 Venerabilium
698 3008 884 3047 Fratrum
915 3004 1177 3047 nostrorum.)

187 3066 229 3106 S.
245 3067 297 3107 R.
313 3067 358 3106 Ε.
377 3063 660 3107 cardinalium
691 3065 861 3119 negotiis
875 3092 889 3114 ,
918 3064 958 3103 &
973 3063 1176 3106 consulta-

189 3122 365 3167 tionibus
383 3121 673 3178 Episcopotum
688 3152 702 3174 ,
717 3124 757 3164 &
785 3120 1051 3177 Regularium
1081 3136 1177 3177 prae-

187 3180 408 3239 positorum
433 3180 625 3231 consilio,
652 3182 819 3224 attentis
836 3181 1027 3232 narratis,
1042 3195 1087 3223 ac
1101 3196 1174 3223 au-

174 3241 281 3284 dito
314 3254 388 3296 per
415 3240 572 3283 eosdem
605 3240 844 3283 Cardinales
872 3239 1021 3282 dilecto
1052 3240 1174 3288 Filio,

188 3299 460 3341 Procuratore
473 3300 678 3344 Generale
692 3299 787 3341 dini
799 3297 966 3341 Ordinis
983 3301 1171 3341 Fratrum

190 3358 680 3412 Capucinorum,petitam
695 3359 745 3399 ab
761 3357 908 3400 eisdem
926 3358 1175 3411 Exponenti-

188 3413 264 3454 bus
279 3413 508 3458 facultatem
525 3445 538 3467 ,
560 3426 606 3461 ut
623 3419 662 3459 in
678 3416 828 3458 casibus
857 3415 1039 3471 gravibus
1060 3414 1169 3456 infir-

192 3471 343 3520 mitatis
370 3474 540 3530 alicujus
557 3475 743 3518 Monialis
758 3505 771 3527 ‚
798 3474 974 3530 aliquem
1002 3487 1049 3515 ex
1078 3476 1173 3515 Fra-

193 3530 323 3572 tribus
339 3533 558 3588 Capucinis
577 3535 880 3577 Sacramentum
909 3531 1171 3574 Confeffionis

189 3589 230 3631 in
269 3588 379 3630 dicto
409 3590 502 3632 loco
517 3607 607 3634 cum
631 3592 834 3635 Ordinarii
853 3590 1167 3645 approbatione,

188 3649 228 3688 δε
244 3647 492 3702 permiffione
514 3649 743 3705 Apostolica
771 3650 1074 3692 ministrantibus
1087 3675 1100 3697 a
1118 3648 1169 3690 de

187 3704 379 3748 consensu
401 3705 563 3749 illorum
578 3708 817 3751 Conventfis
830 3739 844 3760 ,
868 3711 908 3750 &
939 3707 989 3749 ad
1003 3707 1167 3749 61εᾶῐο-

189 3779 280 3808 nem
309 3764 484 3821 ipsarum
513 3765 805 3819 Exponentium
835 3767 1066 3809 Monasterii
1099 3768 1168 3808 Su-

186 3824 391 3879 periorum
411 3823 628 3880 respeffive
642 3853 655 3877 ‚
678 3825 717 3867 in
736 3825 858 3881 ipsum
877 3825 1163 3868 Monasterium

309 3886 412 3926 Tom.
425 3886 465 3927 V.

1265 454 1358 483 cum
1375 442 1523 487 debitis
1538 455 1672 488 tamen
1686 446 1754 496 ,δι
1776 442 1904 486 solitis
1920 445 2242 501 circumspectio-

1265 496 1411 553 nibus,
1437 503 1477 545 δε
1504 505 1674 547 cautelis
1700 504 1917 556 admittere
1945 503 2108 547 valeant
2130 532 2144 554 ,
2175 523 2240 549 au-

1264 557 1454 603 ctoritate
1467 564 1502 603 A
1507 562 1699 618 postolica
1710 591 1725 614 ‚
1737 571 1878 605 tenore
1893 563 2144 619 praesentium
2169 564 2239 606 be-

1262 616 1385 670 nigne
1398 620 1949 664 concedimus.Decernentes
1968 620 2126 664 easdem
2138 635 2240 676 prae-

1267 672 1399 717 sentes
1426 675 1582 720 litteras
1606 678 1764 732 firmas,
1791 680 1968 729 validas,
1993 682 2034 722 &
2054 679 2239 722 efficaces

1266 732 1435 775 existere
1448 763 1464 785 ,
1483 734 1619 777 &fore
1639 764 1652 787 ,
1668 738 1829 794 suosque
1854 738 2054 795 plenarios
2068 767 2083 790 ,
2106 740 2147 780 δε
2175 739 2238 781 in-

1264 799 1403 846 tegros
1418 792 1575 836 effeetus
1589 792 1753 845 sortiri,
1765 798 1805 838 &
1825 799 2010 841 obtinere
2023 825 2037 848 ‚
2057 810 2105 839 ac
2119 796 2201 839 illis
2218 826 2234 850 ,

1263 849 1314 891 ad
1331 864 1425 904 quas
1439 878 1454 902 ,
1474 853 1514 894 δι
1526 865 1624 907 quos
1648 850 1797 906 spectat
1811 881 1826 903 ,
1854 858 1894 898 δε
1917 870 1993 911 pro
2006 869 2234 910 tempore,

1260 908 1710 965 spestabit,pleniffime
1733 909 1966 967 suffragan-ig,
1997 914 2129 971 ficque
2158 914 2234 958 in„

1259 965 1458 1024 praemiffis
1496 981 1570 1023 per
1595 967 1864 1024 quoscumque
1882 972 2042 1026 Judices
2071 972 2238 1015 ordina-

1258 1027 1341 1068 rios
1354 1052 1368 1074 2
1381 1026 1421 1065 &
1434 1025 1641 1082 delegatos
1656 1027 1774 1068 etiam
1789 1028 1867 1069 διε.
1879 1029 2100 1072 Auditores
2127 1029 2235 1087 judi·

1258 1085 1335 1128 cari
1353 1084 1592 1135 ,&definiri
1606 1084 1778 1134 debere,
1795 1098 1841 1126 ac
1868 1085 2028 1129 irritum
2054 1091 2134 1129 &c.
2168 1096 2235 1130 at-

1259 1143 1434 1197 tentari.
1464 1147 1558 1186 Non
1573 1143 1821 1187 obstantibus
1837 1144 2208 1189 Constitutionibus
2222 1174 2238 1198 ,

1256 1204 1294 1244 &
1317 1201 1655 1244 Ordinationibus
1669 1201 1909 1257 Apostolicis
1922 1232 1938 1253 ,
1965 1218 2023 1254 ac,
2037 1214 2234 1260 quatenus

1254 1275 1353 1317 opus
1371 1259 1435 1311 fit,
1447 1261 1671 1312 Ordinum,
1697 1261 1735 1301 &
1753 1261 1982 1304 Monasterii
2008 1258 2236 1317 hujusmodi

1257 1320 1377 1362 etiam
1392 1321 1468 1362 &c-
1489 1320 1641 1362 statutis
1656 1349 1671 1369 ,
1688 1321 1725 1360 &
1743 1319 2100 1362 consuetudinibus
2115 1346 2129 1369 ‚
2157 1318 2236 1374 pri-

1258 1378 1416 1433 vilegiis
1431 1380 1509 1421 &c-
1524 1378 1721 1420 innovatis
1738 1407 1750 1417 .
1778 1376 1939 1436 Qibus
1958 1377 2145 1419 omnibus
2161 1404 2174 1427 ,
2196 1377 2236 1418 &

1255 1437 1416 1493 singulis
1433 1466 1448 1489 ,
1472 1435 1634 1479 illorum
1660 1446 1823 1478 tenores
1853 1437 1934 1477 &c.
1966 1433 2234 1490 derogamus,

1255 1494 1483 1551 caeterisque
1496 1495 1708 1539 contrariis
1726 1492 2042 1550 quibuscumque
2063 1524 2074 1535 .

1365 1555 1516 1597 Datum
1545 1555 1680 1597 Romae
1705 1553 1809 1608 apud
1843 1555 2028 1594 Sanctam
2060 1552 2230 1594 Mariam

1254 1613 1451 1669 Maiorem
1478 1614 1550 1657 sub
1575 1611 1740 1656 Annulo
1765 1612 1978 1653 Piscatoris
2003 1612 2150 1654 diexr.
2174 1613 2232 1652 0-

1251 1674 1404 1716 &obris
1425 1685 1674 1717 mocrxvu.
1699 1668 1962 1715 Pontificatfis
1988 1669 2112 1713 nostri
2145 1671 2231 1719 Am

1248 1747 1302 1775 no
1325 1733 1486 1788 primo.

1305 1845 1554 1899 Autograph.
1572 1849 1613 1886 in
1635 1844 1805 1886 Arcbivo
1833 1847 1977 1884 secret.
1999 1844 2231 1885 Brevium...

1340 1900 1668 2014 r*bifolsiiocgirorum
1690 1899 1821 1955 mensis
1834 1923 1851 1950 ·,
1867 1900 1920 1948 ὠ·
1935 1904 2031 1943 anni
2041 1898 2227 1983 predii?-

1243 2089 1358 2107 -ῴ
1999 2089 2229 2111 --ιιιι---ᾳι4

1374 2185 1492 2229 SAC.
1525 2187 1643 2228 RIT.
1674 2186 2103 2231 CONGREGATIO

1242 2303 1323 2355 Ad
1339 2304 1606 2354 relationem
1622 2304 1865 2362 mortis,0b
1881 2305 2040 2355 Fidem
2057 2304 2232 2355 Cathoss

1312 2377 1450 2425 licam
1479 2374 1639 2423 Servis
1671 2375 1758 2422 Dei
1787 2377 1881 2423 FF.
1901 2377 2226 2443 Agathangelo-

1312 2441 1638 2495 Vindocinenfi
1666 2477 1682 2498 ‚
1727 2441 1775 2493 ὅ(
1801 2442 2018 2492 Cassiano
2045 2448 2225 2492 Nanne-

1312 2512 1425 2563 tenfi
1442 2511 1734 2563 Miffionariis
1754 2514 1800 2560 in
1814 2511 2043 2577 AEthiopia
2071 2516 2222 2577 illatae,

1310 2602 1417 2633 cum
1433 2587 1776 2634 D·Pr0motore
1794 2578 2060 2649 respondet.
2147 2639 2150 2642 y
2172 2618 2174 2621 v
2208 2591 2213 2595 ’

1293 2711 1451 2754 Ordinis
1479 2707 1762 2766 capucinorum
1788 2737 1802 2758 a
1828 2709 1904 2767 stu
1936 2710 2164 2751 Galliarum

1234 2770 1438 2812 Servorum
1454 2773 1532 2811 Dei
1555 2768 1695 2825 aſserti
1708 2772 1902 2821 Martyria·
1929 2767 2219 2822 Agathangeli‚

1343 2827 1396 2877 &¹
1426 2827 1604 2886 Cafflani,
1622 2827 1778 2869 Ordinis
1795 2830 2076 2880 Capacinorum
2089 2852 2101 2864 .

1359 2943 1522 3000 Cceptis
1546 2943 1586 2984 &
1599 2942 1784 2996 perlectis
1813 2937 2072 2982 relationibus
2088 2939 2107 2980 εἰ
2123 2940 2210 2981 Sac.

1235 2947 1353 3056 A
1388 3000 1715 3056 Congregatione
1744 2998 1798 3039 de
1827 2996 2083 3052 propaganda
2110 2997 2210 3038 Fide

1237 3061 1373 3101 habita
1389 3060 1455 3103 die
1489 3073 1550 3110 17·
1570 3056 1776 3100 Februarii
1798 3056 1911 3109 1648.
1942 3068 2077 3097 coram
2109 3055 2210 3096 San-

1235 3118 1397 3161 fliffimo
1421 3147 1434 3170 ‚
1461 3120 1496 3159 &
1526 3116 1578 3158 de
1605 3116 1750 3159 ordine
1787 3115 2017 3156 Sanctitatis
2045 3113 2130 3153 Suae
2157 3113 2210 3156 ad

1236 3179 1337 3219 hanc
1352 3182 1438 3220 Sac.
1456 3175 1540 3218 Rit.
1556 3173 1932 3230 Congregationem
1962 3170 2127 3214 remiffis
2146 3171 2206 3211 su-

1235 3251 1306 3292 per
1334 3244 1462 3277 morte
1485 3234 1536 3274 ob
1562 3232 1700 3275 Fidem
1723 3230 1980 3274 catholicam
1997 3230 2035 3272 in
2056 3229 2208 3271 AEthio-

1233 3296 1297 3351 pia
1325 3293 1418 3351 juffu
1444 3291 1571 3346 Regis
1591 3290 1792 3335 violenter
1818 3289 1930 3331 illata
1955 3287 2113 3330 duobus
2134 3290 2207 3329 Pa·

1233 3353 1357 3396 tribus
1373 3349 1696 3405 Capncinis28ac.
1706 3346 2043 3403 Congregationis
2056 3343 2208 3386 Mimo-

1232 3412 1374 3458 nariis‚
1403 3409 1552 3452 scilicet
1577 3411 1619 3454 P.
1644 3407 1929 3462 Agathangclo
1958 3405 2010 3446 de
2038 3402 2206 3444 vendo-

1230 3471 1309 3513 sme
1325 3500 1338 3522 ,
1362 3471 1399 3510 &
1429 3471 1475 3511 P.
1490 3465 1675 3509 Caffiano
1700 3465 1752 3508 de
1779 3468 1934 3508 Nautes
1950 3461 2080 3505 Gallis
2096 3487 2110 3508 ,
2141 3474 2204 3501 ea-

1230 3531 1320 3572 dem
1337 3529 1425 3569 Sac.
1437 3523 1715 3580 congregatio
1729 3522 1929 3579 respondit
1946 3534 2034 3574 cum
2061 3518 2202 3559 Domi·

1229 3603 1282 3630 no
1307 3591 1573 3631 promotore.

1344 3648 1431 3687 Hac
1453 3643 1518 3686 die
1532 3640 1704 3697 20.Julii
1737 3640 1858 3694 1669.

1230 3760 1470 3818 Autograph.
1497 3759 1538 3801 in
1564 3757 1685 3802 Arch.
1713 3757 1854 3798 Secret.
1886 3751 2210 3809 Congreg.mens.''

1281 3823 1328 3871 ζῇ·
1343 3824 1436 3862 anni
1449 3819 1575 3873 praed.
1579 3816 1656 3876 fol.
1669 3814 1696 3854 6
1702 3825 1738 3863 ς-

1622 3876 1655 3917 L
1686 3885 1707 3912 2
1969 3870 2125 3913 NOTA
2138 3897 2150 3909 .
