<?xml version="1.0" encoding="UTF-8"?>
<!DOCTYPE html PUBLIC "-//W3C//DTD XHTML 1.0 Transitional//EN"
    "http://www.w3.org/TR/xhtml1/DTD/xhtml1-transitional.dtd">
<html xmlns="http://www.w3.org/1999/xhtml" xml:lang="en" lang="en">
 <head>
  <title>
</title>
<meta http-equiv="Content-Type" content="text/html;charset=utf-8" />
  <meta name='ocr-system' content='tesseract 3.04.00' />
  <meta name='ocr-capabilities' content='ocr_page ocr_carea ocr_par ocr_line ocrx_word'/>
</head>
<body>
  <div class='ocr_page' id='page_1' title='image "./bullariumordinis05cath_0245.png"; bbox 0 0 2592 4094; ppageno 0'>
   <div class='ocr_carea' id='block_1_1' title="bbox 997 242 1543 361">
    <p class='ocr_par' dir='ltr' id='par_1_1' title="bbox 997 242 1543 361">
     <span class='ocr_line' id='line_1_1' title="bbox 997 242 1543 361; baseline 0.015 -33"><span class='ocrx_word' id='word_1_1' title='bbox 997 242 1543 361; x_wconf 80' lang='lat' dir='ltr'>Tolosana.</span> 
     </span>
    </p>
   </div>
   <div class='ocr_carea' id='block_1_2' title="bbox 243 376 1225 1118">
    <p class='ocr_par' dir='ltr' id='par_1_2' title="bbox 247 376 1225 904">
     <span class='ocr_line' id='line_1_2' title="bbox 253 376 1225 439; baseline 0.007 -19"><span class='ocrx_word' id='word_1_2' title='bbox 253 378 304 420; x_wconf 78' lang='lat' dir='ltr'>tis</span> <span class='ocrx_word' id='word_1_3' title='bbox 321 404 334 427; x_wconf 86' lang='lat'>,</span> <span class='ocrx_word' id='word_1_4' title='bbox 347 376 498 419; x_wconf 76' lang='lat' dir='ltr'>statutis</span> <span class='ocrx_word' id='word_1_5' title='bbox 514 405 528 429; x_wconf 87' lang='lat'><strong>,</strong></span> <span class='ocrx_word' id='word_1_6' title='bbox 540 379 581 420; x_wconf 83' lang='lat'>&amp;</span> <span class='ocrx_word' id='word_1_7' title='bbox 595 379 951 425; x_wconf 87' lang='lat' dir='ltr'>consuetudinibus</span> <span class='ocrx_word' id='word_1_8' title='bbox 963 409 978 432; x_wconf 82' lang='lat'>‚</span> <span class='ocrx_word' id='word_1_9' title='bbox 1004 386 1225 439; x_wconf 86' lang='lat' dir='ltr'>privilegiis</span> 
     </span>
     <span class='ocr_line' id='line_1_3' title="bbox 252 435 1222 496; baseline 0.01 -20"><span class='ocrx_word' id='word_1_10' title='bbox 252 448 413 491; x_wconf 87' lang='lat' dir='ltr'>quoque</span> <span class='ocrx_word' id='word_1_11' title='bbox 443 435 634 490; x_wconf 87' lang='lat' dir='ltr'>indultis,</span> <span class='ocrx_word' id='word_1_12' title='bbox 658 442 697 481; x_wconf 68' lang='grc' dir='ltr'>ὃς</span> <span class='ocrx_word' id='word_1_13' title='bbox 722 440 871 483; x_wconf 89' lang='lat' dir='ltr'>litteris</span> <span class='ocrx_word' id='word_1_14' title='bbox 888 440 1128 496; x_wconf 83' lang='lat' dir='ltr'>Apostolicis</span> <span class='ocrx_word' id='word_1_15' title='bbox 1153 445 1222 486; x_wconf 70' lang='lat' dir='ltr'>iit-1</span> 
     </span>
     <span class='ocr_line' id='line_1_4' title="bbox 251 493 1223 553; baseline 0.007 -19"><span class='ocrx_word' id='word_1_16' title='bbox 251 493 501 538; x_wconf 82' lang='lat' dir='ltr'>contrarium</span> <span class='ocrx_word' id='word_1_17' title='bbox 514 496 793 550; x_wconf 82' lang='lat' dir='ltr'>praemifforum</span> <span class='ocrx_word' id='word_1_18' title='bbox 807 501 1118 553; x_wconf 71' lang='lat' dir='ltr'>quomodolibet</span> <span class='ocrx_word' id='word_1_19' title='bbox 1129 514 1223 542; x_wconf 90' lang='lat' dir='ltr'>con-</span> 
     </span>
     <span class='ocr_line' id='line_1_5' title="bbox 250 550 1222 610; baseline 0.004 -16"><span class='ocrx_word' id='word_1_20' title='bbox 250 550 361 595; x_wconf 77' lang='lat' dir='ltr'>ccffis</span> <span class='ocrx_word' id='word_1_21' title='bbox 373 581 388 605; x_wconf 85' lang='lat'>‚</span> <span class='ocrx_word' id='word_1_22' title='bbox 402 552 647 598; x_wconf 79' lang='lat' dir='ltr'>confirmatis</span> <span class='ocrx_word' id='word_1_23' title='bbox 661 582 677 605; x_wconf 80' lang='lat'><strong>,</strong></span> <span class='ocrx_word' id='word_1_24' title='bbox 691 558 732 599; x_wconf 79' lang='grc' dir='ltr'>δι</span> <span class='ocrx_word' id='word_1_25' title='bbox 745 557 962 608; x_wconf 83' lang='lat' dir='ltr'>innovatis,</span> <span class='ocrx_word' id='word_1_26' title='bbox 977 558 1121 610; x_wconf 88' lang='lat' dir='ltr'>quibus</span> <span class='ocrx_word' id='word_1_27' title='bbox 1135 571 1222 599; x_wconf 83' lang='lat' dir='ltr'>om·</span> 
     </span>
     <span class='ocr_line' id='line_1_6' title="bbox 249 611 1220 670; baseline 0.004 -16"><span class='ocrx_word' id='word_1_28' title='bbox 249 611 366 655; x_wconf 84' lang='lat' dir='ltr'>nibus</span> <span class='ocrx_word' id='word_1_29' title='bbox 391 641 408 663; x_wconf 88' lang='lat'><strong>,</strong></span> <span class='ocrx_word' id='word_1_30' title='bbox 437 614 478 655; x_wconf 89' lang='lat'>&amp;</span> <span class='ocrx_word' id='word_1_31' title='bbox 503 611 664 668; x_wconf 78' lang='lat' dir='ltr'>lingulis</span> <span class='ocrx_word' id='word_1_32' title='bbox 693 615 856 657; x_wconf 88' lang='lat' dir='ltr'>illorum</span> <span class='ocrx_word' id='word_1_33' title='bbox 888 626 1050 658; x_wconf 84' lang='lat' dir='ltr'>tenores</span> <span class='ocrx_word' id='word_1_34' title='bbox 1080 644 1094 666; x_wconf 89' lang='lat'>.,</span> <span class='ocrx_word' id='word_1_35' title='bbox 1120 629 1220 670; x_wconf 85' lang='lat' dir='ltr'>prae-</span> 
     </span>
     <span class='ocr_line' id='line_1_7' title="bbox 248 668 1222 728; baseline 0.003 -16"><span class='ocrx_word' id='word_1_36' title='bbox 248 668 425 715; x_wconf 80' lang='lat' dir='ltr'>sentibus</span> <span class='ocrx_word' id='word_1_37' title='bbox 451 683 527 725; x_wconf 88' lang='lat' dir='ltr'>pro</span> <span class='ocrx_word' id='word_1_38' title='bbox 553 672 798 716; x_wconf 86' lang='lat' dir='ltr'>sufficienter</span> <span class='ocrx_word' id='word_1_39' title='bbox 811 673 1000 728; x_wconf 76' lang='lat' dir='ltr'>expreffis</span> <span class='ocrx_word' id='word_1_40' title='bbox 1027 675 1222 716; x_wconf 85' lang='lat' dir='ltr'>habentes</span> 
     </span>
     <span class='ocr_line' id='line_1_8' title="bbox 249 726 1218 788; baseline 0.006 -19"><span class='ocrx_word' id='word_1_41' title='bbox 249 726 331 779; x_wconf 80' lang='lat' dir='ltr'>illis</span> <span class='ocrx_word' id='word_1_42' title='bbox 358 727 456 769; x_wconf 73' lang='lat' dir='ltr'>aliis</span> <span class='ocrx_word' id='word_1_43' title='bbox 482 727 521 769; x_wconf 88' lang='lat' dir='ltr'>in</span> <span class='ocrx_word' id='word_1_44' title='bbox 547 729 616 772; x_wconf 77' lang='lat' dir='ltr'>fiio</span> <span class='ocrx_word' id='word_1_45' title='bbox 644 733 793 779; x_wconf 86' lang='lat' dir='ltr'>robore</span> <span class='ocrx_word' id='word_1_46' title='bbox 818 732 1081 788; x_wconf 76' lang='lat' dir='ltr'>permansuris</span> <span class='ocrx_word' id='word_1_47' title='bbox 1104 761 1119 783; x_wconf 88' lang='lat'>‚</span> <span class='ocrx_word' id='word_1_48' title='bbox 1147 735 1218 775; x_wconf 86' lang='lat' dir='ltr'>hac</span> 
     </span>
     <span class='ocr_line' id='line_1_9' title="bbox 249 784 1218 846; baseline 0.007 -19"><span class='ocrx_word' id='word_1_49' title='bbox 249 785 338 846; x_wconf 77' lang='lat' dir='ltr'>vjce</span> <span class='ocrx_word' id='word_1_50' title='bbox 350 784 560 829; x_wconf 79' lang='lat' dir='ltr'>dumtaxat</span> <span class='ocrx_word' id='word_1_51' title='bbox 577 787 803 844; x_wconf 78' lang='lat' dir='ltr'>specialiter</span> <span class='ocrx_word' id='word_1_52' title='bbox 814 819 829 843; x_wconf 85' lang='lat'>,</span> <span class='ocrx_word' id='word_1_53' title='bbox 848 792 886 832; x_wconf 77' lang='grc' dir='ltr'>δι</span> <span class='ocrx_word' id='word_1_54' title='bbox 901 790 1082 845; x_wconf 71' lang='lat' dir='ltr'>expresse</span> <span class='ocrx_word' id='word_1_55' title='bbox 1096 790 1218 834; x_wconf 90' lang='lat' dir='ltr'>dero-</span> 
     </span>
     <span class='ocr_line' id='line_1_10' title="bbox 247 845 1218 904; baseline 0.003 -18"><span class='ocrx_word' id='word_1_56' title='bbox 247 857 400 900; x_wconf 79' lang='lat' dir='ltr'>gamus,</span> <span class='ocrx_word' id='word_1_57' title='bbox 417 845 647 902; x_wconf 69' lang='lat' dir='ltr'>caterisque</span> <span class='ocrx_word' id='word_1_58' title='bbox 663 851 877 892; x_wconf 74' lang='lat' dir='ltr'>contrariis</span> <span class='ocrx_word' id='word_1_59' title='bbox 890 849 1218 904; x_wconf 90' lang='lat' dir='ltr'>quibuscumque.</span> 
     </span>
    </p>

    <p class='ocr_par' dir='ltr' id='par_1_3' title="bbox 243 903 1217 1118">
     <span class='ocr_line' id='line_1_11' title="bbox 362 903 1217 962; baseline 0.005 -18"><span class='ocrx_word' id='word_1_60' title='bbox 362 905 514 952; x_wconf 80' lang='lat' dir='ltr'>Datum</span> <span class='ocrx_word' id='word_1_61' title='bbox 539 903 676 947; x_wconf 81' lang='lat' dir='ltr'>Romae</span> <span class='ocrx_word' id='word_1_62' title='bbox 708 909 814 962; x_wconf 85' lang='lat' dir='ltr'>apud</span> <span class='ocrx_word' id='word_1_63' title='bbox 845 909 1026 950; x_wconf 65' lang='lat' dir='ltr'>sanciam</span> <span class='ocrx_word' id='word_1_64' title='bbox 1051 908 1217 948; x_wconf 81' lang='lat' dir='ltr'>Mariam</span> 
     </span>
     <span class='ocr_line' id='line_1_12' title="bbox 247 960 1215 1017; baseline -0.001 -14"><span class='ocrx_word' id='word_1_65' title='bbox 247 960 448 1017; x_wconf 80' lang='lat' dir='ltr'>Majorem</span> <span class='ocrx_word' id='word_1_66' title='bbox 461 960 530 1000; x_wconf 90' lang='lat' dir='ltr'>sub</span> <span class='ocrx_word' id='word_1_67' title='bbox 543 961 709 1004; x_wconf 83' lang='lat' dir='ltr'>Annulo</span> <span class='ocrx_word' id='word_1_68' title='bbox 732 963 948 1006; x_wconf 79' lang='lat' dir='ltr'>Piscatoris</span> <span class='ocrx_word' id='word_1_69' title='bbox 972 963 1038 1006; x_wconf 88' lang='lat' dir='ltr'>die</span> <span class='ocrx_word' id='word_1_70' title='bbox 1065 979 1139 1012; x_wconf 77' lang='lat' dir='ltr'>xxi</span> <span class='ocrx_word' id='word_1_71' title='bbox 1155 979 1167 1005; x_wconf 90' lang='lat'>1</span> <span class='ocrx_word' id='word_1_72' title='bbox 1183 978 1215 1006; x_wconf 89' lang='lat'>1.</span> 
     </span>
     <span class='ocr_line' id='line_1_13' title="bbox 243 1018 1215 1073; baseline 0.006 -15"><span class='ocrx_word' id='word_1_73' title='bbox 243 1018 490 1073; x_wconf 79' lang='lat' dir='ltr'>Septembris</span> <span class='ocrx_word' id='word_1_74' title='bbox 517 1031 763 1062; x_wconf 84' lang='lat' dir='ltr'>Mocxxxtt.</span> <span class='ocrx_word' id='word_1_75' title='bbox 799 1019 1067 1066; x_wconf 70' lang='lat' dir='ltr'>pontificatus</span> <span class='ocrx_word' id='word_1_76' title='bbox 1097 1022 1215 1065; x_wconf 88' lang='lat' dir='ltr'>nostri</span> 
     </span>
     <span class='ocr_line' id='line_1_14' title="bbox 245 1074 565 1118; baseline -0.003 -1"><span class='ocrx_word' id='word_1_77' title='bbox 245 1089 351 1118; x_wconf 83' lang='lat' dir='ltr'>anno</span> <span class='ocrx_word' id='word_1_78' title='bbox 377 1074 565 1117; x_wconf 83' lang='lat' dir='ltr'>decimo.</span> 
     </span>
    </p>
   </div>
   <div class='ocr_carea' id='block_1_3' title="bbox 300 1192 1218 1354">
    <p class='ocr_par' dir='ltr' id='par_1_4' title="bbox 300 1192 1218 1354">
     <span class='ocr_line' id='line_1_15' title="bbox 300 1192 1218 1252; baseline 0.007 -20"><span class='ocrx_word' id='word_1_79' title='bbox 300 1193 508 1245; x_wconf 77' lang='lat' dir='ltr'>Exemplar</span> <span class='ocrx_word' id='word_1_80' title='bbox 525 1192 747 1252; x_wconf 69' lang='lat' dir='ltr'>imprffam</span> <span class='ocrx_word' id='word_1_81' title='bbox 760 1223 775 1247; x_wconf 81' lang='lat'>‚</span> <span class='ocrx_word' id='word_1_82' title='bbox 807 1194 856 1243; x_wconf 65' lang='lat'>19·</span> <span class='ocrx_word' id='word_1_83' title='bbox 881 1197 1145 1239; x_wconf 73' lang='lat' dir='ltr'>authenticum</span> <span class='ocrx_word' id='word_1_84' title='bbox 1175 1197 1218 1238; x_wconf 75' lang='lat' dir='ltr'>in</span> 
     </span>
     <span class='ocr_line' id='line_1_16' title="bbox 354 1250 1216 1300; baseline 0.007 -10"><span class='ocrx_word' id='word_1_85' title='bbox 354 1250 526 1294; x_wconf 77' lang='lat' dir='ltr'>Arctho</span> <span class='ocrx_word' id='word_1_86' title='bbox 541 1253 727 1295; x_wconf 81' lang='lat' dir='ltr'>Generali</span> <span class='ocrx_word' id='word_1_87' title='bbox 739 1251 895 1298; x_wconf 80' lang='lat' dir='ltr'>Ordinis</span> <span class='ocrx_word' id='word_1_88' title='bbox 912 1259 1100 1300; x_wconf 80' lang='lat' dir='ltr'>Armario</span> <span class='ocrx_word' id='word_1_89' title='bbox 1115 1256 1216 1296; x_wconf 84' lang='lat' dir='ltr'>Pro-</span> 
     </span>
     <span class='ocr_line' id='line_1_17' title="bbox 356 1307 730 1354; baseline 0.016 -5"><span class='ocrx_word' id='word_1_90' title='bbox 356 1307 486 1352; x_wconf 78' lang='lat' dir='ltr'>vincia</span> <span class='ocrx_word' id='word_1_91' title='bbox 507 1308 704 1354; x_wconf 82' lang='lat' dir='ltr'>Tolosana</span> <span class='ocrx_word' id='word_1_92' title='bbox 717 1340 730 1353; x_wconf 88' lang='lat'><strong><em>.</em></strong></span> 
     </span>
    </p>
   </div>
   <div class='ocr_carea' id='block_1_4' title="bbox 238 1448 468 1463">
    <p class='ocr_par' dir='ltr' id='par_1_5' title="bbox 238 1448 468 1463">
     <span class='ocr_line' id='line_1_18' title="bbox 238 1448 468 1463; baseline 0 0"><span class='ocrx_word' id='word_1_93' title='bbox 238 1448 468 1463; x_wconf 95' lang='lat' dir='ltr'> </span> 
     </span>
    </p>
   </div>
   <div class='ocr_carea' id='block_1_5' title="bbox 987 1452 1216 1466">
    <p class='ocr_par' dir='ltr' id='par_1_6' title="bbox 987 1452 1216 1466">
     <span class='ocr_line' id='line_1_19' title="bbox 987 1452 1216 1466; baseline 0 0"><span class='ocrx_word' id='word_1_94' title='bbox 987 1452 1216 1466; x_wconf 95' lang='lat' dir='ltr'> </span> 
     </span>
    </p>
   </div>
   <div class='ocr_carea' id='block_1_6' title="bbox 469 1449 986 1471">
    <p class='ocr_par' dir='ltr' id='par_1_7' title="bbox 469 1449 986 1471">
     <span class='ocr_line' id='line_1_20' title="bbox 469 1449 986 1471; baseline 0 2623"><span class='ocrx_word' id='word_1_95' title='bbox 469 1449 986 1471; x_wconf 95' lang='lat' dir='ltr'> </span> 
     </span>
    </p>
   </div>
   <div class='ocr_carea' id='block_1_7' title="bbox 239 1546 1220 1670">
    <p class='ocr_par' dir='ltr' id='par_1_8' title="bbox 239 1546 1220 1670">
     <span class='ocr_line' id='line_1_21' title="bbox 239 1546 1219 1615; baseline 0 -21"><span class='ocrx_word' id='word_1_96' title='bbox 239 1546 444 1597; x_wconf 85' lang='lat' dir='ltr'>Hortum</span> <span class='ocrx_word' id='word_1_97' title='bbox 490 1546 664 1593; x_wconf 87' lang='lat' dir='ltr'>Domui</span> <span class='ocrx_word' id='word_1_98' title='bbox 717 1550 928 1596; x_wconf 81' lang='lat' dir='ltr'>Fratrum</span> <span class='ocrx_word' id='word_1_99' title='bbox 967 1547 1219 1615; x_wconf 84' lang='lat' dir='ltr'>Perpiniani</span> 
     </span>
     <span class='ocr_line' id='line_1_22' title="bbox 259 1610 1220 1670; baseline 0.005 -10"><span class='ocrx_word' id='word_1_100' title='bbox 259 1639 264 1643; x_wconf 91' lang='lat'><strong>·</strong></span> <span class='ocrx_word' id='word_1_101' title='bbox 305 1610 525 1661; x_wconf 84' lang='lat' dir='ltr'>confinem</span> <span class='ocrx_word' id='word_1_102' title='bbox 543 1630 852 1670; x_wconf 86' lang='lat' dir='ltr'>,commutata</span> <span class='ocrx_word' id='word_1_103' title='bbox 870 1616 1116 1667; x_wconf 86' lang='lat' dir='ltr'>Testatoris</span> <span class='ocrx_word' id='word_1_104' title='bbox 1141 1633 1220 1665; x_wconf 90' lang='lat' dir='ltr'>vo-</span> 
     </span>
    </p>
   </div>
   <div class='ocr_carea' id='block_1_8' title="bbox 309 1681 1216 1754">
    <p class='ocr_par' dir='ltr' id='par_1_9' title="bbox 309 1681 1216 1754">
     <span class='ocr_line' id='line_1_23' title="bbox 309 1681 1216 1754; baseline 0.004 -24"><span class='ocrx_word' id='word_1_105' title='bbox 309 1683 481 1731; x_wconf 86' lang='lat' dir='ltr'>luntate</span> <span class='ocrx_word' id='word_1_106' title='bbox 500 1717 514 1739; x_wconf 91' lang='lat'><em>‚</em></span> <span class='ocrx_word' id='word_1_107' title='bbox 551 1681 707 1734; x_wconf 85' lang='lat' dir='ltr'>iisdem</span> <span class='ocrx_word' id='word_1_108' title='bbox 726 1688 956 1736; x_wconf 83' lang='lat' dir='ltr'>Fratribus</span> <span class='ocrx_word' id='word_1_109' title='bbox 973 1687 1216 1754; x_wconf 82' lang='lat' dir='ltr'>applicari,</span> 
     </span>
    </p>
   </div>
   <div class='ocr_carea' id='block_1_9' title="bbox 307 1750 1213 1869">
    <p class='ocr_par' dir='ltr' id='par_1_10' title="bbox 307 1750 1213 1869">
     <span class='ocr_line' id='line_1_24' title="bbox 307 1750 1213 1830; baseline 0 -27"><span class='ocrx_word' id='word_1_110' title='bbox 307 1750 356 1803; x_wconf 72' lang='grc' dir='ltr'>ὃῑ</span> <span class='ocrx_word' id='word_1_111' title='bbox 373 1750 429 1801; x_wconf 89' lang='lat' dir='ltr'>ab</span> <span class='ocrx_word' id='word_1_112' title='bbox 442 1752 510 1830; x_wconf 70' lang='lat' dir='ltr'>his</span> <span class='ocrx_word' id='word_1_113' title='bbox 526 1754 655 1830; x_wconf 72' lang='lat' dir='ltr'>mille</span> <span class='ocrx_word' id='word_1_114' title='bbox 673 1754 827 1807; x_wconf 82' lang='lat' dir='ltr'>Miss&#39;as</span> <span class='ocrx_word' id='word_1_115' title='bbox 844 1754 980 1806; x_wconf 85' lang='lat' dir='ltr'>semel</span> <span class='ocrx_word' id='word_1_116' title='bbox 996 1755 1213 1821; x_wconf 78' lang='lat' dir='ltr'>celebrari</span> 
     </span>
     <span class='ocr_line' id='line_1_25' title="bbox 307 1833 585 1869; baseline 0.004 -1"><span class='ocrx_word' id='word_1_117' title='bbox 307 1833 560 1869; x_wconf 70' lang='lat' dir='ltr'>committit</span> <span class='ocrx_word' id='word_1_118' title='bbox 571 1855 585 1869; x_wconf 73' lang='grc' dir='ltr'><strong>ο</strong></span> 
     </span>
    </p>
   </div>
   <div class='ocr_carea' id='block_1_10' title="bbox 256 1948 1195 2005">
    <p class='ocr_par' dir='ltr' id='par_1_11' title="bbox 256 1948 1195 2005">
     <span class='ocr_line' id='line_1_26' title="bbox 256 1948 1195 2005; baseline -0.003 -2"><span class='ocrx_word' id='word_1_119' title='bbox 256 1948 675 2003; x_wconf 90' lang='lat' dir='ltr'>URBANUS</span> <span class='ocrx_word' id='word_1_120' title='bbox 718 1952 1195 2005; x_wconf 85' lang='lat' dir='ltr'>EPISCOPUS</span> 
     </span>
    </p>
   </div>
   <div class='ocr_carea' id='block_1_11' title="bbox 433 2064 1008 2105">
    <p class='ocr_par' dir='ltr' id='par_1_12' title="bbox 433 2064 1008 2105">
     <span class='ocr_line' id='line_1_27' title="bbox 433 2064 1008 2105; baseline 0.005 -4"><span class='ocrx_word' id='word_1_121' title='bbox 433 2064 607 2105; x_wconf 75' lang='lat' dir='ltr'>Snitvus</span> <span class='ocrx_word' id='word_1_122' title='bbox 641 2064 723 2103; x_wconf 70' lang='lat' dir='ltr'>Seu</span> <span class='ocrx_word' id='word_1_123' title='bbox 735 2077 892 2105; x_wconf 72' lang='lat' dir='ltr'>vonum</span> <span class='ocrx_word' id='word_1_124' title='bbox 925 2067 1008 2104; x_wconf 77' lang='lat' dir='ltr'>Det</span> 
     </span>
    </p>
   </div>
   <div class='ocr_carea' id='block_1_12' title="bbox 249 2150 1183 2232">
    <p class='ocr_par' dir='ltr' id='par_1_13' title="bbox 249 2150 1183 2232">
     <span class='ocr_line' id='line_1_28' title="bbox 249 2150 1183 2232; baseline 0 -15"><span class='ocrx_word' id='word_1_125' title='bbox 249 2150 414 2223; x_wconf 58' lang='lat' dir='ltr'>[nili-no</span> <span class='ocrx_word' id='word_1_126' title='bbox 439 2176 543 2227; x_wconf 68' lang='lat' dir='ltr'>Filio</span> <span class='ocrx_word' id='word_1_127' title='bbox 567 2203 583 2226; x_wconf 84' lang='lat'>‚</span> <span class='ocrx_word' id='word_1_128' title='bbox 634 2175 849 2218; x_wconf 79' lang='lat' dir='ltr'>Venerabili</span> <span class='ocrx_word' id='word_1_129' title='bbox 876 2178 1020 2219; x_wconf 73' lang='lat' dir='ltr'>Fratri</span> <span class='ocrx_word' id='word_1_130' title='bbox 1058 2174 1183 2232; x_wconf 84' lang='lat' dir='ltr'>nostro</span> 
     </span>
    </p>
   </div>
   <div class='ocr_carea' id='block_1_13' title="bbox 344 2233 1095 2348">
    <p class='ocr_par' dir='ltr' id='par_1_14' title="bbox 344 2233 1095 2348">
     <span class='ocr_line' id='line_1_29' title="bbox 344 2233 1095 2293; baseline -0.008 -14"><span class='ocrx_word' id='word_1_131' title='bbox 344 2234 522 2293; x_wconf 81' lang='lat' dir='ltr'>Epifiopo</span> <span class='ocrx_word' id='word_1_132' title='bbox 564 2233 738 2289; x_wconf 75' lang='lat' dir='ltr'>Elenenfi&#39;</span> <span class='ocrx_word' id='word_1_133' title='bbox 775 2236 939 2283; x_wconf 59' lang='lat' dir='ltr'>salutem</span> <span class='ocrx_word' id='word_1_134' title='bbox 986 2263 1002 2284; x_wconf 90' lang='lat'>‚</span> <span class='ocrx_word' id='word_1_135' title='bbox 1046 2235 1095 2281; x_wconf 61' lang='grc' dir='ltr'>δ’</span> 
     </span>
     <span class='ocr_line' id='line_1_30' title="bbox 414 2292 1021 2348; baseline -0.005 -13"><span class='ocrx_word' id='word_1_136' title='bbox 414 2292 665 2348; x_wconf 81' lang='lat' dir='ltr'>Apostoli-cam</span> <span class='ocrx_word' id='word_1_137' title='bbox 694 2292 996 2334; x_wconf 63' lang='lat' dir='ltr'>Benedaemonem</span> <span class='ocrx_word' id='word_1_138' title='bbox 1009 2319 1021 2333; x_wconf 87' lang='lat'>.</span> 
     </span>
    </p>
   </div>
   <div class='ocr_carea' id='block_1_14' title="bbox 226 2405 1218 3739">
    <p class='ocr_par' dir='ltr' id='par_1_15' title="bbox 226 2405 1218 3739">
     <span class='ocr_line' id='line_1_31' title="bbox 271 2405 1210 2463; baseline 0 -13"><span class='ocrx_word' id='word_1_139' title='bbox 271 2450 274 2454; x_wconf 19' lang='lat' dir='ltr'><em>A</em></span> <span class='ocrx_word' id='word_1_140' title='bbox 364 2406 521 2450; x_wconf 86' lang='lat' dir='ltr'>Onestis</span> <span class='ocrx_word' id='word_1_141' title='bbox 540 2405 879 2450; x_wconf 86' lang='lat' dir='ltr'>Christifidelium</span> <span class='ocrx_word' id='word_1_142' title='bbox 907 2407 1210 2463; x_wconf 80' lang='lat' dir='ltr'>quorumlibet,</span> 
     </span>
     <span class='ocr_line' id='line_1_32' title="bbox 232 2411 1212 2523; baseline -0.001 -15"><span class='ocrx_word' id='word_1_143' title='bbox 232 2411 345 2523; x_wconf 88' lang='lat' dir='ltr'>H</span> <span class='ocrx_word' id='word_1_144' title='bbox 376 2465 590 2522; x_wconf 83' lang='lat' dir='ltr'>praesertim</span> <span class='ocrx_word' id='word_1_145' title='bbox 606 2463 903 2520; x_wconf 84' lang='lat' dir='ltr'>Religiosorum</span> <span class='ocrx_word' id='word_1_146' title='bbox 920 2466 986 2507; x_wconf 92' lang='lat' dir='ltr'>sub</span> <span class='ocrx_word' id='word_1_147' title='bbox 1005 2467 1110 2508; x_wconf 80' lang='lat' dir='ltr'>luavi</span> <span class='ocrx_word' id='word_1_148' title='bbox 1129 2469 1212 2509; x_wconf 91' lang='lat' dir='ltr'>Re-</span> 
     </span>
     <span class='ocr_line' id='line_1_33' title="bbox 228 2521 1210 2581; baseline 0 -16"><span class='ocrx_word' id='word_1_149' title='bbox 228 2522 698 2581; x_wconf 84' lang='lat' dir='ltr'>ligionisjugoaltiffimo</span> <span class='ocrx_word' id='word_1_150' title='bbox 713 2521 996 2566; x_wconf 85' lang='lat' dir='ltr'>famulantium</span> <span class='ocrx_word' id='word_1_151' title='bbox 1026 2526 1130 2567; x_wconf 73' lang='lat' dir='ltr'>votis</span> <span class='ocrx_word' id='word_1_152' title='bbox 1162 2525 1210 2566; x_wconf 90' lang='lat' dir='ltr'>li-</span> 
     </span>
     <span class='ocr_line' id='line_1_34' title="bbox 229 2580 1210 2637; baseline -0.004 -11"><span class='ocrx_word' id='word_1_153' title='bbox 229 2585 376 2626; x_wconf 90' lang='lat' dir='ltr'>benter</span> <span class='ocrx_word' id='word_1_154' title='bbox 391 2582 596 2626; x_wconf 81' lang='lat' dir='ltr'>annuimus</span> <span class='ocrx_word' id='word_1_155' title='bbox 613 2611 631 2632; x_wconf 13' lang='lat' dir='ltr'>,v</span> <span class='ocrx_word' id='word_1_156' title='bbox 644 2580 801 2637; x_wconf 74' lang='lat' dir='ltr'>eosque,</span> <span class='ocrx_word' id='word_1_157' title='bbox 823 2582 1051 2624; x_wconf 87' lang='lat' dir='ltr'>testantium</span> <span class='ocrx_word' id='word_1_158' title='bbox 1071 2582 1210 2624; x_wconf 86' lang='lat' dir='ltr'>volun·</span> 
     </span>
     <span class='ocr_line' id='line_1_35' title="bbox 228 2639 1209 2696; baseline -0.004 -12"><span class='ocrx_word' id='word_1_159' title='bbox 228 2652 334 2685; x_wconf 85' lang='lat' dir='ltr'>tates</span> <span class='ocrx_word' id='word_1_160' title='bbox 352 2641 689 2696; x_wconf 81' lang='lat' dir='ltr'>quandocumque</span> <span class='ocrx_word' id='word_1_161' title='bbox 714 2640 1027 2691; x_wconf 85' lang='lat' dir='ltr'>commutando,</span> <span class='ocrx_word' id='word_1_162' title='bbox 1060 2639 1209 2681; x_wconf 70' lang='lat' dir='ltr'>favori-</span> 
     </span>
     <span class='ocr_line' id='line_1_36' title="bbox 228 2698 1214 2756; baseline -0.003 -14"><span class='ocrx_word' id='word_1_163' title='bbox 228 2701 298 2742; x_wconf 86' lang='lat' dir='ltr'>bus</span> <span class='ocrx_word' id='word_1_164' title='bbox 322 2698 605 2756; x_wconf 84' lang='lat' dir='ltr'>prosequimur</span> <span class='ocrx_word' id='word_1_165' title='bbox 629 2702 886 2753; x_wconf 71' lang='lat' dir='ltr'>opportunis·</span> <span class='ocrx_word' id='word_1_166' title='bbox 907 2698 1110 2753; x_wconf 68' lang='lat' dir='ltr'>Siquidem</span> <span class='ocrx_word' id='word_1_167' title='bbox 1127 2701 1214 2739; x_wconf 89' lang='lat' dir='ltr'>No-</span> 
     </span>
     <span class='ocr_line' id='line_1_37' title="bbox 226 2756 1214 2812; baseline -0.003 -12"><span class='ocrx_word' id='word_1_168' title='bbox 226 2758 290 2800; x_wconf 86' lang='lat' dir='ltr'>bis</span> <span class='ocrx_word' id='word_1_169' title='bbox 305 2772 431 2812; x_wconf 87' lang='lat' dir='ltr'>nuper</span> <span class='ocrx_word' id='word_1_170' title='bbox 446 2770 518 2812; x_wconf 81' lang='lat' dir='ltr'>pro</span> <span class='ocrx_word' id='word_1_171' title='bbox 534 2764 649 2811; x_wconf 87' lang='lat' dir='ltr'>parte</span> <span class='ocrx_word' id='word_1_172' title='bbox 663 2756 1102 2799; x_wconf 67' lang='lat' dir='ltr'>dilestorumFilioi-um</span> <span class='ocrx_word' id='word_1_173' title='bbox 1121 2757 1214 2798; x_wconf 80' lang='lat' dir='ltr'>Fra-</span> 
     </span>
     <span class='ocr_line' id='line_1_38' title="bbox 233 2811 1212 2867; baseline -0.002 -10"><span class='ocrx_word' id='word_1_174' title='bbox 233 2825 344 2857; x_wconf 83' lang='lat' dir='ltr'>trum</span> <span class='ocrx_word' id='word_1_175' title='bbox 360 2841 376 2863; x_wconf 79' lang='lat'>,</span> <span class='ocrx_word' id='word_1_176' title='bbox 404 2817 445 2855; x_wconf 78' lang='grc' dir='ltr'>δι</span> <span class='ocrx_word' id='word_1_177' title='bbox 466 2811 705 2855; x_wconf 71' lang='lat' dir='ltr'>Conventus</span> <span class='ocrx_word' id='word_1_178' title='bbox 737 2811 885 2855; x_wconf 82' lang='lat' dir='ltr'>Donu‘is</span> <span class='ocrx_word' id='word_1_179' title='bbox 913 2813 1103 2867; x_wconf 83' lang='lat' dir='ltr'>regularis</span> <span class='ocrx_word' id='word_1_180' title='bbox 1121 2815 1212 2855; x_wconf 84' lang='lat' dir='ltr'>Fra-</span> 
     </span>
     <span class='ocr_line' id='line_1_39' title="bbox 233 2871 1212 2926; baseline -0.001 -12"><span class='ocrx_word' id='word_1_181' title='bbox 233 2882 343 2914; x_wconf 84' lang='lat' dir='ltr'>trum</span> <span class='ocrx_word' id='word_1_182' title='bbox 375 2872 578 2914; x_wconf 88' lang='lat' dir='ltr'>Minorum</span> <span class='ocrx_word' id='word_1_183' title='bbox 608 2871 738 2911; x_wconf 68' lang='lat' dir='ltr'>Sansti</span> <span class='ocrx_word' id='word_1_184' title='bbox 770 2871 1212 2926; x_wconf 79' lang='lat' dir='ltr'>FrancisciCapucino-</span> 
     </span>
     <span class='ocr_line' id='line_1_40' title="bbox 230 2929 1218 2984; baseline -0.002 -12"><span class='ocrx_word' id='word_1_185' title='bbox 230 2944 316 2973; x_wconf 90' lang='lat' dir='ltr'>rum</span> <span class='ocrx_word' id='word_1_186' title='bbox 331 2937 789 2983; x_wconf 83' lang='lat' dir='ltr'>nuncupatorum,extra</span> <span class='ocrx_word' id='word_1_187' title='bbox 805 2942 944 2971; x_wconf 80' lang='lat' dir='ltr'>muros</span> <span class='ocrx_word' id='word_1_188' title='bbox 959 2929 1107 2984; x_wconf 85' lang='lat' dir='ltr'>Oppidi</span> <span class='ocrx_word' id='word_1_189' title='bbox 1123 2933 1218 2972; x_wconf 77' lang='lat' dir='ltr'>Per·-</span> 
     </span>
     <span class='ocr_line' id='line_1_41' title="bbox 229 2986 1212 3046; baseline -0.003 -15"><span class='ocrx_word' id='word_1_190' title='bbox 229 2988 413 3046; x_wconf 87' lang='lat' dir='ltr'>piniani,</span> <span class='ocrx_word' id='word_1_191' title='bbox 445 2986 624 3029; x_wconf 86' lang='lat' dir='ltr'>Elnenfis</span> <span class='ocrx_word' id='word_1_192' title='bbox 647 2987 837 3032; x_wconf 80' lang='lat' dir='ltr'>Dioecesis</span> <span class='ocrx_word' id='word_1_193' title='bbox 864 3016 880 3038; x_wconf 92' lang='lat'>,</span> <span class='ocrx_word' id='word_1_194' title='bbox 913 2989 1057 3040; x_wconf 86' lang='lat' dir='ltr'>petitio</span> <span class='ocrx_word' id='word_1_195' title='bbox 1084 2988 1212 3030; x_wconf 88' lang='lat' dir='ltr'>conti—</span> 
     </span>
     <span class='ocr_line' id='line_1_42' title="bbox 230 3044 1210 3103; baseline -0.002 -15"><span class='ocrx_word' id='word_1_196' title='bbox 230 3047 386 3097; x_wconf 80' lang='lat' dir='ltr'>nebat,</span> <span class='ocrx_word' id='word_1_197' title='bbox 414 3045 523 3101; x_wconf 89' lang='lat' dir='ltr'>quod</span> <span class='ocrx_word' id='word_1_198' title='bbox 549 3044 645 3089; x_wconf 76' lang='lat' dir='ltr'>alias</span> <span class='ocrx_word' id='word_1_199' title='bbox 675 3046 876 3103; x_wconf 86' lang='lat' dir='ltr'>quondam</span> <span class='ocrx_word' id='word_1_200' title='bbox 897 3046 1070 3100; x_wconf 89' lang='lat' dir='ltr'>Jacobus</span> <span class='ocrx_word' id='word_1_201' title='bbox 1090 3050 1210 3090; x_wconf 87' lang='grc' dir='ltr'><strong>Ν.Ν.</strong></span> 
     </span>
     <span class='ocr_line' id='line_1_43' title="bbox 231 3103 1210 3161; baseline -0.003 -12"><span class='ocrx_word' id='word_1_202' title='bbox 231 3106 404 3153; x_wconf 82' lang='lat' dir='ltr'>Laicus,</span> <span class='ocrx_word' id='word_1_203' title='bbox 433 3103 530 3149; x_wconf 89' lang='lat' dir='ltr'>dum</span> <span class='ocrx_word' id='word_1_204' title='bbox 557 3105 655 3146; x_wconf 88' lang='lat' dir='ltr'>vixit</span> <span class='ocrx_word' id='word_1_205' title='bbox 673 3132 687 3155; x_wconf 85' lang='lat'><strong>,</strong></span> <span class='ocrx_word' id='word_1_206' title='bbox 719 3104 830 3148; x_wconf 68' lang='lat' dir='ltr'>diCtae</span> <span class='ocrx_word' id='word_1_207' title='bbox 863 3107 1083 3156; x_wconf 82' lang='lat' dir='ltr'>Dioecefis‚</span> <span class='ocrx_word' id='word_1_208' title='bbox 1113 3104 1210 3161; x_wconf 85' lang='lat' dir='ltr'>juris</span> 
     </span>
     <span class='ocr_line' id='line_1_44' title="bbox 232 3160 1205 3220; baseline 0.001 -15"><span class='ocrx_word' id='word_1_209' title='bbox 232 3160 436 3219; x_wconf 88' lang='lat' dir='ltr'>utriusque</span> <span class='ocrx_word' id='word_1_210' title='bbox 452 3163 604 3204; x_wconf 71' lang='lat' dir='ltr'>Doetor</span> <span class='ocrx_word' id='word_1_211' title='bbox 618 3191 632 3214; x_wconf 79' lang='lat'>,</span> <span class='ocrx_word' id='word_1_212' title='bbox 661 3179 707 3205; x_wconf 86' lang='lat' dir='ltr'>ac</span> <span class='ocrx_word' id='word_1_213' title='bbox 722 3161 896 3206; x_wconf 90' lang='lat' dir='ltr'>Concilii</span> <span class='ocrx_word' id='word_1_214' title='bbox 913 3164 1030 3220; x_wconf 86' lang='lat' dir='ltr'>Regii</span> <span class='ocrx_word' id='word_1_215' title='bbox 1048 3165 1084 3206; x_wconf 92' lang='lat' dir='ltr'>in</span> <span class='ocrx_word' id='word_1_216' title='bbox 1100 3164 1205 3219; x_wconf 91' lang='lat' dir='ltr'>prin-</span> 
     </span>
     <span class='ocr_line' id='line_1_45' title="bbox 237 3221 1211 3277; baseline 0.001 -15"><span class='ocrx_word' id='word_1_217' title='bbox 237 3222 374 3277; x_wconf 87' lang='lat' dir='ltr'>cipatu</span> <span class='ocrx_word' id='word_1_218' title='bbox 399 3221 645 3265; x_wconf 86' lang='lat' dir='ltr'>Catalauniae</span> <span class='ocrx_word' id='word_1_219' title='bbox 672 3221 879 3271; x_wconf 86' lang='lat' dir='ltr'>Auditor,</span> <span class='ocrx_word' id='word_1_220' title='bbox 911 3221 950 3263; x_wconf 92' lang='lat' dir='ltr'>in</span> <span class='ocrx_word' id='word_1_221' title='bbox 979 3222 1211 3264; x_wconf 88' lang='lat' dir='ltr'>testamento</span> 
     </span>
     <span class='ocr_line' id='line_1_46' title="bbox 236 3278 1209 3335; baseline 0 -15"><span class='ocrx_word' id='word_1_222' title='bbox 236 3292 310 3334; x_wconf 88' lang='lat' dir='ltr'>per</span> <span class='ocrx_word' id='word_1_223' title='bbox 326 3295 416 3323; x_wconf 89' lang='lat' dir='ltr'>eum</span> <span class='ocrx_word' id='word_1_224' title='bbox 431 3279 599 3325; x_wconf 70' lang='lat' dir='ltr'>condito</span> <span class='ocrx_word' id='word_1_225' title='bbox 615 3309 631 3331; x_wconf 75' lang='lat'><em>²</em></span> <span class='ocrx_word' id='word_1_226' title='bbox 659 3280 726 3323; x_wconf 81' lang='lat' dir='ltr'>sub</span> <span class='ocrx_word' id='word_1_227' title='bbox 743 3279 857 3335; x_wconf 85' lang='lat' dir='ltr'>cujus</span> <span class='ocrx_word' id='word_1_228' title='bbox 872 3278 1122 3334; x_wconf 81' lang='lat' dir='ltr'>dispofitione</span> <span class='ocrx_word' id='word_1_229' title='bbox 1137 3279 1209 3321; x_wconf 88' lang='lat' dir='ltr'>de·</span> 
     </span>
     <span class='ocr_line' id='line_1_47' title="bbox 240 3337 1207 3394; baseline -0.002 -14"><span class='ocrx_word' id='word_1_230' title='bbox 240 3337 346 3381; x_wconf 76' lang='lat' dir='ltr'>ceffit</span> <span class='ocrx_word' id='word_1_231' title='bbox 359 3339 409 3381; x_wconf 78' lang='lat' dir='ltr'>ab</span> <span class='ocrx_word' id='word_1_232' title='bbox 429 3339 607 3384; x_wconf 78' lang='lat' dir='ltr'>humanis</span> <span class='ocrx_word' id='word_1_233' title='bbox 622 3369 636 3390; x_wconf 92' lang='lat'><strong>,</strong></span> <span class='ocrx_word' id='word_1_234' title='bbox 669 3338 916 3394; x_wconf 84' lang='lat' dir='ltr'>posthumum</span> <span class='ocrx_word' id='word_1_235' title='bbox 944 3353 992 3381; x_wconf 89' lang='lat' dir='ltr'>ex</span> <span class='ocrx_word' id='word_1_236' title='bbox 1009 3338 1152 3382; x_wconf 67' lang='lat' dir='ltr'>dilena</span> <span class='ocrx_word' id='word_1_237' title='bbox 1166 3339 1207 3378; x_wconf 92' lang='lat' dir='ltr'>in</span> 
     </span>
     <span class='ocr_line' id='line_1_48' title="bbox 234 3395 1206 3452; baseline 0.001 -16"><span class='ocrx_word' id='word_1_238' title='bbox 234 3395 399 3436; x_wconf 87' lang='lat' dir='ltr'>Christo</span> <span class='ocrx_word' id='word_1_239' title='bbox 414 3395 494 3437; x_wconf 84' lang='lat' dir='ltr'>filia</span> <span class='ocrx_word' id='word_1_240' title='bbox 506 3398 662 3438; x_wconf 84' lang='lat' dir='ltr'>Monica</span> <span class='ocrx_word' id='word_1_241' title='bbox 680 3400 732 3438; x_wconf 87' lang='lat' dir='ltr'>N.</span> <span class='ocrx_word' id='word_1_242' title='bbox 750 3400 801 3438; x_wconf 93' lang='lat' dir='ltr'>N.</span> <span class='ocrx_word' id='word_1_243' title='bbox 829 3411 951 3438; x_wconf 91' lang='lat' dir='ltr'>uxore</span> <span class='ocrx_word' id='word_1_244' title='bbox 967 3397 1045 3446; x_wconf 75' lang='lat' dir='ltr'>sua,</span> <span class='ocrx_word' id='word_1_245' title='bbox 1069 3406 1206 3452; x_wconf 86' lang='lat' dir='ltr'>quate-</span> 
     </span>
     <span class='ocr_line' id='line_1_49' title="bbox 235 3452 1204 3507; baseline 0.002 -13"><span class='ocrx_word' id='word_1_246' title='bbox 235 3466 307 3494; x_wconf 90' lang='lat' dir='ltr'>nus</span> <span class='ocrx_word' id='word_1_247' title='bbox 323 3453 487 3507; x_wconf 89' lang='lat' dir='ltr'>gravida</span> <span class='ocrx_word' id='word_1_248' title='bbox 504 3452 596 3495; x_wconf 72' lang='lat' dir='ltr'>effer</span> <span class='ocrx_word' id='word_1_249' title='bbox 615 3482 630 3504; x_wconf 82' lang='lat'>,</span> <span class='ocrx_word' id='word_1_250' title='bbox 661 3453 898 3497; x_wconf 87' lang='lat' dir='ltr'>nasciturum</span> <span class='ocrx_word' id='word_1_251' title='bbox 924 3484 938 3507; x_wconf 88' lang='lat'>‚</span> <span class='ocrx_word' id='word_1_252' title='bbox 968 3455 1204 3497; x_wconf 58' lang='lat' dir='ltr'>haeredem„</span> 
     </span>
     <span class='ocr_line' id='line_1_50' title="bbox 233 3510 1202 3563; baseline 0.001 -11"><span class='ocrx_word' id='word_1_253' title='bbox 233 3510 305 3552; x_wconf 86' lang='lat' dir='ltr'>fibi</span> <span class='ocrx_word' id='word_1_254' title='bbox 331 3510 590 3553; x_wconf 85' lang='lat' dir='ltr'>universalem</span> <span class='ocrx_word' id='word_1_255' title='bbox 615 3511 779 3552; x_wconf 87' lang='lat' dir='ltr'>instituit</span> <span class='ocrx_word' id='word_1_256' title='bbox 795 3540 810 3563; x_wconf 86' lang='lat'>‚</span> <span class='ocrx_word' id='word_1_257' title='bbox 841 3514 880 3554; x_wconf 76' lang='grc' dir='ltr'>δι</span> <span class='ocrx_word' id='word_1_258' title='bbox 894 3539 908 3561; x_wconf 75' lang='grc'>,</span> <span class='ocrx_word' id='word_1_259' title='bbox 940 3515 966 3554; x_wconf 88' lang='lat' dir='ltr'>fi</span> <span class='ocrx_word' id='word_1_260' title='bbox 982 3514 1107 3555; x_wconf 70' lang='lat' dir='ltr'>dietus</span> <span class='ocrx_word' id='word_1_261' title='bbox 1124 3514 1202 3553; x_wconf 90' lang='lat' dir='ltr'>Po-</span> 
     </span>
     <span class='ocr_line' id='line_1_51' title="bbox 236 3568 1199 3625; baseline -0.001 -14"><span class='ocrx_word' id='word_1_262' title='bbox 236 3569 414 3611; x_wconf 85' lang='lat' dir='ltr'>sthumus</span> <span class='ocrx_word' id='word_1_263' title='bbox 439 3568 487 3609; x_wconf 87' lang='lat' dir='ltr'>ad</span> <span class='ocrx_word' id='word_1_264' title='bbox 511 3568 640 3612; x_wconf 88' lang='lat' dir='ltr'>lucem</span> <span class='ocrx_word' id='word_1_265' title='bbox 659 3582 736 3610; x_wconf 91' lang='lat' dir='ltr'>non</span> <span class='ocrx_word' id='word_1_266' title='bbox 752 3573 985 3625; x_wconf 87' lang='lat' dir='ltr'>pervenerit</span> <span class='ocrx_word' id='word_1_267' title='bbox 1003 3601 1018 3621; x_wconf 85' lang='lat'>‚</span> <span class='ocrx_word' id='word_1_268' title='bbox 1050 3571 1113 3612; x_wconf 89' lang='lat' dir='ltr'>vel</span> <span class='ocrx_word' id='word_1_269' title='bbox 1129 3596 1142 3617; x_wconf 77' lang='lat'><strong>‚</strong></span> <span class='ocrx_word' id='word_1_270' title='bbox 1174 3569 1199 3610; x_wconf 85' lang='lat' dir='ltr'>fi</span> 
     </span>
     <span class='ocr_line' id='line_1_52' title="bbox 230 3626 1201 3686; baseline -0.001 -17"><span class='ocrx_word' id='word_1_271' title='bbox 230 3626 464 3686; x_wconf 85' lang='lat' dir='ltr'>perveniret</span> <span class='ocrx_word' id='word_1_272' title='bbox 486 3653 500 3677; x_wconf 87' lang='lat'>,</span> <span class='ocrx_word' id='word_1_273' title='bbox 533 3627 569 3666; x_wconf 91' lang='lat' dir='ltr'>in</span> <span class='ocrx_word' id='word_1_274' title='bbox 597 3626 783 3680; x_wconf 87' lang='lat' dir='ltr'>pupillari</span> <span class='ocrx_word' id='word_1_275' title='bbox 811 3638 924 3670; x_wconf 86' lang='lat' dir='ltr'>aetate</span> <span class='ocrx_word' id='word_1_276' title='bbox 945 3655 959 3675; x_wconf 85' lang='lat'>·,</span> <span class='ocrx_word' id='word_1_277' title='bbox 990 3628 1053 3670; x_wconf 86' lang='lat' dir='ltr'>vel</span> <span class='ocrx_word' id='word_1_278' title='bbox 1081 3641 1201 3683; x_wconf 89' lang='lat' dir='ltr'>quan·</span> 
     </span>
     <span class='ocr_line' id='line_1_53' title="bbox 232 3682 1200 3739; baseline 0 -13"><span class='ocrx_word' id='word_1_279' title='bbox 232 3687 459 3739; x_wconf 83' lang='lat' dir='ltr'>doeumque</span> <span class='ocrx_word' id='word_1_280' title='bbox 487 3684 628 3737; x_wconf 84' lang='lat' dir='ltr'>absque</span> <span class='ocrx_word' id='word_1_281' title='bbox 659 3682 747 3724; x_wconf 89' lang='lat' dir='ltr'>filiis</span> <span class='ocrx_word' id='word_1_282' title='bbox 775 3698 1033 3736; x_wconf 87' lang='lat' dir='ltr'>moreretur,</span> <span class='ocrx_word' id='word_1_283' title='bbox 1062 3687 1103 3727; x_wconf 89' lang='lat' dir='ltr'>in</span> <span class='ocrx_word' id='word_1_284' title='bbox 1131 3685 1200 3726; x_wconf 84' lang='lat' dir='ltr'>tali</span> 
     </span>
    </p>
   </div>
   <div class='ocr_carea' id='block_1_15' title="bbox 2030 285 2190 374">
    <p class='ocr_par' dir='ltr' id='par_1_16' title="bbox 2030 285 2190 374">
     <span class='ocr_line' id='line_1_54' title="bbox 2030 285 2190 374; baseline 0.019 -32"><span class='ocrx_word' id='word_1_285' title='bbox 2030 285 2190 374; x_wconf 77' lang='lat'>215</span> 
     </span>
    </p>
   </div>
   <div class='ocr_carea' id='block_1_16' title="bbox 1261 389 2265 3739">
    <p class='ocr_par' dir='ltr' id='par_1_17' title="bbox 1261 389 2265 3739">
     <span class='ocr_line' id='line_1_55' title="bbox 1286 389 2251 442; baseline 0.013 -12"><span class='ocrx_word' id='word_1_286' title='bbox 1286 404 1372 431; x_wconf 87' lang='lat' dir='ltr'>rum</span> <span class='ocrx_word' id='word_1_287' title='bbox 1399 390 1555 432; x_wconf 88' lang='lat' dir='ltr'>suorum</span> <span class='ocrx_word' id='word_1_288' title='bbox 1580 417 1594 441; x_wconf 87' lang='lat'><strong>,</strong></span> <span class='ocrx_word' id='word_1_289' title='bbox 1632 389 1850 434; x_wconf 87' lang='lat' dir='ltr'>dummodo</span> <span class='ocrx_word' id='word_1_290' title='bbox 1871 392 2007 435; x_wconf 69' lang='lat' dir='ltr'>tamen</span> <span class='ocrx_word' id='word_1_291' title='bbox 2034 398 2251 442; x_wconf 80' lang='lat' dir='ltr'>castitatem</span> 
     </span>
     <span class='ocr_line' id='line_1_56' title="bbox 1287 447 2254 502; baseline 0.008 -14"><span class='ocrx_word' id='word_1_292' title='bbox 1287 447 1496 490; x_wconf 78' lang='lat' dir='ltr'>vidualem</span> <span class='ocrx_word' id='word_1_293' title='bbox 1513 448 1724 502; x_wconf 73' lang='lat' dir='ltr'>servaret-,-</span> <span class='ocrx_word' id='word_1_294' title='bbox 1744 453 1782 493; x_wconf 88' lang='lat'>&amp;</span> <span class='ocrx_word' id='word_1_295' title='bbox 1797 451 1847 493; x_wconf 85' lang='lat' dir='ltr'>ad</span> <span class='ocrx_word' id='word_1_296' title='bbox 1864 449 2034 494; x_wconf 86' lang='lat' dir='ltr'>secunda</span> <span class='ocrx_word' id='word_1_297' title='bbox 2062 464 2155 494; x_wconf 85' lang='lat' dir='ltr'>vota</span> <span class='ocrx_word' id='word_1_298' title='bbox 2180 458 2254 496; x_wconf 90' lang='lat' dir='ltr'>mi—</span> 
     </span>
     <span class='ocr_line' id='line_1_57' title="bbox 1286 504 2254 560; baseline 0.008 -15"><span class='ocrx_word' id='word_1_299' title='bbox 1286 504 1391 545; x_wconf 79' lang='lat' dir='ltr'>nime</span> <span class='ocrx_word' id='word_1_300' title='bbox 1408 506 1620 557; x_wconf 84' lang='lat' dir='ltr'>transiret,</span> <span class='ocrx_word' id='word_1_301' title='bbox 1651 522 1695 551; x_wconf 92' lang='lat' dir='ltr'>ac</span> <span class='ocrx_word' id='word_1_302' title='bbox 1710 523 1852 552; x_wconf 89' lang='lat' dir='ltr'>nomen</span> <span class='ocrx_word' id='word_1_303' title='bbox 1870 510 2004 553; x_wconf 87' lang='lat' dir='ltr'>Mariti</span> <span class='ocrx_word' id='word_1_304' title='bbox 2031 510 2225 553; x_wconf 88' lang='lat' dir='ltr'>retineret</span> <span class='ocrx_word' id='word_1_305' title='bbox 2238 538 2254 560; x_wconf 65' lang='lat'>2</span> 
     </span>
     <span class='ocr_line' id='line_1_58' title="bbox 1284 562 2255 621; baseline 0.007 -17"><span class='ocrx_word' id='word_1_306' title='bbox 1284 562 1387 604; x_wconf 65' lang='lat' dir='ltr'>facto</span> <span class='ocrx_word' id='word_1_307' title='bbox 1413 566 1543 618; x_wconf 75' lang='lat' dir='ltr'>primo</span> <span class='ocrx_word' id='word_1_308' title='bbox 1569 568 1752 609; x_wconf 50' lang='lat' dir='ltr'>omnium«</span> <span class='ocrx_word' id='word_1_309' title='bbox 1769 569 1961 612; x_wconf 87' lang='lat' dir='ltr'>bonorum</span> <span class='ocrx_word' id='word_1_310' title='bbox 1991 569 2218 612; x_wconf 81' lang='lat' dir='ltr'>inventario</span> <span class='ocrx_word' id='word_1_311' title='bbox 2236 596 2255 621; x_wconf 86' lang='lat'><strong>,</strong></span> 
     </span>
     <span class='ocr_line' id='line_1_59' title="bbox 1281 624 2255 682; baseline 0.007 -21"><span class='ocrx_word' id='word_1_312' title='bbox 1281 634 1372 662; x_wconf 90' lang='lat' dir='ltr'>cum</span> <span class='ocrx_word' id='word_1_313' title='bbox 1399 624 1670 676; x_wconf 86' lang='lat' dir='ltr'>prohibitione</span> <span class='ocrx_word' id='word_1_314' title='bbox 1695 626 1948 670; x_wconf 66' lang='lat' dir='ltr'>detractionis</span> <span class='ocrx_word' id='word_1_315' title='bbox 1974 638 2123 682; x_wconf 83' lang='lat' dir='ltr'>quartae</span> <span class='ocrx_word' id='word_1_316' title='bbox 2146 628 2255 668; x_wconf 85' lang='lat' dir='ltr'>Tre-</span> 
     </span>
     <span class='ocr_line' id='line_1_60' title="bbox 1280 680 2255 740; baseline 0.01 -21"><span class='ocrx_word' id='word_1_317' title='bbox 1280 680 1502 722; x_wconf 86' lang='lat' dir='ltr'>bellianicae</span> <span class='ocrx_word' id='word_1_318' title='bbox 1517 709 1531 731; x_wconf 90' lang='lat'>‚</span> <span class='ocrx_word' id='word_1_319' title='bbox 1561 682 1600 721; x_wconf 86' lang='lat'>&amp;</span> <span class='ocrx_word' id='word_1_320' title='bbox 1616 681 1783 727; x_wconf 72' lang='lat' dir='ltr'>falcidiae</span> <span class='ocrx_word' id='word_1_321' title='bbox 1798 684 1991 732; x_wconf 84' lang='lat' dir='ltr'>instituit,</span> <span class='ocrx_word' id='word_1_322' title='bbox 2021 699 2226 740; x_wconf 62' lang='lat' dir='ltr'>eamque..-</span> <span class='ocrx_word' id='word_1_323' title='bbox 2237 712 2255 735; x_wconf 82' lang='lat'>‚</span> 
     </span>
     <span class='ocr_line' id='line_1_61' title="bbox 1280 738 2253 798; baseline 0.009 -21"><span class='ocrx_word' id='word_1_324' title='bbox 1280 748 1322 778; x_wconf 92' lang='lat' dir='ltr'>ut</span> <span class='ocrx_word' id='word_1_325' title='bbox 1336 738 1386 779; x_wconf 91' lang='lat' dir='ltr'>de</span> <span class='ocrx_word' id='word_1_326' title='bbox 1403 738 1509 779; x_wconf 66' lang='lat' dir='ltr'>dieto</span> <span class='ocrx_word' id='word_1_327' title='bbox 1523 738 1720 782; x_wconf 64' lang='lat' dir='ltr'>usufructu</span> <span class='ocrx_word' id='word_1_328' title='bbox 1742 743 1928 795; x_wconf 80' lang='lat' dir='ltr'>qualdam</span> <span class='ocrx_word' id='word_1_329' title='bbox 1957 744 2253 798; x_wconf 66' lang='lat' dir='ltr'>pecuniarum-s</span> 
     </span>
     <span class='ocr_line' id='line_1_62' title="bbox 1279 794 2253 857; baseline 0.007 -21"><span class='ocrx_word' id='word_1_330' title='bbox 1279 794 1461 843; x_wconf 79' lang='lat' dir='ltr'>summas,</span> <span class='ocrx_word' id='word_1_331' title='bbox 1485 796 1606 838; x_wconf 90' lang='lat' dir='ltr'>certis</span> <span class='ocrx_word' id='word_1_332' title='bbox 1621 796 1796 849; x_wconf 86' lang='lat' dir='ltr'>personis</span> <span class='ocrx_word' id='word_1_333' title='bbox 1821 812 1916 842; x_wconf 89' lang='lat' dir='ltr'>tunc</span> <span class='ocrx_word' id='word_1_334' title='bbox 1933 801 2147 857; x_wconf 87' lang='lat' dir='ltr'>defignatis</span> <span class='ocrx_word' id='word_1_335' title='bbox 2174 800 2253 843; x_wconf 88' lang='lat' dir='ltr'>sol-</span> 
     </span>
     <span class='ocr_line' id='line_1_63' title="bbox 1280 854 2253 914; baseline 0.004 -19"><span class='ocrx_word' id='word_1_336' title='bbox 1280 863 1420 904; x_wconf 86' lang='lat' dir='ltr'>veret,</span> <span class='ocrx_word' id='word_1_337' title='bbox 1450 854 1645 907; x_wconf 85' lang='lat' dir='ltr'>obligavit</span> <span class='ocrx_word' id='word_1_338' title='bbox 1670 880 1685 901; x_wconf 71' lang='lat' dir='ltr'>a</span> <span class='ocrx_word' id='word_1_339' title='bbox 1713 856 1753 896; x_wconf 76' lang='grc' dir='ltr'>δε</span> <span class='ocrx_word' id='word_1_340' title='bbox 1776 857 1906 899; x_wconf 87' lang='lat' dir='ltr'>eidem</span> <span class='ocrx_word' id='word_1_341' title='bbox 1923 884 1937 906; x_wconf 78' lang='lat'><strong>,</strong></span> <span class='ocrx_word' id='word_1_342' title='bbox 1968 874 2018 901; x_wconf 90' lang='lat' dir='ltr'>ne</span> <span class='ocrx_word' id='word_1_343' title='bbox 2051 858 2253 914; x_wconf 81' lang='lat' dir='ltr'>pecuniae,</span> 
     </span>
     <span class='ocr_line' id='line_1_64' title="bbox 1276 911 2248 972; baseline 0.012 -24"><span class='ocrx_word' id='word_1_344' title='bbox 1276 925 1362 965; x_wconf 87' lang='lat' dir='ltr'>quae</span> <span class='ocrx_word' id='word_1_345' title='bbox 1384 921 1568 965; x_wconf 89' lang='lat' dir='ltr'>tempore</span> <span class='ocrx_word' id='word_1_346' title='bbox 1594 911 1691 953; x_wconf 69' lang='lat' dir='ltr'>dieti</span> <span class='ocrx_word' id='word_1_347' title='bbox 1710 914 1926 956; x_wconf 84' lang='lat' dir='ltr'>Testatoris</span> <span class='ocrx_word' id='word_1_348' title='bbox 1949 917 1986 958; x_wconf 90' lang='lat' dir='ltr'>in</span> <span class='ocrx_word' id='word_1_349' title='bbox 2002 918 2166 960; x_wconf 85' lang='lat' dir='ltr'>Banchis</span> <span class='ocrx_word' id='word_1_350' title='bbox 2182 930 2248 972; x_wconf 87' lang='lat' dir='ltr'>pu·</span> 
     </span>
     <span class='ocr_line' id='line_1_65' title="bbox 1277 968 2254 1020; baseline 0.009 -10"><span class='ocrx_word' id='word_1_351' title='bbox 1277 969 1388 1010; x_wconf 85' lang='lat' dir='ltr'>blicis</span> <span class='ocrx_word' id='word_1_352' title='bbox 1418 968 1608 1012; x_wconf 87' lang='lat' dir='ltr'>Civitatis</span> <span class='ocrx_word' id='word_1_353' title='bbox 1637 971 1932 1014; x_wconf 85' lang='lat' dir='ltr'>Barcinonenfis</span> <span class='ocrx_word' id='word_1_354' title='bbox 1947 1000 1961 1020; x_wconf 77' lang='lat'>,</span> <span class='ocrx_word' id='word_1_355' title='bbox 1994 974 2055 1017; x_wconf 86' lang='lat' dir='ltr'>vel</span> <span class='ocrx_word' id='word_1_356' title='bbox 2066 976 2165 1017; x_wconf 80' lang='lat' dir='ltr'>&#39;alibi</span> <span class='ocrx_word' id='word_1_357' title='bbox 2188 988 2254 1018; x_wconf 86' lang='lat' dir='ltr'>re-</span> 
     </span>
     <span class='ocr_line' id='line_1_66' title="bbox 1277 1027 2252 1087; baseline 0.007 -20"><span class='ocrx_word' id='word_1_358' title='bbox 1277 1028 1528 1081; x_wconf 79' lang='lat' dir='ltr'>perirentur,</span> <span class='ocrx_word' id='word_1_359' title='bbox 1560 1027 1698 1069; x_wconf 85' lang='lat' dir='ltr'>levare</span> <span class='ocrx_word' id='word_1_360' title='bbox 1713 1055 1728 1078; x_wconf 84' lang='lat'>,</span> <span class='ocrx_word' id='word_1_361' title='bbox 1761 1029 1823 1070; x_wconf 88' lang='lat' dir='ltr'>vel</span> <span class='ocrx_word' id='word_1_362' title='bbox 1841 1032 2004 1086; x_wconf 82' lang='lat' dir='ltr'>exigere</span> <span class='ocrx_word' id='word_1_363' title='bbox 2020 1031 2144 1087; x_wconf 83' lang='lat' dir='ltr'>poffet</span> <span class='ocrx_word' id='word_1_364' title='bbox 2162 1033 2252 1084; x_wconf 82' lang='lat' dir='ltr'>‚ni—</span> 
     </span>
     <span class='ocr_line' id='line_1_67' title="bbox 1276 1083 2255 1145; baseline 0.006 -20"><span class='ocrx_word' id='word_1_365' title='bbox 1276 1087 1303 1125; x_wconf 83' lang='lat' dir='ltr'>s1</span> <span class='ocrx_word' id='word_1_366' title='bbox 1319 1083 1427 1139; x_wconf 91' lang='lat' dir='ltr'>quod</span> <span class='ocrx_word' id='word_1_367' title='bbox 1446 1083 1532 1125; x_wconf 88' lang='lat' dir='ltr'>illas</span> <span class='ocrx_word' id='word_1_368' title='bbox 1548 1085 1588 1125; x_wconf 91' lang='lat' dir='ltr'>in</span> <span class='ocrx_word' id='word_1_369' title='bbox 1603 1085 1701 1127; x_wconf 88' lang='lat' dir='ltr'>locis</span> <span class='ocrx_word' id='word_1_370' title='bbox 1718 1088 1820 1128; x_wconf 91' lang='lat' dir='ltr'>tutis</span> <span class='ocrx_word' id='word_1_371' title='bbox 1836 1090 2017 1132; x_wconf 89' lang='lat' dir='ltr'>investire</span> <span class='ocrx_word' id='word_1_372' title='bbox 2030 1086 2152 1145; x_wconf 82' lang='lat' dir='ltr'>poffet</span> <span class='ocrx_word' id='word_1_373' title='bbox 2169 1099 2255 1131; x_wconf 64' lang='lat' dir='ltr'>tan-</span> 
     </span>
     <span class='ocr_line' id='line_1_68' title="bbox 1276 1140 2256 1202; baseline 0.005 -19"><span class='ocrx_word' id='word_1_374' title='bbox 1276 1140 1494 1195; x_wconf 78' lang='lat' dir='ltr'>tum‚juxta</span> <span class='ocrx_word' id='word_1_375' title='bbox 1517 1143 1766 1185; x_wconf 90' lang='lat' dir='ltr'>voluntatem</span> <span class='ocrx_word' id='word_1_376' title='bbox 1792 1158 2052 1191; x_wconf 81' lang='lat' dir='ltr'>executurum</span> <span class='ocrx_word' id='word_1_377' title='bbox 2081 1147 2256 1202; x_wconf 73' lang='lat' dir='ltr'>praediffl</span> 
     </span>
     <span class='ocr_line' id='line_1_69' title="bbox 1277 1199 2252 1259; baseline 0.004 -16"><span class='ocrx_word' id='word_1_378' title='bbox 1277 1199 1531 1248; x_wconf 80' lang='lat' dir='ltr'>testamenti,</span> <span class='ocrx_word' id='word_1_379' title='bbox 1562 1202 1797 1256; x_wconf 86' lang='lat' dir='ltr'>prohibuit:</span> <span class='ocrx_word' id='word_1_380' title='bbox 1826 1207 1862 1246; x_wconf 91' lang='lat'>&amp;</span> <span class='ocrx_word' id='word_1_381' title='bbox 1889 1204 2009 1257; x_wconf 83' lang='lat' dir='ltr'>casu,</span> <span class='ocrx_word' id='word_1_382' title='bbox 2038 1220 2119 1259; x_wconf 91' lang='lat' dir='ltr'>quo</span> <span class='ocrx_word' id='word_1_383' title='bbox 2145 1206 2252 1247; x_wconf 56' lang='lat' dir='ltr'>dieta</span> 
     </span>
     <span class='ocr_line' id='line_1_70' title="bbox 1277 1258 2255 1312; baseline 0.001 -10"><span class='ocrx_word' id='word_1_384' title='bbox 1277 1260 1440 1302; x_wconf 85' lang='lat' dir='ltr'>Monica</span> <span class='ocrx_word' id='word_1_385' title='bbox 1459 1259 1635 1302; x_wconf 86' lang='lat' dir='ltr'>nuberet</span> <span class='ocrx_word' id='word_1_386' title='bbox 1655 1286 1670 1309; x_wconf 80' lang='lat'>‚</span> <span class='ocrx_word' id='word_1_387' title='bbox 1703 1258 1767 1301; x_wconf 86' lang='lat' dir='ltr'>vel</span> <span class='ocrx_word' id='word_1_388' title='bbox 1784 1264 1887 1305; x_wconf 78' lang='lat' dir='ltr'>caste</span> <span class='ocrx_word' id='word_1_389' title='bbox 1898 1278 1980 1306; x_wconf 92' lang='lat' dir='ltr'>non</span> <span class='ocrx_word' id='word_1_390' title='bbox 1998 1264 2154 1306; x_wconf 84' lang='lat' dir='ltr'>viveret</span> <span class='ocrx_word' id='word_1_391' title='bbox 2172 1291 2187 1312; x_wconf 89' lang='lat'>,</span> <span class='ocrx_word' id='word_1_392' title='bbox 2217 1261 2255 1304; x_wconf 91' lang='lat' dir='ltr'>ei</span> 
     </span>
     <span class='ocr_line' id='line_1_71' title="bbox 1276 1314 2259 1370; baseline 0 -11"><span class='ocrx_word' id='word_1_393' title='bbox 1276 1319 1315 1360; x_wconf 90' lang='lat' dir='ltr'>in</span> <span class='ocrx_word' id='word_1_394' title='bbox 1330 1318 1435 1358; x_wconf 64' lang='lat' dir='ltr'>dieto</span> <span class='ocrx_word' id='word_1_395' title='bbox 1451 1314 1655 1360; x_wconf 67' lang='lat' dir='ltr'>usufruau</span> <span class='ocrx_word' id='word_1_396' title='bbox 1671 1317 1855 1360; x_wconf 68' lang='lat' dir='ltr'>dilectam</span> <span class='ocrx_word' id='word_1_397' title='bbox 1879 1321 1917 1362; x_wconf 92' lang='lat' dir='ltr'>in</span> <span class='ocrx_word' id='word_1_398' title='bbox 1930 1320 2090 1363; x_wconf 69' lang='lat' dir='ltr'>Christo</span> <span class='ocrx_word' id='word_1_399' title='bbox 2106 1320 2227 1360; x_wconf 87' lang='lat' dir='ltr'>filiam</span> <span class='ocrx_word' id='word_1_400' title='bbox 2243 1346 2259 1370; x_wconf 80' lang='lat'>,</span> 
     </span>
     <span class='ocr_line' id='line_1_72' title="bbox 1275 1375 2256 1431; baseline -0.003 -12"><span class='ocrx_word' id='word_1_401' title='bbox 1275 1379 1434 1419; x_wconf 86' lang='lat' dir='ltr'>Annam</span> <span class='ocrx_word' id='word_1_402' title='bbox 1457 1376 1567 1419; x_wconf 81' lang='lat' dir='ltr'>Balla</span> <span class='ocrx_word' id='word_1_403' title='bbox 1593 1403 1607 1426; x_wconf 81' lang='lat'>‚</span> <span class='ocrx_word' id='word_1_404' title='bbox 1638 1375 1751 1431; x_wconf 81' lang='lat' dir='ltr'>ipsius</span> <span class='ocrx_word' id='word_1_405' title='bbox 1781 1377 1997 1420; x_wconf 86' lang='lat' dir='ltr'>Testatoris</span> <span class='ocrx_word' id='word_1_406' title='bbox 2027 1380 2256 1418; x_wconf 66' lang='lat' dir='ltr'>Sororem-a</span> 
     </span>
     <span class='ocr_line' id='line_1_73' title="bbox 1277 1433 2254 1490; baseline -0.003 -14"><span class='ocrx_word' id='word_1_407' title='bbox 1277 1447 1368 1476; x_wconf 90' lang='lat' dir='ltr'>cum</span> <span class='ocrx_word' id='word_1_408' title='bbox 1405 1433 1556 1475; x_wconf 88' lang='lat' dir='ltr'>eisdem</span> <span class='ocrx_word' id='word_1_409' title='bbox 1590 1434 1763 1476; x_wconf 85' lang='lat' dir='ltr'>decretis</span> <span class='ocrx_word' id='word_1_410' title='bbox 1788 1464 1803 1486; x_wconf 84' lang='lat'><strong>,</strong></span> <span class='ocrx_word' id='word_1_411' title='bbox 1845 1437 1884 1476; x_wconf 91' lang='lat'>&amp;</span> <span class='ocrx_word' id='word_1_412' title='bbox 1913 1433 2254 1490; x_wconf 83' lang='lat' dir='ltr'>prohibitionibus</span> 
     </span>
     <span class='ocr_line' id='line_1_74' title="bbox 1277 1490 2256 1547; baseline -0.004 -12"><span class='ocrx_word' id='word_1_413' title='bbox 1277 1491 1475 1535; x_wconf 74' lang='lat' dir='ltr'>substituit</span> <span class='ocrx_word' id='word_1_414' title='bbox 1497 1505 1514 1544; x_wconf 80' lang='lat'>3</span> <span class='ocrx_word' id='word_1_415' title='bbox 1548 1492 1632 1547; x_wconf 90' lang='lat' dir='ltr'>post</span> <span class='ocrx_word' id='word_1_416' title='bbox 1657 1490 1828 1547; x_wconf 85' lang='lat' dir='ltr'>ipsarum</span> <span class='ocrx_word' id='word_1_417' title='bbox 1855 1494 1962 1536; x_wconf 76' lang='lat' dir='ltr'>vero</span> <span class='ocrx_word' id='word_1_418' title='bbox 1986 1493 2151 1536; x_wconf 88' lang='lat' dir='ltr'>Monicae</span> <span class='ocrx_word' id='word_1_419' title='bbox 2171 1519 2185 1542; x_wconf 88' lang='lat'>‚</span> <span class='ocrx_word' id='word_1_420' title='bbox 2215 1492 2256 1531; x_wconf 87' lang='lat'>&amp;</span> 
     </span>
     <span class='ocr_line' id='line_1_75' title="bbox 1278 1549 2257 1602; baseline -0.001 -9"><span class='ocrx_word' id='word_1_421' title='bbox 1278 1553 1404 1593; x_wconf 86' lang='lat' dir='ltr'>Annae</span> <span class='ocrx_word' id='word_1_422' title='bbox 1415 1549 1762 1602; x_wconf 84' lang='lat' dir='ltr'>obitum,animam</span> <span class='ocrx_word' id='word_1_423' title='bbox 1774 1550 1796 1591; x_wconf 93' lang='lat' dir='ltr'>s</span> <span class='ocrx_word' id='word_1_424' title='bbox 1790 1565 1877 1594; x_wconf 86' lang='lat' dir='ltr'>uam</span> <span class='ocrx_word' id='word_1_425' title='bbox 1888 1551 2086 1594; x_wconf 87' lang='lat' dir='ltr'>haeredem</span> <span class='ocrx_word' id='word_1_426' title='bbox 2098 1552 2257 1592; x_wconf 79' lang='lat' dir='ltr'>univer-</span> 
     </span>
     <span class='ocr_line' id='line_1_76' title="bbox 1276 1605 2258 1664; baseline -0.003 -13"><span class='ocrx_word' id='word_1_427' title='bbox 1276 1608 1397 1652; x_wconf 89' lang='lat' dir='ltr'>salem</span> <span class='ocrx_word' id='word_1_428' title='bbox 1425 1607 1593 1650; x_wconf 87' lang='lat' dir='ltr'>instituit</span> <span class='ocrx_word' id='word_1_429' title='bbox 1619 1637 1634 1660; x_wconf 84' lang='lat'>‚</span> <span class='ocrx_word' id='word_1_430' title='bbox 1665 1607 1878 1664; x_wconf 89' lang='lat' dir='ltr'>disponens</span> <span class='ocrx_word' id='word_1_431' title='bbox 1904 1640 1921 1660; x_wconf 90' lang='lat'><strong>,</strong></span> <span class='ocrx_word' id='word_1_432' title='bbox 1950 1620 1995 1652; x_wconf 89' lang='lat' dir='ltr'>ut</span> <span class='ocrx_word' id='word_1_433' title='bbox 2025 1605 2258 1659; x_wconf 83' lang='lat' dir='ltr'>universalis</span> 
     </span>
     <span class='ocr_line' id='line_1_77' title="bbox 1275 1664 2257 1723; baseline -0.004 -13"><span class='ocrx_word' id='word_1_434' title='bbox 1275 1664 1358 1723; x_wconf 87' lang='lat' dir='ltr'>ejus</span> <span class='ocrx_word' id='word_1_435' title='bbox 1374 1667 1584 1710; x_wconf 85' lang='lat' dir='ltr'>haereditas</span> <span class='ocrx_word' id='word_1_436' title='bbox 1598 1695 1613 1717; x_wconf 81' lang='lat'>,</span> <span class='ocrx_word' id='word_1_437' title='bbox 1635 1669 1673 1709; x_wconf 91' lang='lat'>&amp;</span> <span class='ocrx_word' id='word_1_438' title='bbox 1688 1670 1792 1711; x_wconf 84' lang='lat' dir='ltr'>bona</span> <span class='ocrx_word' id='word_1_439' title='bbox 1806 1681 2064 1723; x_wconf 70' lang='lat' dir='ltr'>quaecumque</span> <span class='ocrx_word' id='word_1_440' title='bbox 2078 1680 2148 1720; x_wconf 90' lang='lat' dir='ltr'>per</span> <span class='ocrx_word' id='word_1_441' title='bbox 2161 1677 2257 1706; x_wconf 85' lang='lat' dir='ltr'>exe-</span> 
     </span>
     <span class='ocr_line' id='line_1_78' title="bbox 1276 1723 2255 1780; baseline -0.006 -12"><span class='ocrx_word' id='word_1_442' title='bbox 1276 1738 1439 1768; x_wconf 87' lang='lat' dir='ltr'>cutores</span> <span class='ocrx_word' id='word_1_443' title='bbox 1454 1725 1661 1780; x_wconf 67' lang='lat' dir='ltr'>praedistos</span> <span class='ocrx_word' id='word_1_444' title='bbox 1679 1751 1693 1774; x_wconf 66' lang='lat'><em>2</em></span> <span class='ocrx_word' id='word_1_445' title='bbox 1725 1727 1871 1769; x_wconf 82' lang='lat' dir='ltr'>ultimo</span> <span class='ocrx_word' id='word_1_446' title='bbox 1887 1739 1956 1779; x_wconf 89' lang='lat' dir='ltr'>per</span> <span class='ocrx_word' id='word_1_447' title='bbox 1974 1725 2170 1778; x_wconf 78' lang='lat' dir='ltr'>syndicos</span> <span class='ocrx_word' id='word_1_448' title='bbox 2186 1750 2201 1772; x_wconf 84' lang='lat'>‚</span> <span class='ocrx_word' id='word_1_449' title='bbox 2213 1723 2255 1762; x_wconf 76' lang='grc' dir='ltr'>δι</span> 
     </span>
     <span class='ocr_line' id='line_1_79' title="bbox 1275 1781 2258 1838; baseline -0.005 -14"><span class='ocrx_word' id='word_1_450' title='bbox 1275 1782 1450 1838; x_wconf 86' lang='lat' dir='ltr'>Majores</span> <span class='ocrx_word' id='word_1_451' title='bbox 1463 1784 1781 1825; x_wconf 77' lang='lat' dir='ltr'>communitatis</span> <span class='ocrx_word' id='word_1_452' title='bbox 1797 1782 1983 1825; x_wconf 84' lang='lat' dir='ltr'>Ecclefiae</span> <span class='ocrx_word' id='word_1_453' title='bbox 1998 1781 2258 1834; x_wconf 68' lang='lat' dir='ltr'>banstiJoan-</span> 
     </span>
     <span class='ocr_line' id='line_1_80' title="bbox 1276 1836 2258 1891; baseline -0.004 -11"><span class='ocrx_word' id='word_1_454' title='bbox 1276 1840 1333 1881; x_wconf 86' lang='lat' dir='ltr'>nis</span> <span class='ocrx_word' id='word_1_455' title='bbox 1351 1839 1443 1879; x_wconf 69' lang='lat' dir='ltr'>dini</span> <span class='ocrx_word' id='word_1_456' title='bbox 1460 1839 1613 1891; x_wconf 88' lang='lat' dir='ltr'>Oppidi</span> <span class='ocrx_word' id='word_1_457' title='bbox 1627 1866 1643 1888; x_wconf 78' lang='lat'>‚</span> <span class='ocrx_word' id='word_1_458' title='bbox 1655 1846 1659 1848; x_wconf 85' lang='grc'><em>“</em></span> <span class='ocrx_word' id='word_1_459' title='bbox 1673 1840 1712 1879; x_wconf 86' lang='lat'>&amp;</span> <span class='ocrx_word' id='word_1_460' title='bbox 1743 1840 1913 1881; x_wconf 57' lang='lat' dir='ltr'>dileelos</span> <span class='ocrx_word' id='word_1_461' title='bbox 1929 1837 2039 1890; x_wconf 27' lang='lat' dir='ltr'>*filios</span> <span class='ocrx_word' id='word_1_462' title='bbox 2054 1836 2258 1881; x_wconf 80' lang='lat' dir='ltr'>Guardia·</span> 
     </span>
     <span class='ocr_line' id='line_1_81' title="bbox 1275 1894 2259 1946; baseline -0.004 -8"><span class='ocrx_word' id='word_1_463' title='bbox 1275 1909 1370 1938; x_wconf 87' lang='lat' dir='ltr'>num</span> <span class='ocrx_word' id='word_1_464' title='bbox 1385 1897 1509 1937; x_wconf 68' lang='lat' dir='ltr'>Sanfti</span> <span class='ocrx_word' id='word_1_465' title='bbox 1529 1896 1728 1939; x_wconf 73' lang='lat' dir='ltr'>francisci</span> <span class='ocrx_word' id='word_1_466' title='bbox 1744 1925 1760 1946; x_wconf 84' lang='lat'>‚</span> <span class='ocrx_word' id='word_1_467' title='bbox 1778 1898 1817 1938; x_wconf 77' lang='grc' dir='ltr'>δε</span> <span class='ocrx_word' id='word_1_468' title='bbox 1833 1897 2017 1940; x_wconf 86' lang='lat' dir='ltr'>Priorem</span> <span class='ocrx_word' id='word_1_469' title='bbox 2035 1894 2165 1939; x_wconf 64' lang='lat' dir='ltr'>Sanfiti</span> <span class='ocrx_word' id='word_1_470' title='bbox 2177 1895 2259 1934; x_wconf 88' lang='lat' dir='ltr'>Au-</span> 
     </span>
     <span class='ocr_line' id='line_1_82' title="bbox 1275 1952 2252 2010; baseline -0.003 -14"><span class='ocrx_word' id='word_1_471' title='bbox 1275 1954 1415 2010; x_wconf 87' lang='lat' dir='ltr'>gustini</span> <span class='ocrx_word' id='word_1_472' title='bbox 1426 1963 1450 2003; x_wconf 69' lang='lat'>‚5</span> <span class='ocrx_word' id='word_1_473' title='bbox 1464 1955 1686 1995; x_wconf 84' lang='lat' dir='ltr'>Domorum</span> <span class='ocrx_word' id='word_1_474' title='bbox 1704 1955 1964 2008; x_wconf 84' lang='lat' dir='ltr'>Regularium</span> <span class='ocrx_word' id='word_1_475' title='bbox 1979 1952 2154 2006; x_wconf 84' lang='lat' dir='ltr'>ejusdem</span> <span class='ocrx_word' id='word_1_476' title='bbox 2168 1954 2252 2006; x_wconf 91' lang='lat' dir='ltr'>Op-</span> 
     </span>
     <span class='ocr_line' id='line_1_83' title="bbox 1274 2012 2252 2065; baseline -0.003 -12"><span class='ocrx_word' id='word_1_477' title='bbox 1274 2012 1357 2065; x_wconf 89' lang='lat' dir='ltr'>pidi</span> <span class='ocrx_word' id='word_1_478' title='bbox 1372 2040 1388 2060; x_wconf 92' lang='lat'>,</span> <span class='ocrx_word' id='word_1_479' title='bbox 1420 2025 1490 2051; x_wconf 88' lang='lat' dir='ltr'>nec</span> <span class='ocrx_word' id='word_1_480' title='bbox 1509 2024 1587 2052; x_wconf 89' lang='lat' dir='ltr'>non</span> <span class='ocrx_word' id='word_1_481' title='bbox 1602 2025 1673 2064; x_wconf 89' lang='lat' dir='ltr'>per</span> <span class='ocrx_word' id='word_1_482' title='bbox 1688 2012 1885 2055; x_wconf 85' lang='lat' dir='ltr'>Consules</span> <span class='ocrx_word' id='word_1_483' title='bbox 1901 2039 1915 2062; x_wconf 83' lang='lat'>‚</span> <span class='ocrx_word' id='word_1_484' title='bbox 1946 2012 2081 2053; x_wconf 87' lang='lat' dir='ltr'>Mariae</span> <span class='ocrx_word' id='word_1_485' title='bbox 2093 2023 2252 2052; x_wconf 87' lang='lat' dir='ltr'>nuncu-</span> 
     </span>
     <span class='ocr_line' id='line_1_84' title="bbox 1272 2066 2254 2122; baseline 0.001 -16"><span class='ocrx_word' id='word_1_486' title='bbox 1272 2075 1419 2119; x_wconf 84' lang='lat' dir='ltr'>patos,</span> <span class='ocrx_word' id='word_1_487' title='bbox 1450 2066 1543 2105; x_wconf 74' lang='lat' dir='ltr'>dic‘ti</span> <span class='ocrx_word' id='word_1_488' title='bbox 1559 2068 1738 2119; x_wconf 86' lang='lat' dir='ltr'>Oppidi,</span> <span class='ocrx_word' id='word_1_489' title='bbox 1769 2082 1844 2119; x_wconf 85' lang='lat' dir='ltr'>pro</span> <span class='ocrx_word' id='word_1_490' title='bbox 1870 2081 2054 2122; x_wconf 88' lang='lat' dir='ltr'>tempore</span> <span class='ocrx_word' id='word_1_491' title='bbox 2080 2068 2254 2109; x_wconf 82' lang='lat' dir='ltr'>existen-</span> 
     </span>
     <span class='ocr_line' id='line_1_85' title="bbox 1273 2120 2254 2178; baseline 0 -16"><span class='ocrx_word' id='word_1_492' title='bbox 1273 2131 1333 2162; x_wconf 86' lang='lat' dir='ltr'>tes</span> <span class='ocrx_word' id='word_1_493' title='bbox 1351 2146 1366 2168; x_wconf 79' lang='lat'>,</span> <span class='ocrx_word' id='word_1_494' title='bbox 1397 2120 1461 2161; x_wconf 86' lang='lat' dir='ltr'>vel</span> <span class='ocrx_word' id='word_1_495' title='bbox 1477 2121 1666 2174; x_wconf 78' lang='lat' dir='ltr'>majorem</span> <span class='ocrx_word' id='word_1_496' title='bbox 1681 2121 1842 2164; x_wconf 87' lang='lat' dir='ltr'>suorum</span> <span class='ocrx_word' id='word_1_497' title='bbox 1857 2135 2072 2178; x_wconf 84' lang='lat' dir='ltr'>parentum</span> <span class='ocrx_word' id='word_1_498' title='bbox 2093 2133 2254 2176; x_wconf 85' lang='lat' dir='ltr'>partem</span> 
     </span>
     <span class='ocr_line' id='line_1_86' title="bbox 1273 2176 2265 2232; baseline 0.001 -12"><span class='ocrx_word' id='word_1_499' title='bbox 1273 2176 1560 2230; x_wconf 81' lang='lat' dir='ltr'>inventariari,</span> <span class='ocrx_word' id='word_1_500' title='bbox 1597 2193 1643 2220; x_wconf 83' lang='lat' dir='ltr'>ac</span> <span class='ocrx_word' id='word_1_501' title='bbox 1662 2180 1902 2232; x_wconf 84' lang='lat' dir='ltr'>gubernari,</span> <span class='ocrx_word' id='word_1_502' title='bbox 1932 2183 1971 2223; x_wconf 87' lang='lat'>&amp;</span> <span class='ocrx_word' id='word_1_503' title='bbox 1990 2179 2265 2230; x_wconf 39' lang='lat' dir='ltr'>administrari,</span> 
     </span>
     <span class='ocr_line' id='line_1_87' title="bbox 1272 2234 2256 2294; baseline 0.003 -16"><span class='ocrx_word' id='word_1_504' title='bbox 1272 2237 1474 2278; x_wconf 88' lang='lat' dir='ltr'>deberent</span> <span class='ocrx_word' id='word_1_505' title='bbox 1491 2260 1506 2284; x_wconf 66' lang='lat'>2</span> <span class='ocrx_word' id='word_1_506' title='bbox 1535 2251 1625 2278; x_wconf 87' lang='lat' dir='ltr'>cum</span> <span class='ocrx_word' id='word_1_507' title='bbox 1642 2234 1838 2280; x_wconf 79' lang='lat' dir='ltr'>facultate</span> <span class='ocrx_word' id='word_1_508' title='bbox 1854 2266 1867 2289; x_wconf 87' lang='lat'><strong>,</strong></span> <span class='ocrx_word' id='word_1_509' title='bbox 1900 2239 2008 2294; x_wconf 90' lang='lat' dir='ltr'>quod</span> <span class='ocrx_word' id='word_1_510' title='bbox 2027 2239 2092 2293; x_wconf 87' lang='lat' dir='ltr'>ipfi</span> <span class='ocrx_word' id='word_1_511' title='bbox 2109 2253 2256 2281; x_wconf 86' lang='lat' dir='ltr'>execu-</span> 
     </span>
     <span class='ocr_line' id='line_1_88' title="bbox 1270 2294 2255 2340; baseline 0.003 -6"><span class='ocrx_word' id='word_1_512' title='bbox 1270 2304 1380 2336; x_wconf 89' lang='lat' dir='ltr'>tores</span> <span class='ocrx_word' id='word_1_513' title='bbox 1396 2295 1617 2336; x_wconf 88' lang='lat' dir='ltr'>eorundem</span> <span class='ocrx_word' id='word_1_514' title='bbox 1637 2294 1835 2338; x_wconf 87' lang='lat' dir='ltr'>bonorum</span> <span class='ocrx_word' id='word_1_515' title='bbox 1853 2298 2036 2339; x_wconf 86' lang='lat' dir='ltr'>redditus</span> <span class='ocrx_word' id='word_1_516' title='bbox 2051 2310 2200 2340; x_wconf 88' lang='lat' dir='ltr'>annuos</span> <span class='ocrx_word' id='word_1_517' title='bbox 2214 2296 2255 2338; x_wconf 91' lang='lat' dir='ltr'>in</span> 
     </span>
     <span class='ocr_line' id='line_1_89' title="bbox 1272 2350 2255 2408; baseline 0.002 -15"><span class='ocrx_word' id='word_1_518' title='bbox 1272 2350 1507 2393; x_wconf 84' lang='lat' dir='ltr'>maritandis</span> <span class='ocrx_word' id='word_1_519' title='bbox 1523 2353 1763 2406; x_wconf 86' lang='lat' dir='ltr'>pauperibus</span> <span class='ocrx_word' id='word_1_520' title='bbox 1778 2354 1926 2408; x_wconf 87' lang='lat' dir='ltr'>puellis</span> <span class='ocrx_word' id='word_1_521' title='bbox 1947 2355 2000 2396; x_wconf 90' lang='lat' dir='ltr'>de</span> <span class='ocrx_word' id='word_1_522' title='bbox 2029 2367 2177 2407; x_wconf 85' lang='lat' dir='ltr'>genere</span> <span class='ocrx_word' id='word_1_523' title='bbox 2195 2354 2255 2396; x_wconf 86' lang='lat' dir='ltr'>di-</span> 
     </span>
     <span class='ocr_line' id='line_1_90' title="bbox 1269 2405 2253 2460; baseline 0 -9"><span class='ocrx_word' id='word_1_524' title='bbox 1269 2409 1321 2451; x_wconf 68' lang='lat' dir='ltr'>&amp;i</span> <span class='ocrx_word' id='word_1_525' title='bbox 1337 2409 1569 2458; x_wconf 80' lang='lat' dir='ltr'>Testatoris,</span> <span class='ocrx_word' id='word_1_526' title='bbox 1581 2408 1606 2450; x_wconf 85' lang='lat' dir='ltr'>fi</span> <span class='ocrx_word' id='word_1_527' title='bbox 1619 2405 1844 2460; x_wconf 80' lang='lat' dir='ltr'>adfuerint,</span> <span class='ocrx_word' id='word_1_528' title='bbox 1859 2411 1899 2451; x_wconf 88' lang='lat' dir='ltr'>in</span> <span class='ocrx_word' id='word_1_529' title='bbox 1910 2410 2033 2454; x_wconf 79' lang='lat' dir='ltr'>Miffis</span> <span class='ocrx_word' id='word_1_530' title='bbox 2047 2413 2253 2453; x_wconf 86' lang='lat' dir='ltr'>celebran-</span> 
     </span>
     <span class='ocr_line' id='line_1_91' title="bbox 1269 2465 2251 2522; baseline 0 -14"><span class='ocrx_word' id='word_1_531' title='bbox 1269 2467 1332 2508; x_wconf 89' lang='lat' dir='ltr'>dis</span> <span class='ocrx_word' id='word_1_532' title='bbox 1349 2491 1363 2515; x_wconf 75' lang='lat'><strong>,</strong></span> <span class='ocrx_word' id='word_1_533' title='bbox 1393 2468 1431 2507; x_wconf 76' lang='grc' dir='ltr'>δι</span> <span class='ocrx_word' id='word_1_534' title='bbox 1449 2465 1485 2505; x_wconf 90' lang='lat' dir='ltr'>in</span> <span class='ocrx_word' id='word_1_535' title='bbox 1501 2466 1740 2519; x_wconf 84' lang='lat' dir='ltr'>pauperibus</span> <span class='ocrx_word' id='word_1_536' title='bbox 1757 2467 1887 2520; x_wconf 89' lang='lat' dir='ltr'>pueris</span> <span class='ocrx_word' id='word_1_537' title='bbox 1911 2467 2088 2508; x_wconf 62' lang='lat' dir='ltr'>deditio</span> <span class='ocrx_word' id='word_1_538' title='bbox 2101 2480 2251 2522; x_wconf 86' lang='lat' dir='ltr'>genere</span> 
     </span>
     <span class='ocr_line' id='line_1_92' title="bbox 1270 2522 2251 2573; baseline 0.002 -7"><span class='ocrx_word' id='word_1_539' title='bbox 1270 2524 1448 2566; x_wconf 87' lang='lat' dir='ltr'>oriundis</span> <span class='ocrx_word' id='word_1_540' title='bbox 1464 2551 1478 2572; x_wconf 83' lang='lat'>,</span> <span class='ocrx_word' id='word_1_541' title='bbox 1507 2522 1534 2563; x_wconf 80' lang='lat' dir='ltr'><strong>fi</strong></span> <span class='ocrx_word' id='word_1_542' title='bbox 1548 2524 1666 2565; x_wconf 83' lang='lat' dir='ltr'>etiam</span> <span class='ocrx_word' id='word_1_543' title='bbox 1680 2523 1885 2567; x_wconf 87' lang='lat' dir='ltr'>adfuerint</span> <span class='ocrx_word' id='word_1_544' title='bbox 1901 2551 1916 2573; x_wconf 88' lang='lat'><strong>,</strong></span> <span class='ocrx_word' id='word_1_545' title='bbox 1947 2525 1987 2565; x_wconf 80' lang='grc' dir='ltr'>δι</span> <span class='ocrx_word' id='word_1_546' title='bbox 2006 2525 2047 2564; x_wconf 92' lang='lat' dir='ltr'>in</span> <span class='ocrx_word' id='word_1_547' title='bbox 2074 2539 2251 2568; x_wconf 76' lang='lat' dir='ltr'>eorum..</span> 
     </span>
     <span class='ocr_line' id='line_1_93' title="bbox 1270 2580 2251 2637; baseline -0.002 -13"><span class='ocrx_word' id='word_1_548' title='bbox 1270 2580 1444 2631; x_wconf 67' lang='lat' dir='ltr'>defectu,</span> <span class='ocrx_word' id='word_1_549' title='bbox 1462 2580 1503 2622; x_wconf 92' lang='lat' dir='ltr'>in</span> <span class='ocrx_word' id='word_1_550' title='bbox 1533 2582 1620 2623; x_wconf 87' lang='lat' dir='ltr'>aliis</span> <span class='ocrx_word' id='word_1_551' title='bbox 1638 2581 1759 2623; x_wconf 80' lang='lat' dir='ltr'>etiam</span> <span class='ocrx_word' id='word_1_552' title='bbox 1778 2580 1914 2636; x_wconf 84' lang='lat' dir='ltr'>pueris</span> <span class='ocrx_word' id='word_1_553' title='bbox 1927 2582 2167 2637; x_wconf 83' lang='lat' dir='ltr'>pauperibus</span> <span class='ocrx_word' id='word_1_554' title='bbox 2181 2595 2251 2622; x_wconf 92' lang='lat' dir='ltr'>or-</span> 
     </span>
     <span class='ocr_line' id='line_1_94' title="bbox 1274 2638 2249 2691; baseline 0 -11"><span class='ocrx_word' id='word_1_555' title='bbox 1274 2640 1374 2682; x_wconf 86' lang='lat' dir='ltr'>fanis</span> <span class='ocrx_word' id='word_1_556' title='bbox 1400 2640 1582 2682; x_wconf 89' lang='lat' dir='ltr'>oriundis</span> <span class='ocrx_word' id='word_1_557' title='bbox 1597 2668 1611 2691; x_wconf 89' lang='lat'>,</span> <span class='ocrx_word' id='word_1_558' title='bbox 1642 2653 1782 2682; x_wconf 88' lang='lat' dir='ltr'>eorum</span> <span class='ocrx_word' id='word_1_559' title='bbox 1797 2638 1966 2681; x_wconf 83' lang='lat' dir='ltr'>arbitrio</span> <span class='ocrx_word' id='word_1_560' title='bbox 1980 2638 2220 2681; x_wconf 82' lang='lat' dir='ltr'>distribuere</span> <span class='ocrx_word' id='word_1_561' title='bbox 2233 2667 2249 2689; x_wconf 87' lang='lat'>‚</span> 
     </span>
     <span class='ocr_line' id='line_1_95' title="bbox 1272 2695 2249 2751; baseline -0.003 -12"><span class='ocrx_word' id='word_1_562' title='bbox 1272 2700 1312 2739; x_wconf 89' lang='lat'>&amp;</span> <span class='ocrx_word' id='word_1_563' title='bbox 1326 2695 1534 2739; x_wconf 87' lang='lat' dir='ltr'>dimidiam</span> <span class='ocrx_word' id='word_1_564' title='bbox 1550 2700 1671 2743; x_wconf 78' lang='lat' dir='ltr'>etiam</span> <span class='ocrx_word' id='word_1_565' title='bbox 1687 2709 1838 2751; x_wconf 85' lang='lat' dir='ltr'>partem</span> <span class='ocrx_word' id='word_1_566' title='bbox 1851 2710 1923 2751; x_wconf 90' lang='lat' dir='ltr'>pro</span> <span class='ocrx_word' id='word_1_567' title='bbox 1933 2696 2087 2738; x_wconf 84' lang='lat' dir='ltr'>alendis</span> <span class='ocrx_word' id='word_1_568' title='bbox 2098 2710 2249 2751; x_wconf 83' lang='lat' dir='ltr'>paupe-</span> 
     </span>
     <span class='ocr_line' id='line_1_96' title="bbox 1274 2754 2244 2810; baseline -0.003 -11"><span class='ocrx_word' id='word_1_569' title='bbox 1274 2757 1382 2799; x_wconf 85' lang='lat' dir='ltr'>ribus</span> <span class='ocrx_word' id='word_1_570' title='bbox 1396 2758 1619 2810; x_wconf 87' lang='lat' dir='ltr'>peregrinis</span> <span class='ocrx_word' id='word_1_571' title='bbox 1632 2758 1672 2799; x_wconf 91' lang='lat' dir='ltr'>in</span> <span class='ocrx_word' id='word_1_572' title='bbox 1691 2754 1773 2810; x_wconf 84' lang='lat' dir='ltr'>ipso</span> <span class='ocrx_word' id='word_1_573' title='bbox 1786 2754 1949 2810; x_wconf 87' lang='lat' dir='ltr'>Oppido</span> <span class='ocrx_word' id='word_1_574' title='bbox 1965 2769 2038 2809; x_wconf 92' lang='lat' dir='ltr'>pro</span> <span class='ocrx_word' id='word_1_575' title='bbox 2055 2765 2244 2809; x_wconf 83' lang='lat' dir='ltr'>tempore</span> 
     </span>
     <span class='ocr_line' id='line_1_97' title="bbox 1273 2811 2245 2867; baseline -0.004 -10"><span class='ocrx_word' id='word_1_576' title='bbox 1273 2815 1552 2866; x_wconf 82' lang='lat' dir='ltr'>existentibus,</span> <span class='ocrx_word' id='word_1_577' title='bbox 1573 2816 1638 2857; x_wconf 87' lang='lat' dir='ltr'>vel</span> <span class='ocrx_word' id='word_1_578' title='bbox 1653 2828 1727 2867; x_wconf 90' lang='lat' dir='ltr'>pro</span> <span class='ocrx_word' id='word_1_579' title='bbox 1739 2815 2000 2856; x_wconf 87' lang='lat' dir='ltr'>subventione</span> <span class='ocrx_word' id='word_1_580' title='bbox 2016 2811 2245 2862; x_wconf 75' lang='lat' dir='ltr'>seminarii,</span> 
     </span>
     <span class='ocr_line' id='line_1_98' title="bbox 1273 2870 2244 2927; baseline -0.006 -13"><span class='ocrx_word' id='word_1_581' title='bbox 1273 2873 1337 2915; x_wconf 87' lang='lat' dir='ltr'>vel</span> <span class='ocrx_word' id='word_1_582' title='bbox 1354 2872 1532 2927; x_wconf 86' lang='lat' dir='ltr'>Collegii</span> <span class='ocrx_word' id='word_1_583' title='bbox 1550 2900 1564 2921; x_wconf 92' lang='lat'><strong>,</strong></span> <span class='ocrx_word' id='word_1_584' title='bbox 1595 2874 1632 2913; x_wconf 93' lang='lat' dir='ltr'>in</span> <span class='ocrx_word' id='word_1_585' title='bbox 1651 2871 1794 2914; x_wconf 87' lang='lat' dir='ltr'>eodem</span> <span class='ocrx_word' id='word_1_586' title='bbox 1811 2870 1974 2925; x_wconf 87' lang='lat' dir='ltr'>Oppido</span> <span class='ocrx_word' id='word_1_587' title='bbox 1985 2870 2036 2912; x_wconf 86' lang='lat' dir='ltr'>ad</span> <span class='ocrx_word' id='word_1_588' title='bbox 2051 2872 2244 2916; x_wconf 87' lang='lat' dir='ltr'>erudien-</span> 
     </span>
     <span class='ocr_line' id='line_1_99' title="bbox 1271 2927 2241 2985; baseline -0.003 -13"><span class='ocrx_word' id='word_1_589' title='bbox 1271 2933 1344 2972; x_wconf 88' lang='lat' dir='ltr'>dos</span> <span class='ocrx_word' id='word_1_590' title='bbox 1372 2943 1568 2985; x_wconf 88' lang='lat' dir='ltr'>pauperes</span> <span class='ocrx_word' id='word_1_591' title='bbox 1594 2943 1740 2984; x_wconf 86' lang='lat' dir='ltr'>pueros</span> <span class='ocrx_word' id='word_1_592' title='bbox 1768 2958 1782 2981; x_wconf 84' lang='lat'><strong>,</strong></span> <span class='ocrx_word' id='word_1_593' title='bbox 1812 2939 2010 2984; x_wconf 88' lang='lat' dir='ltr'>quatenus</span> <span class='ocrx_word' id='word_1_594' title='bbox 2037 2927 2241 2977; x_wconf 80' lang='lat' dir='ltr'>adessent,</span> 
     </span>
     <span class='ocr_line' id='line_1_100' title="bbox 1271 2985 2242 3042; baseline -0.007 -9"><span class='ocrx_word' id='word_1_595' title='bbox 1271 2990 1414 3037; x_wconf 59' lang='lat' dir='ltr'>erecti,</span> <span class='ocrx_word' id='word_1_596' title='bbox 1431 2990 1494 3030; x_wconf 88' lang='lat' dir='ltr'>vel</span> <span class='ocrx_word' id='word_1_597' title='bbox 1513 2989 1721 3042; x_wconf 86' lang='lat' dir='ltr'>erigendi,</span> <span class='ocrx_word' id='word_1_598' title='bbox 1737 2987 1935 3042; x_wconf 86' lang='lat' dir='ltr'>applicare</span> <span class='ocrx_word' id='word_1_599' title='bbox 1951 2985 2099 3041; x_wconf 67' lang='lat' dir='ltr'>pollent</span> <span class='ocrx_word' id='word_1_600' title='bbox 2111 3015 2125 3038; x_wconf 84' lang='lat'><strong>,</strong></span> <span class='ocrx_word' id='word_1_601' title='bbox 2143 2999 2242 3041; x_wconf 88' lang='lat' dir='ltr'>prae-</span> 
     </span>
     <span class='ocr_line' id='line_1_101' title="bbox 1271 3045 2238 3103; baseline -0.006 -13"><span class='ocrx_word' id='word_1_602' title='bbox 1271 3046 1457 3103; x_wconf 76' lang='lat' dir='ltr'>missaque</span> <span class='ocrx_word' id='word_1_603' title='bbox 1478 3048 1608 3088; x_wconf 87' lang='lat' dir='ltr'>omnia</span> <span class='ocrx_word' id='word_1_604' title='bbox 1633 3059 1770 3086; x_wconf 88' lang='lat' dir='ltr'>eorum</span> <span class='ocrx_word' id='word_1_605' title='bbox 1785 3045 1957 3088; x_wconf 88' lang='lat' dir='ltr'>arbitrio</span> <span class='ocrx_word' id='word_1_606' title='bbox 1972 3046 2168 3101; x_wconf 78' lang='lat' dir='ltr'>reliquit3</span> <span class='ocrx_word' id='word_1_607' title='bbox 2199 3045 2238 3084; x_wconf 88' lang='lat'>&amp;</span> 
     </span>
     <span class='ocr_line' id='line_1_102' title="bbox 1272 3101 2238 3159; baseline -0.007 -11"><span class='ocrx_word' id='word_1_608' title='bbox 1272 3108 1308 3148; x_wconf 92' lang='lat' dir='ltr'>in</span> <span class='ocrx_word' id='word_1_609' title='bbox 1324 3101 1728 3159; x_wconf 72' lang='lat' dir='ltr'>recompensationem</span> <span class='ocrx_word' id='word_1_610' title='bbox 1744 3101 1968 3157; x_wconf 82' lang='lat' dir='ltr'>hujusmodi</span> <span class='ocrx_word' id='word_1_611' title='bbox 1985 3102 2238 3146; x_wconf 87' lang='lat' dir='ltr'>administra-</span> 
     </span>
     <span class='ocr_line' id='line_1_103' title="bbox 1271 3161 2237 3218; baseline -0.005 -13"><span class='ocrx_word' id='word_1_612' title='bbox 1271 3166 1391 3207; x_wconf 88' lang='lat' dir='ltr'>tionis</span> <span class='ocrx_word' id='word_1_613' title='bbox 1417 3163 1607 3218; x_wconf 66' lang='lat' dir='ltr'>praedietis</span> <span class='ocrx_word' id='word_1_614' title='bbox 1623 3161 1907 3205; x_wconf 81' lang='lat' dir='ltr'>executoribus</span> <span class='ocrx_word' id='word_1_615' title='bbox 1917 3186 1932 3210; x_wconf 78' lang='lat'>‚</span> <span class='ocrx_word' id='word_1_616' title='bbox 1946 3161 1986 3202; x_wconf 78' lang='grc' dir='ltr'>δι</span> <span class='ocrx_word' id='word_1_617' title='bbox 1998 3176 2139 3207; x_wconf 88' lang='lat' dir='ltr'>eorum</span> <span class='ocrx_word' id='word_1_618' title='bbox 2153 3161 2237 3202; x_wconf 83' lang='lat' dir='ltr'>cui-</span> 
     </span>
     <span class='ocr_line' id='line_1_104' title="bbox 1270 3217 2236 3275; baseline -0.003 -10"><span class='ocrx_word' id='word_1_619' title='bbox 1270 3223 1368 3266; x_wconf 87' lang='lat' dir='ltr'>libet</span> <span class='ocrx_word' id='word_1_620' title='bbox 1391 3220 1550 3275; x_wconf 85' lang='lat' dir='ltr'>fingulis</span> <span class='ocrx_word' id='word_1_621' title='bbox 1577 3221 1687 3261; x_wconf 88' lang='lat' dir='ltr'>annis</span> <span class='ocrx_word' id='word_1_622' title='bbox 1713 3231 1833 3262; x_wconf 88' lang='lat' dir='ltr'>unum</span> <span class='ocrx_word' id='word_1_623' title='bbox 1859 3217 2016 3263; x_wconf 83' lang='lat' dir='ltr'>scutum</span> <span class='ocrx_word' id='word_1_624' title='bbox 2042 3221 2125 3263; x_wconf 88' lang='lat' dir='ltr'>auri</span> <span class='ocrx_word' id='word_1_625' title='bbox 2151 3218 2236 3262; x_wconf 83' lang='lat' dir='ltr'>affi-</span> 
     </span>
     <span class='ocr_line' id='line_1_105' title="bbox 1269 3275 2234 3336; baseline -0.006 -13"><span class='ocrx_word' id='word_1_626' title='bbox 1269 3280 1425 3336; x_wconf 86' lang='lat' dir='ltr'>gnavit.</span> <span class='ocrx_word' id='word_1_627' title='bbox 1457 3282 1505 3322; x_wconf 85' lang='lat' dir='ltr'>Et</span> <span class='ocrx_word' id='word_1_628' title='bbox 1520 3278 1610 3332; x_wconf 81' lang='lat' dir='ltr'>quia</span> <span class='ocrx_word' id='word_1_629' title='bbox 1626 3288 1720 3319; x_wconf 80' lang='lat' dir='ltr'>tunc</span> <span class='ocrx_word' id='word_1_630' title='bbox 1735 3275 1858 3330; x_wconf 77' lang='lat' dir='ltr'>major</span> <span class='ocrx_word' id='word_1_631' title='bbox 1871 3291 1962 3331; x_wconf 59' lang='lat' dir='ltr'>pars„</span> <span class='ocrx_word' id='word_1_632' title='bbox 1973 3278 2234 3327; x_wconf 84' lang='lat' dir='ltr'>haereditatis,</span> 
     </span>
     <span class='ocr_line' id='line_1_106' title="bbox 1266 3334 2233 3391; baseline -0.006 -10"><span class='ocrx_word' id='word_1_633' title='bbox 1266 3342 1303 3381; x_wconf 90' lang='lat'>&amp;</span> <span class='ocrx_word' id='word_1_634' title='bbox 1322 3341 1515 3382; x_wconf 88' lang='lat' dir='ltr'>bonorum</span> <span class='ocrx_word' id='word_1_635' title='bbox 1531 3334 1751 3391; x_wconf 84' lang='lat' dir='ltr'>hujusmodi</span> <span class='ocrx_word' id='word_1_636' title='bbox 1766 3336 1807 3375; x_wconf 88' lang='lat' dir='ltr'>in</span> <span class='ocrx_word' id='word_1_637' title='bbox 1823 3335 2000 3379; x_wconf 68' lang='lat' dir='ltr'>Ciuitate</span> <span class='ocrx_word' id='word_1_638' title='bbox 2021 3335 2233 3382; x_wconf 71' lang='lat' dir='ltr'>Barenfi2&amp;</span> 
     </span>
     <span class='ocr_line' id='line_1_107' title="bbox 1266 3391 2229 3448; baseline -0.007 -9"><span class='ocrx_word' id='word_1_639' title='bbox 1266 3397 1353 3439; x_wconf 80' lang='lat' dir='ltr'>aliis</span> <span class='ocrx_word' id='word_1_640' title='bbox 1379 3395 1471 3438; x_wconf 71' lang='lat' dir='ltr'>dicti</span> <span class='ocrx_word' id='word_1_641' title='bbox 1500 3391 1760 3447; x_wconf 75' lang='lat' dir='ltr'>Principatfis-</span> <span class='ocrx_word' id='word_1_642' title='bbox 1787 3394 1970 3448; x_wconf 72' lang='lat' dir='ltr'>‘partibus</span> <span class='ocrx_word' id='word_1_643' title='bbox 1997 3396 2189 3438; x_wconf 84' lang='lat' dir='ltr'>existebat</span> <span class='ocrx_word' id='word_1_644' title='bbox 2214 3417 2229 3440; x_wconf 81' lang='lat'>‚</span> 
     </span>
     <span class='ocr_line' id='line_1_108' title="bbox 1263 3451 2231 3497; baseline -0.002 -1"><span class='ocrx_word' id='word_1_645' title='bbox 1263 3455 1378 3497; x_wconf 84' lang='lat' dir='ltr'>Idem</span> <span class='ocrx_word' id='word_1_646' title='bbox 1395 3455 1577 3496; x_wconf 80' lang='lat' dir='ltr'>Testator</span> <span class='ocrx_word' id='word_1_647' title='bbox 1590 3451 1638 3493; x_wconf 85' lang='lat' dir='ltr'>ad</span> <span class='ocrx_word' id='word_1_648' title='bbox 1654 3452 1887 3495; x_wconf 88' lang='lat' dir='ltr'>eorumdem</span> <span class='ocrx_word' id='word_1_649' title='bbox 1901 3454 2095 3496; x_wconf 88' lang='lat' dir='ltr'>bonorum</span> <span class='ocrx_word' id='word_1_650' title='bbox 2111 3454 2231 3494; x_wconf 83' lang='lat' dir='ltr'>haere-</span> 
     </span>
     <span class='ocr_line' id='line_1_109' title="bbox 1261 3510 2228 3562; baseline -0.006 -8"><span class='ocrx_word' id='word_1_651' title='bbox 1261 3513 1496 3555; x_wconf 88' lang='lat' dir='ltr'>ditariorum</span> <span class='ocrx_word' id='word_1_652' title='bbox 1512 3510 1688 3552; x_wconf 87' lang='lat' dir='ltr'>redditus</span> <span class='ocrx_word' id='word_1_653' title='bbox 1704 3537 1719 3560; x_wconf 86' lang='lat'>,</span> <span class='ocrx_word' id='word_1_654' title='bbox 1732 3511 1769 3552; x_wconf 77' lang='lat'>8&lt;</span> <span class='ocrx_word' id='word_1_655' title='bbox 1783 3510 2052 3554; x_wconf 73' lang='lat' dir='ltr'>emolumenta</span> <span class='ocrx_word' id='word_1_656' title='bbox 2065 3513 2228 3562; x_wconf 86' lang='lat' dir='ltr'>exigen-</span> 
     </span>
     <span class='ocr_line' id='line_1_110' title="bbox 1261 3565 2225 3620; baseline -0.004 -7"><span class='ocrx_word' id='word_1_657' title='bbox 1261 3573 1311 3613; x_wconf 89' lang='lat' dir='ltr'>da</span> <span class='ocrx_word' id='word_1_658' title='bbox 1334 3600 1349 3620; x_wconf 90' lang='lat'><strong>,</strong></span> <span class='ocrx_word' id='word_1_659' title='bbox 1391 3573 1448 3611; x_wconf 88' lang='lat'>&amp;-</span> <span class='ocrx_word' id='word_1_660' title='bbox 1465 3569 1652 3611; x_wconf 86' lang='lat' dir='ltr'>servanda</span> <span class='ocrx_word' id='word_1_661' title='bbox 1675 3596 1689 3618; x_wconf 85' lang='lat'><strong>‚</strong></span> <span class='ocrx_word' id='word_1_662' title='bbox 1724 3569 1905 3610; x_wconf 87' lang='lat' dir='ltr'>Priorem</span> <span class='ocrx_word' id='word_1_663' title='bbox 1948 3565 2095 3611; x_wconf 84' lang='lat' dir='ltr'>Domt‘is</span> <span class='ocrx_word' id='word_1_664' title='bbox 2126 3569 2225 3610; x_wconf 83' lang='lat' dir='ltr'>Fra-</span> 
     </span>
     <span class='ocr_line' id='line_1_111' title="bbox 1261 3624 2225 3681; baseline -0.004 -11"><span class='ocrx_word' id='word_1_665' title='bbox 1261 3639 1365 3674; x_wconf 76' lang='lat' dir='ltr'>trum</span> <span class='ocrx_word' id='word_1_666' title='bbox 1377 3629 1538 3670; x_wconf 83' lang='lat' dir='ltr'>Ordinis</span> <span class='ocrx_word' id='word_1_667' title='bbox 1571 3625 1749 3679; x_wconf 72' lang='lat' dir='ltr'>ejusden),</span> <span class='ocrx_word' id='word_1_668' title='bbox 1774 3627 1902 3672; x_wconf 71' lang='lat' dir='ltr'>Sanffl</span> <span class='ocrx_word' id='word_1_669' title='bbox 1923 3624 2153 3681; x_wconf 82' lang='lat' dir='ltr'>Augustini,</span> <span class='ocrx_word' id='word_1_670' title='bbox 2183 3626 2225 3666; x_wconf 75' lang='grc' dir='ltr'>δι</span> 
     </span>
     <span class='ocr_line' id='line_1_112' title="bbox 1261 3681 2221 3739; baseline -0.005 -9"><span class='ocrx_word' id='word_1_671' title='bbox 1261 3687 1417 3730; x_wconf 85' lang='lat' dir='ltr'>Priores</span> <span class='ocrx_word' id='word_1_672' title='bbox 1440 3684 1616 3739; x_wconf 80' lang='lat' dir='ltr'>Collegi-i</span> <span class='ocrx_word' id='word_1_673' title='bbox 1633 3681 1921 3732; x_wconf 76' lang='lat' dir='ltr'>Notariorum,</span> <span class='ocrx_word' id='word_1_674' title='bbox 1951 3686 1989 3724; x_wconf 78' lang='grc' dir='ltr'>δι</span> <span class='ocrx_word' id='word_1_675' title='bbox 2006 3684 2221 3726; x_wconf 57' lang='lat' dir='ltr'>Rectorem</span> 
     </span>
    </p>
   </div>
   <div class='ocr_carea' id='block_1_17' title="bbox 229 3741 2222 3860">
    <p class='ocr_par' dir='ltr' id='par_1_18' title="bbox 229 3741 2222 3860">
     <span class='ocr_line' id='line_1_113' title="bbox 229 3741 2222 3792; baseline -0.001 -7"><span class='ocrx_word' id='word_1_676' title='bbox 229 3742 325 3789; x_wconf 84' lang='lat' dir='ltr'>casu</span> <span class='ocrx_word' id='word_1_677' title='bbox 347 3744 468 3784; x_wconf 86' lang='lat' dir='ltr'>etiam</span> <span class='ocrx_word' id='word_1_678' title='bbox 484 3742 684 3783; x_wconf 84' lang='lat' dir='ltr'>Monicam</span> <span class='ocrx_word' id='word_1_679' title='bbox 699 3743 1045 3792; x_wconf 69' lang='lat' dir='ltr'>usufructuariam,</span> <span class='ocrx_word' id='word_1_680' title='bbox 1077 3745 1197 3785; x_wconf 89' lang='lat' dir='ltr'>etiam</span> <span class='ocrx_word' id='word_1_681' title='bbox 1254 3743 1499 3789; x_wconf 86' lang='lat' dir='ltr'>Parochialis</span> <span class='ocrx_word' id='word_1_682' title='bbox 1517 3741 1700 3788; x_wconf 83' lang='lat' dir='ltr'>Ecclefiae</span> <span class='ocrx_word' id='word_1_683' title='bbox 1724 3746 1853 3785; x_wconf 83' lang='lat' dir='ltr'>Beatae</span> <span class='ocrx_word' id='word_1_684' title='bbox 1873 3742 2004 3784; x_wconf 84' lang='lat' dir='ltr'>Mariae</span> <span class='ocrx_word' id='word_1_685' title='bbox 2029 3742 2079 3785; x_wconf 90' lang='lat' dir='ltr'>de</span> <span class='ocrx_word' id='word_1_686' title='bbox 2093 3742 2222 3784; x_wconf 76' lang='lat' dir='ltr'>Penzi</span> 
     </span>
     <span class='ocr_line' id='line_1_114' title="bbox 229 3799 2219 3860; baseline -0.001 -17"><span class='ocrx_word' id='word_1_687' title='bbox 229 3802 314 3860; x_wconf 81' lang='lat' dir='ltr'>ejus</span> <span class='ocrx_word' id='word_1_688' title='bbox 335 3801 419 3844; x_wconf 84' lang='lat' dir='ltr'>vita</span> <span class='ocrx_word' id='word_1_689' title='bbox 447 3799 616 3842; x_wconf 86' lang='lat' dir='ltr'>naturali</span> <span class='ocrx_word' id='word_1_690' title='bbox 642 3799 838 3852; x_wconf 79' lang='lat' dir='ltr'>durante,</span> <span class='ocrx_word' id='word_1_691' title='bbox 869 3802 1045 3843; x_wconf 89' lang='lat' dir='ltr'>omnium</span> <span class='ocrx_word' id='word_1_692' title='bbox 1070 3803 1194 3844; x_wconf 87' lang='lat' dir='ltr'>bono·</span> <span class='ocrx_word' id='word_1_693' title='bbox 1255 3812 1514 3859; x_wconf 18' lang='lat' dir='ltr'>nuncupa-tae,</span> <span class='ocrx_word' id='word_1_694' title='bbox 1551 3799 1659 3843; x_wconf 64' lang='lat' dir='ltr'>dietae</span> <span class='ocrx_word' id='word_1_695' title='bbox 1686 3800 1903 3852; x_wconf 87' lang='lat' dir='ltr'>Civitatis,</span> <span class='ocrx_word' id='word_1_696' title='bbox 1932 3814 2005 3856; x_wconf 90' lang='lat' dir='ltr'>pro</span> <span class='ocrx_word' id='word_1_697' title='bbox 2032 3810 2219 3853; x_wconf 84' lang='lat' dir='ltr'>tempore</span> 
     </span>
    </p>
   </div>
   <div class='ocr_carea' id='block_1_18' title="bbox 2080 3858 2169 3899">
    <p class='ocr_par' dir='ltr' id='par_1_19' title="bbox 2080 3858 2169 3899">
     <span class='ocr_line' id='line_1_115' title="bbox 2080 3858 2169 3899; baseline -0.011 0"><span class='ocrx_word' id='word_1_698' title='bbox 2080 3858 2169 3899; x_wconf 83' lang='lat' dir='ltr'>exi-</span> 
     </span>
    </p>
   </div>
  </div>
 </body>
</html>
