2756 4074
644 866 706 933 a<
745 897 763 900 11
893 887 895 889 ,
959 929 962 932 1
1228 852 1314 923 1,,
1452 854 1500 913 3
1555 846 1666 907 „4
1868 896 1870 898 -
1928 880 1931 881 1
1980 874 1989 879 11

280 1067 488 1229 Μ
558 1068 727 1230 O
800 1067 949 1227 N
1021 1069 1176 1228 U
1251 1069 1457 1226 M
1714 1073 1862 1230 N
1928 1074 2102 1233 T
2171 1082 2328 1232 A

455 1298 1260 1420 APOST

1333 1303 2135 1423 OL-ICA

577 1489 687 1556 Vel
703 1491 979 1558 omnibus
1002 1495 1106 1560 vel
1112 1491 1389 1580 pluribus
1413 1492 1638 1563 Gallice
1662 1493 2017 1567 Provinciis

1119 1608 1494 1655 communza.

275 1759 2326 1783 w—ffl—m—-Q——Q—

279 1853 462 1901 Fratoes
478 1848 654 1901 nostros
675 1848 734 1897 ad
748 1840 927 1896 Gallias
940 1849 1034 1899 ἃς.
1062 1851 1269 1906 transire,

346 1919 501 1984 ibique
523 1922 704 1968 Domos
720 1951 737 1974 ,
773 1913 1016 1966 Custodias
1033 1952 1050 1974 ,
1082 1916 1131 1967 δε
1161 1921 1272 1979 Pro-v

344 1988 518 2037 vincias
531 1983 724 2032 fundare
741 1983 956 2030 concedit
970 2016 982 2029 .

280 2124 766 2181 GREGORIUS
816 2122 1028 2172 PAPA
1083 2123 1266 2172 XIII.

568 2300 586 2311 ,1
715 2296 718 2301 ,
760 2254 800 2295 Χ
827 2249 949 2294 nostri
969 2250 1181 2296 Pastoralis
1197 2250 1270 2294 Of-

632 2304 723 2365 ’·*””;”
778 2310 858 2354 ficii
884 2311 1027 2355 debito
1052 2311 1103 2353 ad
1138 2325 1184 2353 ea
1223 2311 1270 2353 li-

494 2404 526 2428 ,.,
561 2400 583 2425 „y
631 2404 633 2406 -
700 2383 701 2387 ’
778 2371 924 2418 beuter
969 2369 1219 2416 attendimus
1249 2398 1265 2422 ‚

448 2461 449 2473 i
522 2448 696 2490 ijs»
781 2443 854 2487 per
879 2443 963 2487 quae
991 2429 1268 2485 {iugulorum-

556 2480 579 2490 A
682 2483 705 2542 *i*
783 2488 1090 2546 Religiosorum
1127 2501 1274 2545 propa-

498 2591 514 2593 μ
638 2593 650 2611 r
693 2546 695 2553 ¹
781 2547 1276 2604 gationiconsulatur3ma-

500 2666 502 2675 1
535 2605 615 2640 ’,Ὗ
656 2620 666 2629 “
698 2634 699 2638 =
781 2607 891 2651 xime
907 2610 1133 2664 vero,quae
1149 2607 1276 2649 alicu-

782 2741 874 2770 rum
888 2727 1109 2770 devotione
1128 2733 1273 2779 optan-

273 2792 344 2827 tur
359 2812 371 2824 .
387 2786 499 2827 Cum
515 2785 654 2841 itaque
681 2784 852 2841 Religio
864 2785 1029 2828 Ordinis
1047 2787 1272 2826 Fratrum,

270 2841 480 2885 Minorum
494 2843 840 2898 Congregationis
854 2843 1114 2899 Capucinoru
1122 2856 1158 2883 m
1171 2855 1273 2884 nun·

269 2910 427 2956 cupatae
442 2929 458 2953 ,
471 2898 631 2944 dudum
647 2901 687 2943 in
702 2901 823 2944 Italia
838 2900 1057 2945 salubriter
1074 2899 1268 2952 instituta,

269 2973 377 3002 nunc
394 2960 517 3002 etiam
531 2958 572 3001 in
600 2959 781 3015 partibus
795 2960 1040 3012 Galliarum,
1059 2962 1096 3001 &
1111 2959 1263 3014 lignan-

274 3028 342 3061 ter
364 3018 406 3061 in
425 3018 757 3072 Almagcivitate
780 3019 983 3062 Parifiensi
1010 3019 1159 3061 institui
1175 3032 1265 3061 coe-

270 3087 368 3135 pta,
401 3078 451 3120 ad
468 3075 588 3120 finem
604 3077 774 3133 perduci
789 3077 1068 3122 desideretur:
1096 3077 1160 3120 sed
1176 3078 1270 3133 quia

272 3134 372 3182 alias
388 3136 457 3179 sel:
476 3136 636 3180 record:
650 3137 796 3181 Paulus
811 3138 919 3193 Papa
935 3136 1008 3180 111.
1019 3134 1268 3189 ,Praedeces-

268 3194 335 3239 sor
366 3195 528 3248 noster,
558 3209 607 3238 ex
631 3197 759 3240 certis
791 3203 889 3240 tunc
918 3194 1100 3252 expreffis
1113 3194 1237 3238 causis
1250 3226 1266 3247 ,

268 3254 312 3298 in
330 3254 481 3299 virtute
495 3255 644 3298 Sanetae
658 3253 913 3299 Obedientiae
929 3285 942 3308 ‚
959 3257 998 3298 &
1014 3253 1084 3298 sub
1100 3268 1265 3297 excom-

269 3313 561 3358 municationis
580 3314 667 3358 latae
696 3315 899 3359 sentcntiae
926 3329 1046 3372 poena
1060 3341 1075 3364 ‚
1103 3313 1269 3356 Dileffis

253 3371 386 3416 ‘Filiis
402 3374 571 3418 Vicario
585 3374 779 3418 Generali
794 3403 809 3426 ,
831 3376 870 3417 δι
901 3374 1111 3417 fratribus
1142 3372 1268 3415 dieto.

268 3445 357 3475 rum
370 3432 544 3477 Ordinis
558 3463 573 3484 ,
588 3435 628 3476 δε
641 3433 1011 3490 Congregationis‚
1030 3435 1147 3476 Motu
1171 3447 1265 3488 pro-

271 3489 363 3544 prio
381 3492 571 3549 praecepit
584 3506 600 3545 3
625 3508 674 3536 ne
691 3523 705 3547 ‚
732 3492 866 3536 donec
894 3492 915 3534 ὲ
933 3492 971 3535 st:
1004 3492 1045 3534 in
1067 3490 1266 3546 Capitulo

273 3550 469 3593 Generali
500 3550 680 3608 ejusdem
707 3549 874 3596 Ordinis
892 3579 905 3604 ,
925 3550 1036 3608 quod
1059 3553 1098 3594 in
1115 3552 1264 3595 Urbe.)

274 3606 564 3653 celebrandum
585 3621 672 3654 erat
689 3610 826 3663 ‚aliud
850 3609 966 3666 super
993 3626 1040 3654 co
1070 3609 1264 3652 determi-

275 3676 416 3709 natum
434 3662 539 3710 foret
555 3696 569 3719 ‚
586 3669 624 3712 se
645 3669 684 3713 se
708 3669 815 3713 ultra
834 3679 993 3714 montes
1013 3668 1235 3712 transferre
1249 3697 1265 3718 ,

275 3734 344 3768 aut
370 3724 460 3767 loca
484 3724 535 3767 de
561 3739 669 3772 novo
697 3739 913 3785 acceptare
940 3729 1163 3772 auderent:
1195 3726 1263 3782 ipfi

1332 1852 1634 1892 Praedecefforis
1657 1853 1774 1893 obitu
1787 1880 1804 1900 ,
1829 1852 2033 1893 creditum
2048 1854 2096 1892 fit
2110 1848 2325 1905 expirasse,

1334 1907 1456 1948 veriti
1491 1916 1626 1948 tamen
1647 1907 1804 1949 crimen
1832 1902 2146 1962 transgreffionis
2170 1936 2185 1958 ‚
2219 1906 2321 1949 nihil

1334 1964 1500 2003 omnino
1515 1972 1660 2003 contra
1675 1964 1778 2003 illud
1796 1965 1941 2017 absque
1965 1965 2080 2006 <1161ae
2099 1964 2213 2007 Sedis
2233 1980 2341 2020 perer

1333 2016 1514 2058 miffione
1540 2046 1555 2066 ‚
1583 2017 1661 2059 ausi
1694 2017 1768 2058 fint
1795 2019 2001 2074 hucusque
2029 2022 2323 2065 attrectare...

1331 2079 1420 2118 Nos
1449 2073 1678 2130 Religionis
1716 2075 1952 2131 amplianda:
1980 2076 2110 2122 studio
2137 2108 2153 2128 ,
2185 2079 2324 2135 probi-

1329 2134 1528 2176 bitionem
1570 2133 1799 2190 praedifflam
1828 2165 1846 2186 ,
1898 2150 1945 2178 ac
1972 2136 2163 2192 quicquid
2198 2142 2223 2185 ὲ
2258 2138 2323 2180 di-

1335 2197 1401 2236 ero
1426 2191 1718 2237 Praedecessore
1742 2193 1830 2251 ejus
1852 2193 1970 2238 causa
1996 2196 2208 2243 decretum
2234 2197 2318 2248 est,

1331 2252 1572 2297 auftoritate
1594 2252 1845 2309 praesentium
1873 2255 2114 2311 abrogamus
2130 2284 2147 2307 ‚
2180 2266 2224 2298 ae
2243 2256 2318 2297 Vi-

1329 2313 1482 2357 carium
1510 2315 1728 2356 &Fratres
1754 2313 1962 2368 praedieros
1983 2326 2124 2359 contra
2151 2314 2224 2355 illa
2244 2316 2317 2358 im,

1331 2372 1532 2428 integrum
1561 2371 1806 2416 restituimus
1830 2400 1843 2413 .
1876 2373 1989 2433 Qin
2012 2376 2136 2417 etiam
2161 2373 2240 2415 illis
2265 2373 2317 2415 ad

1333 2431 1491 2474 Gallias
1504 2459 1519 2482 ,
1533 2431 1572 2472 &
1591 2441 1753 2474 caeteras
1770 2445 1910 2479 omnes
1924 2433 2046 2476 Orbis
2063 2441 2197 2490 partes
2218 2433 2318 2476 libe-

1338 2489 1383 2533 re
1399 2488 1628 2532 transeundi
1647 2518 1662 2542 ‚
1675 2491 1878 2534 &ibidem
1889 2492 2038 2534 Domos
2052 2520 2067 2543 2
2083 2495 2189 2534 Loca
2203 2520 2217 2542 ‚
2232 2494 2319 2534 C'u-

1336 2548 1483 2592 stodias
1500 2577 1513 2599 ,
1542 2550 1582 2589 &
1606 2549 1865 2599 Provincias,
1896 2550 2007 2605 juxta
2031 2565 2172 2592 eorum
2193 2550 2316 2592 Ordi-

1337 2622 1430 2650 nem
1466 2607 1658 2650 fundandi
1684 2639 1700 2659 ,
1736 2608 1965 2654 instituendi
2006 2609 2212 2653 licentiam
2243 2609 2317 2650 tri-

1337 2667 1494 2709 buimus
1512 2695 1524 2708 .
1539 2671 1632 2712 Non
1645 2667 1894 2713 obstantibus
1909 2667 2122 2725 praemiffis,
2139 2681 2185 2709 ac
2201 2668 2316 2709 Con-

1341 2725 1612 2769 st-itutionibus
1637 2757 1652 2778 ,
1678 2729 1719 2768 ὃς
1746 2727 2080 2771 ordinationibus
2107 2726 2312 2782 Apostoli-

1332 2786 1409 2834 cis,
1425 2799 1498 2826 nec
1513 2799 1594 2828 non
1609 2785 1850 2840 Ordinis‚&
1863 2785 2199 2842 Congregationis
2215 2798 2313 2839 prae-

1333 2842 1530 2887 diciorum
1552 2873 1568 2897 2
1587 2843 1847 2900 juramento,
1873 2845 2182 2888 confirmatione
2207 2848 2318 2896 Apo-

1333 2901 1470 2945 stolica
1494 2932 1509 2953 ,
1538 2902 1605 2945 vel
1630 2906 1769 2959 quavis
1797 2904 1988 2947 firmitate
2014 2903 2091 2944 alia
2114 2902 2315 2942 roboratis

1327 2960 1482 3003 statutis
1495 2989 1510 3012 ‚
1523 2961 1563 3002 &
1577 2962 1955 3012 consuetudinibus,
1968 2958 2200 3014 caeterisque
2215 2973 2312 3001 con-

1326 3020 1461 3062 trariis
1478 3018 1794 3076 quibuscumquc
1809 3044 1820 3055 -
1835 3019 1954 3077 ,Qria
1983 3019 2082 3060 vero
2105 3015 2310 3061 difficile.)

1331 3076 1424 3122 effet
1440 3109 1454 3130 ,
1471 3079 1678 3134 praesentcs
1692 3106 1706 3128 ‚
1719 3090 1973 3133 quocumque
1999 3076 2081 3120 illis
2096 3090 2194 3130 opus
2211 3077 2306 3127 erit,

1331 3137 1526 3194 perferri,
1540 3136 1722 3178 volumus
1737 3163 1751 3184 ,
1766 3145 1811 3177 ut
1825 3135 1989 3178 illarum
2013 3134 2273 3191 transumptis
2287 3161 2301 3181 ,

1327 3197 1450 3239 etiam
1476 3192 1683 3250 expretus,
1706 3207 1824 3237 manu
1849 3194 2011 3238 Notarii
2043 3194 2194 3249 publici
2220 3195 2307 3235 sub-

1325 3254 1485 3310 scriptis
1502 3283 1515 3305 ,
1541 3255 1581 3296 δι
1606 3251 1737 3309 sigillo
1751 3253 1978 3308 personaein
2003 3253 2205 3310 dignitate
2236 3255 2311 3295 Ec-

1331 3312 1545 3356 clefiastica
1571 3312 1796 3356 constitutae
1818 3312 2007 3364 munitis,
2037 3312 2179 3356 eadem
2192 3325 2309 3368 pror-

1330 3373 1391 3415 sus
1407 3371 1503 3413 fides
1521 3370 1761 3414 adhibeatur
1778 3373 1816 3414 in
1835 3371 2011 3428 judicio,
2023 3374 2062 3414 δι
2075 3382 2208 3423 extra,
2223 3385 2305 3426 quae

1328 3430 1588 3485 praescntibus
1602 3431 1867 3474 adhiberetur
1881 3460 1895 3484 ,
1912 3430 1938 3472 fi
1955 3431 2141 3474 exhibitae
2158 3429 2311 3480 forent,

1328 3490 1392 3533 vel
1413 3488 1579 3533 ostensae.
1595 3490 1712 3532 Nulli
1735 3504 1835 3546 crgo
1859 3490 2025 3532 omnino
2040 3491 2242 3532 hominum
2259 3486 2309 3528 li-

1327 3559 1420 3592 ceat
1434 3550 1532 3591 hanc
1547 3549 1729 3605 paginam
1745 3548 1884 3592 nostrae
1897 3549 2184 3605 abrogationis,
2200 3547 2311 3589 resti-

1329 3608 1514 3657 tutionis,
1531 3607 1763 3652 tributionis
1778 3637 1795 3659 ,
1813 3610 1851 3650 &
1880 3608 2099 3651 voluntatis
2117 3604 2309 3660 infringe-

1329 3683 1373 3711 re
1387 3696 1400 3719 ,
1417 3667 1480 3709 vel
1499 3667 1534 3708 ei
1561 3665 1652 3709 ausu
1669 3668 1889 3711 temerario
1905 3666 2106 3710 contraire
2119 3694 2135 3708 .
2159 3665 2200 3709 Si
2217 3666 2305 3721 quis

1327 3739 1458 3771 autem
1475 3726 1553 3768 hoc
1565 3735 1769 3770 attentare
1788 3724 2076 3782 praesumpserit
2093 3753 2108 3774 ‚
2122 3725 2306 3779 indigna-

268 3783 461 3843 Vicarius
477 3810 492 3832 a
505 3786 545 3826 δι
561 3786 726 3830 Fratres
743 3816 757 3839 ‚
769 3787 838 3832 etfi
859 3798 1103 3845 praeceptum
1119 3816 1136 3839 ,
1162 3786 1257 3841 dicu
1319 3787 1476 3832 tionem
1508 3785 1812 3843 Omnipotcntis
1828 3785 1904 3826 Dei
1920 3812 1933 3835 ,
1947 3785 1981 3825 8<
1997 3786 2213 3827 Beatorum
2230 3787 2306 3826 Pc-

388 3846 490 3888 Tom.
513 3846 550 3887 V.

1832 3846 1866 3885 A
2163 3842 2238 3890 tri,
