2612 4100
930 175 1540 300 Pariste'nsis‘

2088 192 2204 276 ὅτ,

229 317 440 388 Eiusdem
462 322 629 372 Fratris
649 322 1224 397 Athanafii(tuncJosephi
1281 343 1337 372 xae
1360 326 1611 382 Religionis,
1625 324 1881 383 acipfiusmet
1895 327 2030 395 Regni
2045 337 2229 387 periculo
2243 364 2257 387 ,

291 389 527 460 Episcopi)
545 394 756 444 devotam
769 411 877 464 erga
898 397 1213 465 Apostolicam
1281 389 1330 427 ab
1354 402 1398 428 ea
1428 387 1678 429 deflexerunt
1693 413 1708 437 ³
1732 387 1771 427 ἃ
1791 400 1972 441 quamvis
1994 391 2016 430 ὲ
2042 394 2164 435 Νθῦῐὸ
2187 410 2253 448 pa-

288 460 458 512 Sedem
486 463 823 523 obedientiam,
853 483 993 532 quam
1025 480 1124 517 tum
1151 470 1214 536 ip-

289 529 437 584 semet
471 532 719 585 Pontificiae
749 535 1083 586 Constitutioni
1106 555 1213 605 prae-

296 600 502 664 fluerat,
531 620 634 655 tum
658 604 714 653 ab
742 605 842 654 aliis
865 605 1058 675 praestari
1088 626 1216 657 cura-

288 686 425 733 ¹verat
443 710 460 734 ,
487 673 694 726 laudibus
712 689 844 725 ornat
862 712 878 735 ‚
894 696 981 735 rac,
1006 691 1058 727 ut
1074 675 1213 727 susce-

289 755 373 810 pto
403 743 587 795 confilio
614 742 693 794 sua
723 747 887 798 merita
919 762 1086 817 augere
1113 766 1210 816 per·

1197 804 1212 812 ,α

286 826 369 881 gat
383 850 399 873 ,
417 816 626 865 hortatur
641 850 655 865 .

315 945 532 994 Venerabile
546 949 690 991 Fratri
703 977 714 998 ,
727 949 894 1007 ‘Jofipho
906 975 921 999 ,
935 948 1117 1006 Epifiopo

623 1006 825 1065 Grafflnsi

283 1139 688 1190 CLEMENS
736 1142 955 1192 PAPA
1007 1144 1122 1192 XI.

282 1255 514 1301 Venerabilis
542 1260 689 1302 Frater
708 1287 722 1310 ‚
736 1258 943 1315 filatem,
967 1259 1021 1309 ὠ·
1036 1264 1143 1317 Apo.-

428 1317 611 1374 stolicam
636 1318 942 1363 Benedimonem
955 1347 968 1362 .

213 1429 341 1581 Q
356 1435 441 1477 Uos
457 1436 705 1483 Fraternitas
735 1440 822 1481 Tua
854 1438 1002 1481 litteris
1018 1438 1122 1481 datis
1138 1436 1205 1479 die

380 1506 444 1549 19.
467 1495 636 1550 Augusti
650 1498 831 1556 proxime
847 1498 1040 1552 praeteriti
1075 1497 1206 1540 Nobis

958 1618 1206 1659 m,

207 1665 314 1708 hanc
347 1666 494 1736 §edem
519 1699 534 1723 ,
564 1673 603 1714 δι
624 1632 884 1732 ιὲἓιοίὶοίἰεαε
912 1628 1174 1719 [ξείὶῃίῐίοηεε
1190 1703 1206 1726 ‚

207 1732 651 1785 quamvisinexpeftati
678 1733 807 1777 Nobis
835 1747 1091 1790 nequaquam
1105 1733 1207 1778 acci-

208 1781 349 1825 derint
361 1812 376 1835 ,
404 1788 473 1840 qui
498 1802 638 1834 eorum
655 1799 718 1834 tot
732 1791 810 1832 alia
825 1817 839 1839 ,
854 1795 894 1833 &
909 1791 998 1833 sane
1016 1792 1206 1846 praeclara

207 1840 378 1890 antehac
390 1843 414 1884 ὲ
429 1844 490 1884 Te
518 1847 748 1897 accepimus
768 1856 1008 1898 argumenta
1021 1872 1036 1893 ,
1069 1847 1207 1898 praeci·

207 1908 295 1951 puo
321 1906 484 1951 tamen,
512 1902 835 1957 optatiffimoque
860 1902 1005 1943 solatio
1034 1906 1123 1943 Nos
1151 1900 1207 1943 af·

207 1951 397 1995 fecerunt
413 1963 674 2009 :agnovimus
697 1961 804 2000 enim
826 1961 864 1998 in
879 1960 936 1999 eis
952 1987 965 2006 ,
999 1961 1060 1999 Te
1092 1973 1205 1999 non-³

207 2009 334 2050 mod&
349 2010 502 2052 firminis
526 2012 567 2050 in
585 2009 673 2053 dies
689 2040 702 2060 ,
727 2022 848 2064 atque
872 2013 1116 2050 constantius
1147 2013 1206 2049 in-

203 2065 363 2110 haerere
389 2064 448 2106 illi
469 2079 563 2120 erga
579 2071 820 2122 Supremam
851 2068 892 2106 Β.
911 2065 1024 2108 Petri
1048 2066 1206 2108 Cathe-

206 2122 324 2166 dram
341 2122 605 2178 subjectioni,
623 2135 742 2181 atque
758 2123 1027 2168 observantiae
1040 2153 1056 2175 ,
1082 2138 1201 2180 quam

205 2182 259 2225 nb
274 2181 471 2224 Institutis
502 2183 629 2225 Sacrae
643 2213 656 2236 ,
673 2185 879 2239 Nobisque
893 2184 1210 2238 acceptatiffim27

204 2240 516 2295 Capucinorum
534 2243 707 2284 Familiae
728 2244 828 2286 olim
857 2243 1012 2285 haufisti
1029 2272 1041 2292 ,
1061 2256 1204 2297 quam·

199 2300 285 2356 flue
323 2300 346 2342 ὲ
378 2299 715 2354 praestantioribus
763 2302 910 2344 Galliae
949 2301 1205 2344 Antistitibus

206 2356 318 2400 omni
337 2367 520 2414 tempore
546 2361 693 2403 eximie
708 2363 862 2404 cultam
878 2390 890 2412 ,
916 2360 1200 2403 acillustribus

203 2416 406 2471 exemplis
439 2416 692 2462 declaratam
723 2418 836 2463 suilse
865 2421 991 2473 probe
1020 2433 1205 2475 comper-

202 2484 291 2520 tum
317 2475 465 2528 habes,
494 2479 773 2523 verumetiam
803 2482 893 2528 Te,
920 2478 1106 2534 singulari
1133 2489 1202 2517 tua

198 2533 444 2589 impellente
465 2536 644 2590 pietate,
674 2538 876 2581 strenuam
891 2566 910 2588 ,
933 2536 1200 2593 sedulamque

199 2606 352 2636 navare
374 2607 568 2649 operam,
597 2607 643 2639 ut
674 2597 743 2640 alii
767 2611 930 2652 quoque
955 2595 1007 2638 ad
1026 2598 1198 2650 pr-aestan·

196 2650 290 2695 dam
318 2651 562 2706 Apostolicae
593 2654 688 2698 Sedi
716 2655 900 2698 debitam
920 2654 1199 2697 obedientiam

196 2709 461 2754 adducantur
484 2741 497 2753 .
539 2715 662 2756 Hunc
691 2727 816 2769 porro
856 2713 896 2754 in
926 2713 1088 2766 scopum
1115 2716 1200 2754 Nos

195 2781 281 2813 non
313 2771 371 2812 ita
410 2770 572 2824 pridem
615 2772 667 2813 ad
701 2771 911 2813 universos
938 2770 1201 2812 Venerabiles

194 2829 361 2870 Fratres
388 2826 497 2868 istius
515 2830 649 2882 Regni
675 2827 1035 2882 Archiepiscopos,
1050 2830 1090 2869 δι
1107 2827 1198 2883 Epi-

196 2885 344 2940 scopos
361 2881 522 2928 litteras
538 2884 728 2929 dedimus
758 2887 797 2928 in
821 2886 936 2928 fimili
955 2885 1085 2928 forma
1102 2888 1201 2928 Bre-

197 2943 262 2986 vis
284 2943 486 2999 (quarum
514 2944 741 2998 exemplum
769 2958 941 2997 unacum
961 2944 1048 2987 aliis
1074 2944 1200 2988 cons}-

199 3001 369 3045 milibus
385 3001 534 3045 litteris
550 3004 720 3054 nostris,
747 3005 893 3060 quibus
921 3003 974 3046 ad
1007 3017 1201 3047 coercen—

197 3059 292 3103 dam
334 3061 656 3105 intollerabilem
696 3062 919 3105 facultatis
940 3062 1202 3117 Theologicae

123 3112 145 3165 ⁵,
195 3117 425 3164 Parifienfis
440 3120 648 3165 audaciam
667 3122 802 3164 omnia
817 3120 1050 3176 privilegia,
1066 3120 1124 3163 illi
1152 3120 1203 3162 ab

193 3176 340 3222 eadem
354 3179 460 3224 Sede
474 3179 726 3233 coneeffi,ad
742 3180 872 3223 nostru
880 3193 936 3229 m,
948 3181 989 3221 δε
1003 3178 1202 3235 ejusdem-

1273 445 1392 488 tienti
1410 447 1697 502 moderatoque
1711 445 1845 487 animo
1858 446 2049 488 haetenus
2074 455 2257 503 expeeka-

1272 505 1332 555 ti,
1359 518 1404 546 ac
1434 506 1483 546 ad
1510 505 1644 559 pacis,
1676 502 1936 561 perfectaque
1962 507 2259 550 reconciliatio-

1273 563 1335 603 nis
1366 563 1547 606 osculum
1571 564 1728 606 invitati
1763 591 1778 614 ,
1799 563 1931 606 adhuc
1953 572 2089 607 tamen
2115 565 2255 607 misere

1274 620 1465 664 aberrare
1484 632 1658 676 pergunt
1673 653 1684 665 .
1700 625 1825 667 Latus
1838 621 1971 680 itaque
1986 626 2164 680 speetatae
2182 624 2260 665 vir-

1272 680 1355 721 tuti
1371 690 1448 722 tuae
1465 692 1628 734 campus
1657 683 1838 737 aperitur
1850 680 1901 725 de
1918 685 2061 738 Regno
2073 707 2087 729 ‚
2102 680 2154 723 de
2181 684 2261 723 Ec-

1271 737 1421 788 clefia,
1438 736 1578 779 dehac
1606 742 1746 782 Sanan
1771 742 1903 793 Sede,
1928 741 1980 784 de
2009 739 2139 784 Nobis
2166 739 2254 795 ipsis

1270 795 1464 852 praeclare
1488 795 1701 846 merendi,
1725 801 1793 852 qui
1814 801 2022 843 coelestem
2052 798 2257 842 Pastorum

1269 854 1503 909 Principem
1516 852 1633 896 enIxe
1659 865 1846 910 rogantes
1859 887 1874 908 ,
1890 869 1937 901 ut
1959 858 2045 913 pios
2072 866 2164 899 tuos
2182 871 2256 898 co-

1267 922 1384 955 natus
1401 910 1540 953 divina
1566 910 1634 953 sua
1665 926 1743 967 ope
1763 912 1900 967 juvare
1929 916 2102 970 benigne
2132 913 2252 964 velit,

1267 970 1532 1014 Fraternitati
1574 970 1669 1012 Tuae
1710 973 1980 1027 Apostolicam
2007 973 2258 1017 Benedielio-

1267 1044 1358 1072 nem
1385 1035 1639 1083 peramanter
1651 1028 1910 1085 impertimur
1925 1058 1935 1070 .

1383 1090 1537 1130 Datum
1560 1085 1697 1128 Romae
1711 1087 1816 1142 apud
1834 1091 2022 1132 Sanctum
2052 1091 2258 1133 Petrum-3

1260 1146 1330 1190 sub
1361 1145 1511 1188 annulo
1541 1144 1754 1188 Piscatoris
1782 1145 1849 1188 die
1887 1162 1967 1190 xx.
2013 1149 2252 1192 Decembris

1261 1220 1335 1248 mo
1352 1219 1376 1246 c
1393 1218 1454 1246 cx
1469 1216 1491 1244 v
1510 1217 1543 1245 ι.
1570 1202 1833 1247 pontificatus
1862 1207 1984 1250 nostri
2002 1221 2113 1251 anno
2142 1206 2255 1248 deci-

1263 1264 1426 1306 decimo
1442 1262 1554 1305 sexto
1570 1291 1583 1303 .

1327 1383 1388 1424 Ex.
1411 1389 1513 1422 tomo
1541 1389 1683 1435 quarto
1708 1386 1825 1423 Brea.
1843 1379 2014 1436 Apostol.
2030 1378 2143 1436 hujus
2159 1381 2255 1421 Pon-

1382 1439 1499 1496 tificis
1508 1438 1697 1500 fol.577.

1267 1677 1496 1730 Matronis
1528 1678 1730 1727 Familiae
1752 1677 1808 1727 de
1828 1679 1992 1726 Melun
2019 1672 2254 1741 d'Epinois

1336 1754 1546 1799 Domum
1577 1753 1792 1798 Fratrum
1825 1748 2078 1805 Abbavillae
2097 1760 2263 1792 annua-

1336 1820 1426 1864 tim
1454 1817 1630 1863 duabus
1660 1819 1836 1863 vicibus
1867 1812 2151 1882 ingrediendi
2187 1808 2254 1858 fa-

1338 1884 1559 1929 cultatem
1594 1884 1822 1950 largitur.

1268 2008 1746 2051 CLEMENS
1817 2010 2079 2054 PAPA
2140 2009 2260 2055 XI.

1451 2127 1519 2171 Ad
1528 2126 1721 2187 satarum
1736 2130 1796 2170 rei
1817 2130 2041 2175 memoriam
2056 2157 2070 2172 .

1271 2247 1283 2257 “
1377 2246 1515 2301 Xponi
1531 2246 1660 2289 Nobis
1674 2263 1804 2307 nuper
1820 2250 1916 2293 fecit
1933 2249 2101 2291 dilestus
2118 2246 2260 2298 Filius,

1270 2350 1282 2357 ,
1401 2303 1596 2347 pacificus
1616 2309 1859 2360 CaletanuS,
1885 2309 2064 2350 Minister
2094 2307 2260 2348 Provin-

1263 2368 1374 2404 cialis
1388 2363 1603 2418 Provincie
1615 2365 2031 2416 Parisaenfis‚0rdinis
2048 2367 2263 2406 FF.Mino·

1263 2434 1352 2463 rum
1379 2425 1422 2464 S·
1442 2423 1642 2463 Francisci‘
1673 2426 1975 2480 Capucinorum
2007 2431 2259 2476 nuncupato-

1261 2492 1373 2530 rum,
1402 2479 1540 2534 quod,
1571 2493 1660 2521 cum
1694 2483 1860 2526 Familia
1887 2483 1939 2525 de
1955 2482 2094 2523 Melun
2110 2480 2257 2534 d’Epi-

1261 2539 1349 2579 nois
1367 2540 1630 2584 *Conventum
1645 2539 1824 2594 Oppidi,
1855 2541 1919 2581 seu
1947 2538 2028 2580 loci
2049 2538 2254 2578 Abbavil-

1262 2594 1428 2637 lensium
1447 2595 1540 2636 dieti
1559 2596 1723 2639 Ordinis
1741 2596 1977 2639 fundaverit
1991 2623 2005 2646 ,
2020 2609 2064 2638 ac
2081 2594 2263 2649 plurium*

1262 2667 1456 2696 annorum
1490 2654 1615 2709 spatio
1640 2655 1865 2711 privilegiis
1888 2653 2160 2697 Fundatorum
2192 2652 2253 2692 in-

1263 2710 1476 2766 grediendi
1492 2714 1639 2754 dietum
1655 2718 1915 2756 Conventum
1934 2713 1998 2754 usa
2015 2709 2163 2759 fuerit,
2182 2711 2256 2751 Di-

1263 2769 1397 2824 ploma
1419 2771 1517 2811 vero
1534 2771 1842 2826 privilegiorum
1866 2770 2093 2826 hujusmodi
2109 2767 2254 2822 praedi—

1264 2831 1331 2869 61ae
1351 2828 1531 2870 Familiae
1547 2829 1567 2870 a
1587 2830 1693 2872 Sede
1707 2829 1961 2885 Apostolica,
1983 2838 2027 2869 ut
2042 2826 2221 2868 asseritur
2234 2851 2248 2875 ,

1262 2885 1487 2928 concefforu
1496 2900 1549 2936 m,
1567 2890 1760 2942 temporis
1774 2889 1880 2941 lapsu
1903 2885 2101 2932 amiserit,
2118 2882 2247 2922 dictus

1262 2943 1452 2988 Pacificas
1466 2943 1645 2985 Minister
1661 2942 1923 2987 Provincialis
1939 2956 2088 2984 novum
2104 2939 2248 2982 Indul-

1266 3013 1355 3052 tum,
1365 3002 1497 3044 eidem
1518 3001 1690 3044 Familiae
1704 3031 1718 3053 ,
1732 3003 1878 3057 quippe
1897 3013 1981 3056 quae
1996 3001 2118 3040 titulo
2130 2999 2248 3041 Prin-

1263 3061 1362 3115 cipis
1377 3061 1554 3115 insignita
1572 3060 1727 3110 exiliit,
1756 3074 1827 3114 per
1843 3072 1914 3101 nos
1937 3058 2103 3100 concedi
2119 3056 2246 3111 pluri-

1263 3121 1372 3162 mum
1400 3119 1620 3168 desiderat,
1649 3118 1779 3160 Nobis
1806 3127 2019 3172 propterea
2048 3116 2240 3172 praedicta

1262 3177 1437 3221 Familiae
1460 3177 1621 3218 nomine
1653 3177 1859 3218 humiliter
1881 3174 2095 3230 supplicari
2118 3173 2240 3224 fecit,

198 3236 318 3282 Sedis
345 3238 647 3295 beneplacitum
675 3238 978 3295 suspendimus,
998 3237 1048 3280 ad
1081 3241 1199 3282 Tea
1261 3249 1303 3278 ut
1318 3237 1375 3278 illi
1393 3238 1429 3277 in
1445 3234 1639 3290 praemiffis
1653 3235 1883 3290 opportune
1908 3234 2122 3290 providere
2137 3262 2150 3283 ,
2172 3235 2208 3273 &
2223 3259 2236 3282 ,

198 3295 403 3350 perlatum
431 3298 508 3354 jam
524 3296 636 3341 fuifle
660 3312 742 3340 non
773 3296 1196 3353 dubitamus)praedi-
1259 3306 1303 3338 ut
1320 3292 1442 3341 infra,
1459 3291 1671 3348 indulgere
1685 3294 1738 3336 de
1766 3294 2012 3349 benignitate
2032 3290 2236 3353 Apostoli-

197 3355 359 3397 &orum
386 3357 624 3400 Antistitum
640 3358 789 3403 Zelum
809 3356 1038 3406 excitaturi,
1053 3366 1094 3398 ut
1109 3369 1194 3396 om·
1255 3369 1299 3396 ca
1316 3354 1601 3407 dignaremur3
1620 3355 1705 3395 Nos
1722 3353 1845 3407 igitur
1858 3351 1973 3407 ipfius
1989 3350 2146 3395 Pacifici
2159 3351 2236 3389 Μι-

199 3410 246 3454 ni
266 3425 344 3466 ope
359 3440 375 3463 ‚
390 3415 522 3459 studio
539 3444 553 3467 ,
571 3415 832 3469 fraternaeque
857 3413 1066 3458 charitatis
1093 3428 1193 3455 con·-
1253 3411 1362 3455 nistri
1381 3411 1645 3452 provincialis
1675 3413 1775 3454 votis
1791 3412 1862 3454 hac
1876 3412 1917 3452 in
1935 3425 1977 3453 re
1994 3439 2008 3463 ‚
2030 3405 2229 3471 quantum

201 3470 414 3522 tentione,
442 3474 492 3516 ad
522 3473 681 3531 justitiae
705 3475 885 3519 semitam
915 3488 1060 3529 paucos
1095 3473 1188 3514 illos
1252 3485 1340 3513 cum
1366 3470 1539 3510 Domino
1563 3467 1794 3524 possumus,
1823 3483 1996 3511 annuere
2021 3495 2035 3516 ‚
2067 3464 2230 3505 dfflam·

202 3525 439 3572 Gallicanos
452 3531 640 3576 Praesules
655 3542 1069 3579 revocareconentur
1086 3561 1098 3582 ,
1118 3529 1185 3585 qui
1250 3544 1326 3583 que
1343 3528 1546 3570 Familiam
1563 3529 1800 3582 specialibus
1829 3527 2051 3569 favoribus,
2074 3523 2111 3561 &
2136 3534 2230 3574 gra-

201 3583 411 3630 occasione
423 3590 540 3633 editae
565 3591 643 3647 jam
660 3591 813 3637 dudum
838 3593 860 3634 i
877 3591 1002 3634 Nobis
1017 3589 1178 3634 Consti·
1247 3589 1315 3629 tiis
1346 3584 1525 3641 prosequi
1553 3587 1761 3637 volentes,
1792 3588 1831 3628 &
1853 3597 1988 3628 eorum
2010 3578 2226 3646 singulares

200 3644 524 3702 tutionis,c,ujus
552 3649 712 3693 initium
737 3652 817 3694 est:
851 3653 1080 3705 Unigenitus
1107 3650 1186 3689 Des·
1249 3645 1686 3701 personasaquibusvis
1712 3641 2134 3688 excommunicationis
2146 3638 2226 3678 &c.

200 3703 359 3746 fitius:
388 3706 563 3749 maximo
586 3723 674 3750 cum
698 3709 855 3767 paterni
896 3709 1030 3750 cordis
1057 3707 1180 3749 nostri
1242 3703 1776 3751 absolventes,&absolutas
1790 3701 1877 3744 fore
1892 3697 2116 3746 censentes,
2142 3697 2218 3736 hu-

200 3774 409 3817 moerore,
433 3762 663 3823 summoque
686 3767 845 3825 insuper
867 3781 959 3810 cum
973 3765 1180 3810 Orthodo-
1241 3763 1407 3821 jusmodi
1423 3762 1773 3819 supplicationibus
1789 3756 1993 3809 inclinati,
2009 3755 2059 3799 de
2078 3758 2213 3799 Vene-

2105 3827 2165 3855 ra-
