2638 4088
1024 186 1628 276 Cataloniae.

305 336 454 392 degens
471 337 718 378 Procurator
734 335 916 392 Capituli
929 337 1168 381 Gerunden.
1196 351 1287 379 om-

305 395 511 437 nimodam
542 393 775 438 facultatem
791 396 967 444 habens,
1000 409 1067 438 eas
1089 395 1285 448 delendi,

304 451 562 495 modificandi
588 484 604 504 ‚
635 452 812 509 ipsasque
837 454 1173 509 interpretandi,
1211 468 1286 496 ex-

303 511 435 567 presse
450 511 579 554 asserit
594 527 659 554 eas
675 514 729 555 ita
740 515 780 554 &
794 525 871 554 non
884 512 1004 555 aliter
1018 512 1193 566 intelligi
1210 512 1283 554 de-

303 571 424 613 bere:
457 571 578 614 Unde
594 571 617 613 fi
633 571 766 614 nullus
781 573 820 611 in
836 569 969 614 alieno
983 571 1069 614 solo
1083 570 1161 612 fine
1174 570 1283 613 illius

303 631 467 672 Domini
484 631 739 685 beneplacito
761 626 954 671 fabricare
971 629 1100 672 valeat
1116 657 1131 680 ,
1162 630 1286 671 meri—

302 691 349 732 to
366 689 601 743 Capitulum
624 687 877 732 cathedrale
901 687 1139 731 Gerunden.
1169 689 1289 732 sinz:

302 746 416 802 cujus
445 746 635 789 consensu
664 746 859 789 Domibus
884 746 992 790 illius
1023 747 1178 790 nullum
1210 760 1283 801 po-

299 808 374 847 test
391 805 530 848 inferri
545 803 816 861 praejudicium
829 833 847 856 ,
875 805 1083 860 prohibuit
1102 833 1115 855 ,
1146 819 1194 846 ne
1212 805 1282 848 in..-

297 865 480 919 partibus
494 864 789 912 exterioribus,
822 864 1132 907 terminantibus
1156 876 1282 905 cum„

299 924 495 966 Domibus
509 923 615 964 illius
629 922 727 963 nihil
742 923 822 962 fine
832 921 919 977 ejus
932 922 1098 963 licentia
1112 916 1286 962 fabrica-

298 983 334 1026 ri
348 991 497 1038 queat,
527 994 618 1022 cum
646 980 724 1020 hoc
750 976 847 1019 effet
870 976 1070 1021 fabricare
1096 980 1137 1019 in
1152 979 1286 1022 alieno

300 1041 386 1084 solo
399 1069 415 1090 ‚
443 1040 479 1079 &
494 1038 659 1079 mittere
675 1035 820 1079 falcem
834 1036 874 1077 in
889 1034 1046 1080 messem
1060 1037 1285 1088 alienam,;

298 1099 444 1153 Sicque
460 1099 617 1152 pactum
639 1094 739 1136 istud
761 1094 842 1137 dici
869 1095 1011 1152 nequit
1035 1108 1136 1136 onus
1165 1096 1285 1137 nobis

295 1155 524 1213 impolitum
540 1181 554 1204 ,
585 1168 658 1199 nec
673 1152 811 1196 nostris
827 1153 982 1197 statutis
1002 1154 1253 1195 contrarium
1269 1181 1284 1205 ,

298 1217 382 1258 imo
396 1212 584 1257 omnibus
598 1211 688 1266 juris
700 1213 739 1253 &
753 1212 947 1270 aequitatis
961 1211 1168 1269 principiis
1184 1225 1282 1255 con·

300 1274 432 1316 forme
447 1302 458 1313 .

415 1330 479 1374 Ad
501 1331 659 1374 tertiam
674 1330 766 1374 dein
779 1345 948 1387 repono,
961 1329 1089 1388 quod,
1098 1330 1165 1374 etfi
1185 1333 1284 1387 Syn-

304 1390 422 1434 dicus
439 1390 479 1431 in
492 1389 581 1432 casu
597 1391 938 1434 contraventionis
965 1390 1014 1434 ad
1043 1402 1205 1433 centum
1234 1388 1284 1432 li-

303 1450 394 1492 bras
421 1449 715 1492 Barchinonen.
741 1448 819 1492 sese
848 1450 1095 1506 obligaverit
1123 1449 1283 1491 solven-

297 1507 367 1550 das
381 1537 395 1559 ,
418 1508 498 1548 haec
526 1517 660 1550 tamen
675 1507 872 1563 obligatio
892 1523 972 1551 non
994 1507 1051 1550 est
1068 1507 1285 1549 absoluta-.-

294 1569 335 1609 δι
349 1576 543 1623 perpetua
558 1594 571 1617 ,
585 1566 649 1608 sed
665 1567 944 1610 conditionata
960 1569 999 1608 &
1017 1564 1253 1621 temporalis
1269 1593 1284 1616 ‚

297 1639 459 1682 nempe,
474 1623 603 1666 donec
624 1623 842 1666 concordia
856 1627 1095 1667 auctoritate
1111 1623 1284 1680 Aposto-

298 1685 379 1727 lica
409 1680 672 1725 confirmetur
697 1695 712 1735 3
741 1693 786 1726 ut
813 1682 926 1726 clare
959 1691 1068 1740 patet
1098 1696 1146 1725 ex
1172 1682 1283 1724 dinae

294 1741 522 1786 concordiae
536 1742 788 1798 sequentibus
805 1742 936 1784 verbis
950 1756 962 1784 :
977 1745 1158 1792 Interim,
1170 1742 1284 1782 donec

303 1801 504 1843 obtentum
520 1799 658 1857 fuerit
682 1798 962 1853 beneplacitum
994 1799 1281 1854 Apostolicum,

295 1859 422 1902 dtHus
436 1858 621 1910 syndicus
627 1859 834 1912 promittit
858 1861 901 1898 in
926 1869 1165 1912 quocumque
1194 1855 1284 1911 casir

295 1914 618 1973 contrafaffionir
637 1914 919 1971 praediflorum
935 1916 1087 1974 solvere
1114 1915 1158 1956 de
1179 1912 1285 1954 honis

281 1977 559 2036 fitisproprt‘is
573 1983 726 2017 centum
738 1973 863 2015 libras
884 1983 1044 2017 moneta·
1067 1974 1287 2016 Barchino-

297 2049 384 2078 ncn.
401 2037 455 2076 Et
470 2033 576 2077 ultra
594 2062 605 2074 .
622 2036 701 2076 Hoc
713 2031 907 2074 intellono
925 2060 939 2082 ,
969 2033 1018 2079 δ’
1032 2032 1209 2087 σκβνψδ
1222 2031 1287 2071 de·

295 2095 477 2142 clarata,
501 2091 608 2145 quod
622 2089 806 2145 ejusmodi
828 2089 1016 2142 obligatio
1037 2100 1110 2143 per
1138 2088 1287 2129 dil-*lum

294 2149 504 2207 syndicum
521 2148 839 2200 nomineproprio
853 2141 975 2202 falla
991 2145 1121 2199 quoad
1142 2143 1287 2184 amam

288 2218 445 2267 poenam
460 2205 619 2263 spiret,
639 2204 688 2254 θ’
699 2203 824 2260 finias
835 2203 998 2259 statim,
1012 2217 1097 2247 cum
1118 2201 1286 2258 praest'ns

290 2266 495 2311 concordia
516 2263 654 2323 fuerit
677 2272 751 2317 per
776 2262 908 2304 sedem
934 2259 1190 2316 Apostole‘cam
1217 2272 1285 2298 au-

293 2326 492 2369 tenticam
508 2351 520 2363 .
548 2320 670 2365 Unde
697 2333 747 2360 ex
775 2319 867 2360 talis
894 2317 1120 2360 concordiae
1137 2313 1288 2357 confir-

290 2383 473 2426 matione
491 2379 648 2421 nullum
665 2390 764 2419 onus
786 2376 918 2418 noster
938 2374 1143 2430 Syndicus
1158 2401 1173 2424 ,
1189 2371 1286 2427 ejus-

295 2456 375 2497 que
400 2437 574 2482 Familia
599 2435 845 2477 sustinebunt
868 2460 882 2483 a
906 2435 990 2475 imo
1022 2434 1119 2475 dicti
1152 2430 1286 2474 oneris

293 2498 611 2543 absolutionem.
630 2495 741 2554 Qia
754 2493 1026 2549 vero,quantb
1042 2492 1170 2548 magis
1185 2503 1286 2532 con-

299 2558 502 2605 firmatio,
517 2554 580 2597 seu
600 2551 898 2608 beneplacitum
926 2550 1200 2607 Apostolicum
1228 2563 1288 2590 re.

298 2617 486 2661 tardatur
498 2639 515 2660 a
531 2614 647 2662 tanto
659 2612 784 2666 magis
800 2611 921 2653 durat
937 2610 1107 2666 syndici
1132 2607 1287 2661 obliga-

292 2676 354 2719 tio
372 2701 386 2725 ,
406 2674 501 2716 ideo
515 2673 680 2728 ipsemet
695 2669 842 2713 clamat
859 2685 933 2727 pro
946 2667 1174 2711 concordiae
1187 2679 1287 2707 con-

291 2734 548 2780 firmatione,
574 2738 621 2772 ut
637 2730 824 2771 immunis
850 2728 1014 2771 omnino
1043 2733 1205 2768 maneat
1235 2723 1287 2765 ab

292 2791 543 2846 obligatione
572 2796 738 2843 propter
767 2800 838 2828 nos
872 2788 1077 2828 contracta
1103 2813 1119 2834 ,
1150 2783 1284 2825 donec

296 2852 512 2893 obtentum
529 2846 649 2888 fuerit
674 2844 973 2899 beneplacitum
989 2840 1282 2898 Apostolicum.

411 2907 557 2963 igitur,
570 2917 662 2947 cum
677 2919 726 2947 ex
738 2903 854 2945 dinis
871 2901 1083 2946 clariffime
1107 2900 1285 2949 constet,

296 2966 470 3010 nostram
483 2972 759 3021 paupertatem
785 2975 951 3004 manere
976 2961 1284 3016 undequaque)

296 3025 526 3076 illibatam,
554 3020 769 3076 Religiofis
793 3021 939 3064 nostris
965 3020 1018 3062 ob
1040 3018 1284 3062 licentiam-³

293 3086 318 3128 ὲ
334 3081 529 3139 Capitulo
541 3081 780 3124 Gerunden.
806 3093 881 3134 pro
893 3079 1043 3122 fabrica
1063 3078 1282 3126 exteriore,

298 3155 389 3184 cum
414 3140 499 3182 solo
528 3138 705 3195 ejusdem
730 3140 974 3182 terminante
1006 3134 1282 3193 postulandam
1355 3182 1359 3187 ¹

295 3199 456 3244 nullum
482 3198 621 3243 inferri
648 3197 920 3255 praejudicium
936 3224 951 3248 ,
973 3211 1045 3239 nee
1058 3194 1284 3251 syndicum

294 3257 473 3303 nostrum
487 3272 577 3302 cum
592 3271 717 3300 onere
732 3270 860 3313 poeuae
872 3254 1110 3313 pecuniariae
1124 3253 1192 3296 fibi
1203 3254 1282 3294 irn-

295 3317 428 3374 pofitae
439 3315 516 3362 effe
531 3315 832 3372 permansurum
844 3342 858 3366 ,
887 3315 971 3356 imo
990 3317 1013 3358 ὲ
1028 3313 1136 3356 dicio
1151 3326 1281 3355 onere

297 3375 584 3418 absolvendum
598 3404 614 3425 ,
640 3376 733 3418 ideo
760 3389 837 3430 ego
861 3369 1081 3428 suprafatus
1110 3373 1279 3428 Fr.Joa-

297 3435 451 3478 chimus
466 3463 483 3485 ,
497 3433 718 3476 Provinciae
750 3432 974 3476 Cataloniae
990 3430 1192 3474 Alumnus
1206 3456 1220 3478 a
1236 3429 1277 3471 in

297 3492 617 3536 consideratione
630 3518 645 3541 ,
657 3492 766 3546 quod-
778 3506 827 3534 ex
839 3489 1047 3535 retardata
1061 3488 1278 3532 confirma-

299 3553 414 3596 tione
438 3548 665 3593 concordiae
700 3547 851 3592 fabrica
885 3547 1124 3593 Conventus
1155 3545 1279 3588 couti·-

300 3609 415 3654 nuari
429 3615 600 3663 nequeat
612 3637 626 3658 ,
641 3620 717 3651 nec
731 3607 929 3662 syndicus
943 3609 964 3649 a
980 3606 1145 3649 vinculo
1162 3603 1278 3653 solvi,

297 3671 336 3712 &
352 3666 460 3724 quod
484 3666 579 3708 alias
593 3691 608 3713 2
632 3668 659 3707 sl
685 3661 1162 3717 CanoniciGe·runden-(
1178 3675 1281 3718 quos

297 3726 503 3771 inter—61
515 3723 652 3767 nostrae
666 3723 884 3765 Provinciae
905 3726 1047 3766 Patres
1074 3720 1274 3764 maxima-1

299 3783 499 3841 hucusque
514 3783 652 3826 floruit
666 3782 871 3825 harmonia
883 3809 898 3835 ,
910 3782 950 3825 δι
960 3779 1176 3838 plausibilis
1192 3778 1276 3825 uni-

420 3848 524 3890 Tom.
537 3845 574 3887 V.

2108 225 2263 304 321

1345 335 1849 396 formitas)suspicarentur
1861 334 1914 378 ob
1927 334 2068 376 horum
2081 339 2332 392 culpam&-

1344 398 1526 441 cordiam
1544 410 1623 438 non
1643 394 1753 439 fuiffe
1769 394 2047 438 confirmatam
2064 420 2079 443 ,
2107 395 2232 447 poffet
2255 396 2330 439 effe

1344 459 1460 510 origo
1479 453 1688 500 discordiae
1701 484 1715 508 ,
1741 464 1942 512 perpetua:
1956 451 2213 506 obligationis
2230 455 2329 506 Syn-

1345 513 1426 556 dici
1440 544 1456 566 ,
1480 515 1520 556 δι
1534 514 1711 570 plurium
1731 523 1871 557 contra
1889 519 2168 568 paupertatem
2184 523 2332 562 expen-

1345 574 1474 615 sarum
1491 600 1506 622 ,
1530 574 1552 614 a
1583 573 1673 616 RR.
1688 574 1769 619 PP.
1788 573 1880 616 VV.
1898 568 2122 614 humillime
2151 566 2333 623 postulo,

1346 631 1549 689 enixisque
1577 633 1763 688 precibus
1786 631 1927 685 flagito
1940 658 1953 680 ,
1982 638 2027 671 ut
2053 626 2164 670 suum
2194 639 2331 683 quam·

1345 691 1519 745 primurn
1543 690 1760 746 dignentur
1782 689 1961 745 praebere
1985 684 2212 729 consensum
2241 712 2255 736 ,
2286 691 2332 724 ut

1344 750 1384 790 in
1402 748 1615 798 Rescripto
1628 749 1750 790 detur
1762 757 1899 789 votum
1911 746 2131 789 favorabile
2147 758 2221 800 pro
2236 755 2337 785 con·

1344 808 1487 854 cordia
1500 805 1975 860 auctoritateApostolica
1988 801 2334 857 roboranda,quin

1343 865 1591 911 decernatur
1614 864 1740 906 alium
1769 863 2068 918 supplicationis
2105 860 2331 905 libellum.»

1346 924 1539 975 formari,
1557 923 1595 963 in
1610 935 1694 978 quo
1713 921 1823 964 nulla
1837 920 1906 963 fiat
1933 921 2088 962 mentio
2111 921 2162 963 de
2179 917 2337 976 praesta-

1346 982 1525 1025 tionibus
1548 980 1812 1032 annualibu53
1829 992 1918 1021 nam
1934 977 2181 1035 supradictus
2197 981 2337 1021 Cano-

1345 1042 1458 1083 nicus
1471 1037 1604 1081 Villar
1620 1039 1675 1080 U.
1684 1041 1721 1095 J.
1745 1041 1895 1081 Doetor
1910 1037 1951 1079 in
1967 1039 2085 1080 rebus
2107 1038 2155 1080 ad
2171 1034 2336 1080 Curiam

1346 1100 1562 1143 Romanam
1585 1096 1851 1153 spectantibus
1867 1095 1985 1139 valde
2000 1096 2170 1150 peritus,
2189 1094 2240 1137 de
2257 1094 2336 1134 hoe

1345 1157 1549 1201 consultus
1562 1185 1576 1207 ,
1592 1170 1668 1213 pro
1685 1156 1756 1198 tali
1772 1155 1986 1198 formando
2001 1154 2039 1197 se
2053 1155 2223 1211 opponit
2236 1179 2250 1201 a
2280 1149 2338 1191 afi-

1345 1219 1481 1264 serens
1496 1244 1510 1267 ,
1524 1215 1600 1257 hoc
1618 1215 1849 1260 nullatenus
1871 1214 2063 1270 expedire
2080 1227 2095 1266 3
2112 1228 2220 1265 nam,
2241 1223 2337 1252 cum

1344 1273 1568 1319 concordia
1598 1273 1712 1316 fimul
1745 1285 1836 1315 cum
1865 1273 2168 1328 supplicationis
2187 1268 2332 1313 libello

1344 1336 1392 1377 fit
1421 1331 1724 1390 praesentanda,
1753 1331 1849 1373 ficut
1878 1331 1929 1372 de
1953 1329 2060 1371 fano
2082 1334 2210 1372 Sacrae
2224 1332 2338 1369 Con-

1346 1392 1571 1451 gregationi
1594 1391 1828 1448 praesentata
1858 1389 1933 1431 fuit
1956 1417 1970 1439 ,
1999 1387 2037 1428 in
2060 1387 2132 1429 isto
2162 1388 2330 1427 summa-

1345 1453 1407 1495 rie
1423 1453 1547 1495 debet
1563 1453 1745 1502 narrari,
1770 1449 1879 1505 quod
1902 1448 1942 1488 in
1968 1445 2038 1487 illa
2063 1444 2114 1487 ad
2132 1445 2330 1499 longum..

1344 1512 1575 1556 continetur
1589 1511 1667 1554 ἃς.
1682 1512 1735 1552 Et
1749 1522 1825 1565 pro
1840 1507 1970 1564 gratia
1985 1505 2064 1546 &c-

1461 1625 1527 1671 Ad
1557 1627 1667 1683 quod
1695 1625 1983 1674 Definitorium
2017 1619 2218 1667 Generale

1734 1683 1957 1741 rescripfit:

1465 1747 1567 1790 Veris
1599 1743 1846 1801 exzssentibus
1872 1743 2004 1801 supra
2045 1735 2220 1794 expositis

1718 1805 1954 1850 annuimus,

1462 1862 1518 1903 Et
1543 1859 1667 1903 Sacra
1691 1858 1972 1914 Congregatio
1997 1855 2183 1900 decrevit
2203 1883 2219 1906 ‚

1706 1927 1749 1961 ut
1774 1918 1975 1974 sequitur.

1465 2041 1587 2081 sacra
1604 2040 1861 2093 Congregatio
1878 2033 2307 2091 Eminentffmorurm
2319 2055 2334 2077 a

1349 2095 1402 2141 ὠ·
1428 2095 1838 2152 Reverendiffi'morum
1867 2095 2034 2136 Sanhlae-
2052 2098 2234 2136 Romanae
2263 2091 2338 2131 Ec·

1347 2150 1466 2204 cltfiae
1494 2155 1767 2193 cardinalium
1793 2158 1955 2204 negotiis
1982 2151 2338 2208 &confimationi-

1345 2206 1424 2253 bus<
1446 2208 1717 2264 Episcoporum
1745 2211 1798 2258 ὠν
1821 2209 2078 2263 Regularium
2097 2206 2308 2263 praepostta
2321 2231 2344 2253 „

1346 2266 1541 2321 refircntc
1561 2265 1858 2322 Emimntiffimo
1884 2269 2047 2308 Domino
2070 2265 2280 2308 Cardinale
2296 2266 2339 2304 5.

1351 2322 1558 2366 Clementis
1574 2350 1588 2371 ³
1616 2326 1758 2366 audito
1787 2327 1903 2364 Patre
1922 2327 2181 2366 Procuratore
2209 2326 2339 2364 Gene-

1346 2380 1425 2421 ralt·
1454 2378 1619 2421 Ordinis
1642 2406 1656 2428 ,
1685 2392 1731 2419 ac
1755 2387 1910 2418 attenta
1938 2381 2128 2420 relatione
2160 2381 2336 2434 Epifiops‘

1351 2438 1572 2479 Gerunden.
1597 2436 1716 2477 eidem
1743 2434 1909 2489 benign?
1937 2436 2151 2491 commsst,
2176 2445 2224 2476 ut
2235 2441 2337 2476 veris

1348 2494 1597 2553 existentibus
1609 2491 1789 2536 narratis
1801 2518 1815 2540 ,
1833 2493 1880 2539 θ’
1892 2518 1906 2540 ,
1912 2491 2079 2547 postqua
2085 2507 2122 2533 m
2147 2501 2339 2547 compere-

1347 2555 1488 2604 rit‚in
1508 2554 1720 2595 evidentem
1749 2549 1956 2606 utritts'que
1973 2548 2064 2593 Loci
2082 2547 2145 2604 pii
2170 2552 2335 2593 utilita-

1348 2624 1425 2656 tem
1445 2611 1542 2669 fone
1577 2610 1763 2668 ceſj'uram
1777 2612 1950 2662 petitam
1981 2608 2220 2650 concordiam
2247 2623 2334 2651 cum

1342 2670 1468 2728 pallis
1483 2701 1498 2722 ,
1527 2671 1581 2722 ὠ·
1608 2667 1888 2712 conditionibus
1901 2667 2034 2723 fitpra
2056 2665 2247 2721 expostus,
2253 2677 2331 2720 pro

1334 2732 1414 2790 suo
1435 2729 1609 2772 arbitrio
1634 2729 1682 2775 δ’
1706 2727 1936 2782 confiientr'a
1959 2724 2147 2780 approbet
2171 2751 2187 2776 ,
2213 2732 2333 2779 atque

1346 2788 1543 2845 confirmet
1556 2817 1568 2829 .

1462 2850 1593 2891 Romae
1613 2844 1678 2889 die
1696 2859 1763 2901 ³3·
1776 2843 2028 2899 ‘Julii1735.

1623 3027 1676 3073 F.
1703 3019 1959 3073 Cardinalis
1983 3017 2256 3068 Barbcrinus

1760 3084 1997 3141 Praefec'tus
2014 3123 2029 3137 .

1399 3260 1609 3314 Exemplar
1626 3257 1795 3301 Anthen.
1812 3257 1854 3296 in
1865 3252 2036 3295 Archivo
2046 3253 2226 3309 generali
2241 3259 2321 3298 Or-

1453 3320 1554 3363 dinis
1572 3320 1756 3361 Armonio
1784 3312 1993 3358 Provincia
2010 3312 2234 3357 Cataloniae
2251 3344 2270 3361 .,

2173 3831 2265 3873 DE.
