2592 4094
400 210 572 305 256

563 350 608 399 c
679 352 729 399 A
800 352 849 397 P.

340 469 404 510 De
413 476 524 511 terto
539 477 698 510 numero
703 462 966 518 personarum
993 458 1207 517 nostrorum
1223 467 1321 507 Con-

396 535 579 570 ventuum
588 550 601 574 ,
615 524 667 572 ὢν
679 533 807 562 corum
830 518 1093 573 dependentia,
1107 525 1321 564 communi-

399 587 549 628 catione
560 610 576 631 ,
594 580 646 629 ῤ’
659 581 821 621 unione:
835 577 880 619 de
893 586 988 620 taxa
999 577 1225 621 reddituum
1238 606 1253 629 ‚
1267 581 1320 631 ἀι

397 638 732 694 administratione
759 639 821 678 ree·
844 636 1069 693 temporalis
1093 648 1108 690 3
1146 637 1191 678 de
1201 637 1318 694 statu

394 694 686 753 nostraefhnl‘lae
706 701 954 749 paupertatis
968 722 982 745 ,
1006 693 1059 744 &-
1070 694 1316 751 fimplicita-

392 761 468 806 tis,
490 762 574 795 tam
602 751 646 794 in
670 762 897 796 ornamento
923 753 1098 808 Eccless‘ae
1111 781 1125 804 ‚
1152 755 1315 810 quaint„

399 810 625 866 utensilibus
646 813 865 856 Conventus
875 838 889 863 2
906 813 955 862 ὅ·
967 810 1220 868 edificiorum
1235 841 1248 855 .

968 345 1092 392 lx.

448 929 656 990 Qoniam
680 928 791 985 juxta
804 931 1039 985 opinionem
1055 928 1180 973 nostri
1196 933 1316 974 Sera-

337 989 446 1046 phici
463 990 591 1032 Patris
607 989 735 1031 Sancti
752 987 949 1031 Francifci
964 987 1130 1032 difficile
1145 999 1233 1032 erat
1247 989 1318 1031 be·

334 1064 385 1091 ne
413 1047 626 1091 observare
647 1047 814 1090 sanctam
829 1057 1107 1103 paupertatem
1125 1075 1140 1099 ‚
1169 1048 1209 1089 &
1222 1049 1318 1090 cha·

335 1108 498 1150 ritatem
523 1107 628 1149 inter
650 1119 837 1161 magnum
863 1119 1076 1150 numerum
1091 1105 1318 1160 Religioso·

335 1179 425 1209 rum
441 1191 455 1214 ,
482 1164 726 1216 ordinatur,
752 1178 801 1206 ne
821 1165 863 1207 in
888 1168 1128 1208 Conventus
1158 1164 1316 1206 nostros

338 1224 609 1267 admittantur
624 1223 760 1279 plures
772 1249 786 1274 ‚
801 1224 919 1280 quam
935 1223 1102 1278 triginta
1122 1221 1314 1279 personae‚

334 1293 408 1327 aut
436 1280 677 1337 Religiosae,
702 1282 986 1336 comprehensa
1022 1281 1102 1337 ipsa
1127 1282 1313 1336 Superio-

335 1341 424 1385 rifl'a
441 1371 456 1394 ,
478 1341 586 1383 inter
610 1354 705 1397 quas
731 1340 850 1397 recipi
881 1350 1076 1397 poterunt
1101 1350 1184 1381 tres
1199 1369 1214 1392 ,
1244 1347 1313 1382 aut

330 1410 502 1458 quatuor
533 1399 582 1441 ad
603 1399 794 1442 summum
822 1399 859 1440 in
880 1404 1051 1443 Sorores
1067 1411 1179 1455 ,quae
1203 1398 1314 1441 laicae

333 1458 590 1515 appellantur
604 1486 620 1508 ,
636 1466 754 1512 prout
771 1459 905 1500 Mater
931 1456 1093 1499 Ancilla
1116 1455 1311 1513 judicabit

330 1514 624 1566 necessarium,
649 1524 694 1558 ut
708 1515 889 1559 laborent
913 1516 952 1558 in
977 1517 1167 1571 operibus
1187 1514 1312 1570 magis

334 1574 564 1631 poenalibus
582 1602 596 1623 ‚
613 1575 649 1615 δι
667 1573 895 1626 laboriofis,
920 1589 1006 1630 quae
1036 1584 1169 1616 tamen
1200 1585 1312 1617 tene-

329 1635 483 1675 buntur
514 1629 650 1672 iisdem
677 1631 845 1686 Regulis
872 1661 887 1684 ,
916 1632 1311 1683 Constitutionibus,

328 1689 447 1732 Votis
461 1716 475 1740 ‚
491 1687 684 1730 Clausura
700 1717 713 1740 ,
732 1690 987 1733 Vestimentis
1002 1718 1016 1743 ,
1047 1692 1089 1736 &
1106 1692 1196 1735 aliis
1223 1705 1311 1735 om·

326 1747 445 1790 nibus
475 1747 679 1789 exercitiis
717 1749 936 1802 Religionis
958 1762 974 1800 3
1014 1750 1165 1791 eaedem
1203 1749 1311 1790 reci-

327 1807 493 1864 pientur
508 1833 522 1856 ,
539 1805 842 1859 probabuntur,
861 1807 901 1847 &
914 1806 1220 1848 exercebuntur
1244 1818 1309 1847 ea-

326 1865 419 1908 dem
440 1860 570 1906 forma
582 1892 598 1913 ,
614 1863 651 1904 &
673 1862 794 1903 modo
812 1891 826 1915 ‚
840 1877 923 1919 quo
936 1863 1045 1911 al-iae,
1079 1863 1118 1905 in
1142 1865 1219 1906 hoc
1250 1861 1312 1905 so·-

329 1923 415 1966 lum
440 1923 488 1964 ab
505 1921 594 1963 aliis
623 1919 853 1966 differentes
881 1951 896 1974 ,
924 1921 1033 1979 quod
1063 1935 1205 1966 vocem
1235 1933 1312 1965 nec

328 1985 516 2031 activam,
529 1994 604 2023 nec
622 1979 808 2034 paffivam
828 1982 1020 2025 habiturae
1039 1980 1110 2023 lint
1127 1984 1191 2033 ,ἅτ
1205 1979 1313 2036 quod

324 2055 412 2084 non
429 2041 658 2082 recitabunt
688 2053 871 2094 magnum
897 2039 1085 2080 Officium
1113 2037 1313 2081 Breviarii

330 2097 530 2142 Romani,
546 2095 614 2137 sed
630 2093 717 2147 ejus
748 2097 844 2136 loco
869 2096 1100 2136 recitabunt
1121 2102 1314 2135 certum

330 2166 545 2198 numerum
575 2155 693 2193 Pater
719 2152 879 2203 noster,
905 2152 1075 2202 &Ave,
1103 2150 1217 2206 juxta
1234 2147 1314 2190 dis·

329 2211 573 2269 positionem
591 2209 757 2267 Regulae
773 2211 943 2264 (ἴσων.

447 2270 530 2312 Cui
573 2277 705 2310 tameo
745 2282 915 2311 numero
950 2281 1032 2310 non
1075 2269 1316 2324 astringetur

325 2333 566 2373 Conventus
594 2325 730 2368 noster
755 2325 1064 2369 Audomarenlis
1089 2355 1104 2377 ,
1148 2341 1198 2367 ex
1230 2337 1284 2366 eo
1301 2351 1315 2374 ‚

327 2385 437 2443 quod
452 2384 667 2427 evidenter
689 2381 972 2437 agnoscamus,
1002 2396 1075 2423 nos
1103 2384 1142 2424 in
1157 2397 1208 2426 eo
1234 2393 1315 2424 tam

325 2441 586 2490 abundanter
606 2440 789 2497 copiosas
814 2440 987 2496 Spiritus
1020 2444 1150 2484 saneti
1167 2450 1316 2497 gratias

324 2499 530 2558 suseepiss'e
543 2530 557 2551 ,
574 2500 612 2541 &
628 2499 737 2554 quod
752 2499 791 2541 in
808 2513 859 2543 eo
872 2498 966 2544 loco
982 2501 1184 2543 Dominus
1208 2503 1315 2542 Deus

325 2559 525 2620 praecipue
550 2557 754 2613 Regulam
775 2557 950 2602 nostram
979 2560 1092 2602 nobis
1118 2559 1314 2601 difiavit.

329 2623 383 2664 Et
408 2629 450 2661 ut
471 2617 648 2660 fideliter
662 2617 974 2671 respondeamus
990 2617 1172 2674 spiritui,
1199 2631 1320 2674 quem

326 2678 440 2723 nobis
460 2675 727 2720 manifestavit
753 2674 791 2717 in
808 2677 883 2719 hac
905 2691 1113 2733 paupere,
1138 2675 1203 2719 sed
1231 2675 1310 2719 san·

326 2742 388 2780 &a
416 2736 636 2782 vocatione
672 2734 803 2778 nostra
830 2763 845 2786 ‚
869 2735 1009 2779 conari
1044 2735 1239 2778 debemus
1266 2733 1315 2778 ad

321 2794 649 2842 'conservandam
665 2794 702 2835 in
725 2793 839 2835 nobis
855 2795 1072 2837 maximam
1096 2790 1317 2836 conformi·

327 2865 454 2900 tatem
467 2881 482 2903 a
513 2856 553 2896 &
569 2854 759 2897 unionem
774 2881 785 2893 .
806 2852 976 2906 Verum,
992 2855 1083 2911 quia
1100 2852 1320 2908 agnoscen-

334 2927 395 2959 tes
410 2913 695 2956 difficultatem
710 2925 783 2954 nos
798 2911 1068 2954 conservandi
1085 2912 1125 2954 in
1141 2912 1210 2954 illa
1223 2923 1321 2966 prae-

327 2973 414 3016 fata
428 2973 574 3015 unione
588 2999 603 3023 ‚
627 2972 664 3012 8ι
679 2971 813 3013 exacta
829 2970 1078 3014 observantia
1091 2971 1321 3012 earumdem

331 3029 606 3084 Regularum,
619 3032 659 3071 δι
677 3029 1022 3073 Constitutionum
1046 3029 1152 3071 inter
1176 3028 1324 3070 multos

334 3093 614 3134 Conventusa
631 3088 858 3131 seinvicem
886 3098 1089 3136 remotos,
1120 3088 1160 3129 δι
1176 3088 1244 3129 sub
1267 3086 1325 3129 di-

336 3147 454 3191 versis
470 3145 751 3201 Superioribus
765 3177 780 3200 ,
795 3148 866 3204 qul
886 3145 1122 3203 frequenter
1146 3145 1319 3187 difficul-

336 3216 444 3250 tates
455 3204 494 3247 in
506 3217 642 3245 earum
658 3207 768 3259 praxi
784 3206 1026 3263 percipiunt,
1041 3206 1081 3247 δι
1094 3218 1179 3261 quae
1192 3218 1320 3261 quan·-

337 3276 605 3319 tumcumque
618 3261 733 3304 clarae
748 3263 821 3314 sint
835 3294 850 3316 ,
865 3266 1011 3308 multas
1026 3275 1160 3308 tamen
1176 3265 1212 3307 in
1239 3261 1317 3307 se)

333 3322 603 3367 obscuritates
642 3323 850 3368 continent
877 3353 891 3376 ‚
923 3324 1043 3367 variis
1079 3325 1318 3379 interpreta-

328 3382 508 3426 tionibus
524 3380 714 3423 obnoxias
727 3409 741 3430 2
760 3398 858 3440 quas
880 3383 1021 3440 finguli
1040 3397 1118 3438 pro
1130 3381 1199 3424 suo
1224 3380 1309 3424 sen·

331 3441 373 3484 su
390 3470 404 3494 ‚
419 3441 460 3481 δι
480 3437 634 3495 judicio
659 3437 879 3493 sectantur,
904 3442 1059 3487 causam
1075 3441 1174 3484 dant
1197 3439 1314 3482 variis

331 3500 536 3548 motibus,
560 3499 599 3539 8c
622 3502 911 3544 mutationibus
938 3502 978 3544 in
996 3501 1234 3556 Religiones
1257 3499 1310 3541 in·

332 3558 531 3603 ducendis
549 3587 566 3609 ‚
585 3557 746 3612 &quod
767 3561 822 3602 ita
838 3559 970 3613 ordo,
998 3561 1037 3602 &
1050 3573 1182 3602 mores
1204 3554 1314 3612 lapsu

335 3619 529 3673 temporis
542 3615 853 3670 difforme-ntur,
875 3631 916 3661 ut
937 3634 1012 3662 nec
1036 3620 1074 3662 se
1103 3618 1311 3664 invicem..

337 3675 551 3729 agnoscant
565 3675 616 3717 ob
633 3676 779 3720 multas
795 3678 1006 3722 varietates
1021 3679 1193 3722 succeffu
1207 3686 1311 3720 tem·

335 3733 444 3796 poris
458 3735 709 3777 introductas
727 3737 766 3778 in
789 3737 1064 3792 praejudicium
1082 3737 1234 3781 servitii
1253 3735 1316 3777 di-

325 3791 469 3844 vin1‚&
488 3793 606 3849 primi
621 3791 841 3852 spiritus,in
854 3812 934 3854 quo
948 3796 1118 3855 gloriari
1132 3795 1312 3856 poterit't.

1069 202 1641 288 Provincia

1489 347 1756 402 Quapropter
1778 341 1828 386 ad
1868 345 2104 388 evitandam
2126 349 2235 392 hanc
2268 362 2350 392 ma.

1373 417 1493 459 gnam
1519 401 1818 451 consufionem,
1839 415 1924 458 quae
1946 401 2066 444 facile
2097 405 2223 458 posset
2246 409 2352 458 irre÷

1378 477 1477 519 pero
1498 477 1572 520 per
1587 464 1688 507 hanc
1704 462 1946 503 varietatem
1964 487 1979 511 ‚
1998 462 2038 502 &
2051 462 2354 510 difformitatem

1377 522 1639 565 observantia
1655 546 1671 571 ‚
1694 533 1778 576 quae
1805 532 1877 561 nos
1905 519 2354 575 avocaretaperfecta„

1378 580 1639 624 similitudine
1654 578 1833 635 ejusdem
1854 578 2026 619 lnflituti
2041 606 2055 628 ,
2068 576 2224 622 fundati
2239 578 2352 635 super

1378 640 1519 696 primis
1546 637 1754 695 principiis
1773 636 1890 692 primi
1911 634 2071 691 spiritt'is
2085 665 2100 689 ,
2122 650 2243 693 qnem
2266 639 2358 688 Dog

1375 698 1507 741 minus
1530 697 1664 739 noster
1686 693 1953 738 manifestavit
1980 696 2098 737 nobis
2125 706 2352 752 tanquam..-

1373 757 1555 800 medium
1583 754 1800 803 idoneum,
1834 767 1904 808 per
1927 752 2035 809 quod
2052 767 2124 796 nos
2147 754 2258 797 inter
2289 763 2356 798 tot

1374 815 1472 859 alias
1502 814 1625 870 elegit
1646 843 1660 866 ‚
1683 824 1727 857 ut
1744 810 1992 869 glorificetur
2014 812 2053 854 in
2087 813 2161 855 hae
2185 812 2357 869 planta.»

1375 873 1518 931 pulilla
1544 902 1560 926 ,
1591 886 1708 928 quam
1733 874 1839 914 inter
1868 869 2035 914 delicias
2060 898 2074 922 ‚
2102 884 2198 927 quas
2231 869 2358 927 perci-

1376 934 1437 989 pit
1456 932 1563 975 inter
1587 940 1740 975 tantam
1761 929 1929 972 aliarum
1957 930 2193 973 varietatem
2209 957 2223 982 ,
2243 928 2360 985 plan-

1377 991 1480 1034 tavit
1514 992 1551 1033 in
1594 991 1715 1034 horto
1741 988 1930 1032 Ecciefiae
1951 990 2053 1040 suae,
2083 997 2128 1032 ut
2156 988 2194 1030 in
2210 986 2358 1031 eodem

1377 1049 1509 1105 stipite
1525 1047 1699 1091 firmiter
1712 1046 1946 1103 perseveret
1957 1075 1971 1098 ,
1993 1047 2085 1089 &in
2098 1047 2266 1102 gratiam
2285 1060 2359 1089 ve-

1377 1122 1430 1150 rae
1459 1109 1499 1148 δι
1526 1116 1669 1149 mutuae
1693 1106 1901 1150 charitatis
1918 1131 1932 1154 ‚
1959 1106 1997 1147 &
2026 1103 2213 1148 fraternae
2237 1102 2357 1148 unio-

1377 1166 1459 1215 nis,
1477 1165 1564 1207 veri
1588 1167 1627 1207 &
1645 1165 1733 1222 puri
1757 1163 1906 1206 amoris
1921 1163 2103 1205 nutriciae
2119 1191 2135 1214 ,
2163 1163 2356 1219 petimus,

1375 1226 1417 1266 δι
1443 1222 1666 1266 humillime
1686 1223 1976 1279 supplicamus,
1999 1221 2040 1264 δι
2069 1235 2142 1277 per
2173 1218 2359 1264 viscera-2

1376 1283 1585 1327 charitatis
1602 1281 1738 1339 Sponfi
1754 1281 1874 1324 nostri
1887 1279 2081 1323 Crucifixi
2095 1308 2110 1332 ,
2143 1279 2211 1335 qui
2225 1293 2299 1323 nos
2316 1278 2358 1321 in

1375 1355 1498 1385 unum
1522 1341 1711 1383 evocavit
1734 1370 1750 1391 ‚
1776 1349 1820 1382 ut
1860 1352 1999 1381 omnes
2023 1340 2194 1382 Sorores
2226 1337 2360 1381 velint

1375 1399 1532 1442 mature
1546 1426 1561 1448 ,
1578 1400 1618 1440 &
1641 1398 1743 1441 serio
1768 1397 2025 1441 considerare
2040 1423 2055 1446 ‚
2079 1397 2272 1454 quantum
2294 1410 2363 1441 re-

1372 1458 1478 1501 ferat
1506 1458 1642 1501 vivere
1657 1458 1696 1499 in
1714 1458 1788 1500 hac
1812 1456 1992 1507 unione,
2021 1457 2058 1498 &
2077 1453 2357 1498 uniformitate

1373 1516 1550 1573 ejusdem
1566 1515 1757 1573 Regulae,
1773 1518 1813 1558 &
1844 1514 2107 1559 observantiae
2133 1513 2358 1558 earundem

1373 1577 1751 1624 constitutionum,
1774 1576 1814 1618 δι
1836 1573 1886 1616 ad
1915 1575 2022 1616 hunc
2049 1571 2230 1618 effessum
2259 1585 2357 1616 con·

1372 1633 1531 1678 servare
1547 1635 1701 1690 semper
1722 1643 1905 1676 mutuam
1931 1633 2120 1674 unionem
2137 1661 2152 1684 ‚
2178 1633 2217 1673 δε
2242 1629 2361 1686 super

1373 1694 1511 1737 omnia
1537 1708 1627 1735 cum
1644 1693 1782 1748 primis
1801 1690 2084 1734 Conventibus
2099 1719 2115 1742 ,
2146 1690 2186 1732 in
2213 1689 2360 1746 qulbus

1374 1753 1571 1792 Dominus
1589 1752 1722 1792 noster
1746 1761 1829 1791 tam
1856 1748 2175 1791 misericorditer
2199 1748 2361 1804 gustan-

1372 1809 1447 1849 dos
1467 1807 1583 1849 dedit
1611 1807 1838 1860 primitivos
1863 1804 2010 1846 fruetus
2038 1819 2171 1858 purae2
2198 1808 2239 1846 δι
2267 1806 2362 1847 fim-

1374 1863 1493 1921 plicis
1516 1863 1778 1906 observantiae
1804 1860 1965 1918 spiritus
1993 1861 2047 1904 sui
2075 1862 2114 1904 in
2132 1862 2267 1907 nostro
2293 1865 2361 1906 In-

1377 1924 1548 1974 stituto,
1577 1924 1618 1964 ἃ
1642 1922 1749 1966 uncle
1777 1919 1975 1978 praecipue
2001 1920 2131 1964 sontes
2161 1935 2363 1976 manare?

1374 1981 1475 2024 fecit
1501 1981 1551 2024 ad
1574 1981 1662 2023 illas
1683 1983 1768 2023 suas
1785 1980 1944 2036 plantas
1973 1980 2014 2021 in
2039 1979 2116 2021 alia
2130 1978 2221 2024 loca
2241 1978 2373 2023 trans·

1376 2038 1593 2079 mittendas
1609 2065 1624 2086 ,
1646 2038 1753 2079 inter
1779 2051 1878 2091 quas
1900 2050 1977 2089 pro
1993 2048 2210 2091 comperto
2236 2039 2361 2080 habe·

1376 2107 1462 2136 mus
1485 2091 1688 2147 prefatum
1705 2097 1969 2135 Conventum
1998 2093 2145 2144 primas
2161 2094 2328 2138 tenuiffe
2345 2122 2361 2146 2

1375 2153 1415 2193 δι
1428 2150 1521 2193 ideo
1533 2159 1721 2205 tanquam
1742 2150 2155 2206 primariamDomum
2174 2151 2363 2205 nostram,

1375 2212 1413 2251 81
1426 2208 1547 2252 nostri
1576 2208 1751 2252 Instituti
1773 2209 1985 2251 Matricem
1999 2208 2215 2262 agnoscere
2233 2211 2362 2265 debet

1377 2280 1463 2309 mus
1479 2292 1492 2305 .

1493 2323 1835 2377 Confiderantes,
1859 2322 1978 2380 quam
2004 2325 2277 2381 periculosum
2311 2325 2360 2371 fit

1378 2383 1487 2429 velle
1515 2383 1616 2426 stare
1645 2383 1798 2440 judicio
1821 2382 1891 2425 suo
1907 2383 2177 2438 particulari,
2192 2387 2361 2438 velato,

1373 2448 1413 2489 δι
1438 2451 1647 2499 praevento
1663 2443 1882 2486 rationibus
1896 2471 1912 2492 ‚
1926 2443 1962 2483 8<
1977 2451 2173 2498 praetextu
2187 2442 2358 2500 majoris

1376 2506 1470 2546 boni
1487 2503 1653 2544 transire
1678 2503 1719 2545 in
1732 2502 1851 2544 aliam
1875 2503 1981 2544 viam
1995 2505 2017 2546 ἐι
2033 2499 2210 2558 perfecta
2224 2502 2367 2546 obser·

1383 2561 1518 2605 vantia
1540 2559 1649 2619 ejus,
1666 2560 1774 2617 quod
1788 2560 1980 2601 Dominus
2005 2559 2141 2603 noster
2167 2563 2364 2618 approba-

1382 2621 1554 2676 vit,per
1573 2629 1655 2662 tam
1684 2618 1900 2675 singulares
1933 2619 2257 2669 benedictiones,
2287 2633 2362 2676 per

1378 2691 1444 2724 tot
1484 2691 1683 2720 annorum
1710 2677 2046 2735 perseverantiam
2074 2706 2089 2730 ‚
2125 2679 2166 2720 δι
2191 2692 2264 2735 per
2294 2687 2358 2724 tot

1381 2739 1568 2795 personas
1584 2736 1623 2778 in
1641 2746 1752 2779 tanta
1770 2751 1896 2793 pace,
1920 2738 1960 2779 δε
1983 2737 2160 2790 unione3
2185 2738 2363 2795 quando·

1380 2796 1547 2853 quidem
1575 2793 1805 2852 frequenter
1819 2797 1858 2839 in
1873 2796 2051 2839 novitate
2079 2794 2177 2838 felix
2199 2796 2362 2850 quidem

1383 2855 1563 2913 speretur
1595 2852 1819 2904 successus,
1846 2853 1897 2896 ad
1923 2853 2155 2896 evitandam
2184 2856 2362 2910 praxim,

1383 2926 1453 2959 aut
1468 2915 1759 2957 observantiam
1774 2913 1947 2969 aliquam
1959 2941 1973 2965 ,
1985 2914 2020 2953 8<
2036 2915 2261 2970 persuasum
2293 2913 2366 2957 ha·

1386 2977 1526 3018 bentes
1541 2972 1672 3016 seduci
1697 2971 1789 3015 zelo
1818 2971 1997 3014 ardentis
2012 2973 2222 3016 charitatis
2238 3002 2254 3024 ‚
2271 2985 2363 3015 cum

1385 3033 1659 3088 utplurimum
1690 3045 1767 3074 non
1797 3032 1870 3082 fit,
1897 3029 1966 3072 nifi
1997 3043 2142 3074 vanum
2170 3044 2268 3088 opus
2298 3043 2366 3074 eo-

1385 3106 1475 3134 rum
1491 3120 1506 3142 ‚
1519 3090 1675 3144 &ignis
1693 3087 1821 3144 fatuus
1835 3117 1850 3140 ,
1881 3089 1947 3144 qui
1965 3103 2037 3131 nos
2060 3089 2081 3131 a
2102 3094 2213 3132 recto
2228 3087 2367 3132 trami-

1380 3160 1422 3192 te
1449 3151 1634 3191 aberrare
1661 3147 1841 3198 faciens,
1861 3146 1900 3188 in
1929 3161 2010 3202 quo
2033 3145 2194 3202 spiritus
2221 3145 2354 3189 noster

1379 3208 1490 3264 prius
1517 3222 1597 3249 non
1622 3204 1805 3262 posuerat
1826 3234 1840 3257 ‚
1865 3219 1938 3247 nos
1961 3205 2003 3247 in
2029 3205 2118 3247 loca
2146 3196 2355 3261 quaedam..

1377 3266 1595 3323 palustria,
1613 3263 1867 3307 &immunda
1900 3263 2099 3316 pertrahit
2114 3292 2128 3316 ,
2151 3263 2288 3307 multis
2319 3265 2361 3307 δε

1379 3323 1596 3378 majoribus
1614 3322 1993 3366 inconvenientibus
2015 3322 2191 3364 obnoxia
2205 3350 2219 3373 ,
2248 3322 2361 3366 unde

1374 3383 1542 3440 posthac
1571 3381 1668 3424 nihil
1694 3381 1762 3423 nifi
1791 3378 1982 3430 dolores,
2008 3381 2047 3421 δι
2073 3380 2353 3436 poenitudines

1377 3444 1587 3498 expestare
1621 3438 1774 3494 pofl'unt
1807 3449 1850 3480 ut
1879 3438 2096 3493 plurimum
2124 3439 2239 3482 sociae
2270 3443 2353 3483 No-

1377 3502 1588 3550 vitiatum‚
1602 3498 1683 3541 imo
1697 3499 1735 3540 δι
1756 3495 2074 3552 singularitatum
2088 3525 2103 3546 ‚
2127 3513 2212 3554 quae
2238 3512 2356 3544 nort,

1374 3568 1510 3604 carent
1528 3557 1666 3614 spiritu
1694 3556 2082 3613 ambitionis‚quam
2108 3556 2241 3599 nostra
2269 3557 2359 3601 sun-

1373 3620 1533 3675 plicitas
1546 3630 1636 3660 cum
1650 3625 1767 3658 tanto
1789 3617 1961 3659 horrore
1975 3614 2152 3673 refugit,
2186 3626 2354 3672 utpote,

1371 3694 1456 3735 quae
1474 3692 1549 3720 non
1566 3673 1833 3732 agnoscuntur
1844 3688 1981 3717 coram
1996 3676 2267 3719 tribunaliDei
2280 3688 2356 3732 pro

1377 3739 1509 3788 veris,
1533 3737 1573 3778 δι
1600 3733 1788 3790 legitimis
1814 3732 2004 3776 fructibus
2031 3735 2258 3790 Religionis
2279 3747 2354 3774 no-

1370 3797 1457 3841 ssrae
1481 3796 1532 3841 de
1547 3795 1803 3853 penitentia3
1826 3794 1919 3850 quia
1941 3802 2076 3838 tamen
2104 3806 2186 3838 non
2217 3791 2351 3858 omnia

2241 3859 2297 3891 ita
