2592 4094
383 219 559 301 260

316 350 464 406 Capite
492 353 544 394 V.
578 350 724 409 quibus
753 345 976 393 scrvabitur
998 345 1242 390 continuum
1258 346 1306 390 li·

317 408 487 452 lentium
508 412 573 452 2&
595 410 752 463 insuper
766 404 948 448 omnibus
965 403 1109 449 diebus
1122 407 1304 451 Domini-

315 480 398 520 cis,
414 470 455 510 &
469 467 574 511 festis
590 468 702 511 nulla
736 465 934 528 Sororum
957 463 1072 520 loqui
1093 469 1245 522 poterit
1261 466 1304 510 in

313 525 412 570 loco
436 526 657 579 colloquii,
684 521 753 563 nist
778 531 1119 572 extern1s‚extra
1137 527 1300 571 Civita-

314 592 399 627 tem
416 582 682 627 habitantibus
697 593 712 633 3
727 595 808 625 non
823 590 1017 638 poterunt
1046 585 1171 627 etiam
1187 586 1301 629 vide-

312 645 350 687 ri
363 645 410 686 ad
428 652 578 684 cratem
592 668 608 691 ,
635 656 708 684 nec
724 642 844 685 etiam
858 651 1044 696 tempore
1058 643 1302 703 Qadrage-

313 703 414 745 stmae
429 728 443 753 ‚
470 701 511 741 &
533 697 772 754 Adventus,
800 715 874 744 nec
900 699 1004 744 ullas
1023 701 1183 746 litteras
1204 701 1304 746 scri-

313 764 410 805 bere
425 789 436 801 .
459 759 620 802 Poterit
632 769 768 802 tamen
788 763 926 806 Mater
939 760 1131 814 Ancilla,
1145 763 1184 803 &
1204 765 1304 806 Por·

315 821 412 866 tatia
426 819 538 875 loqui
559 848 572 871 ,
585 818 750 875 quando
767 819 985 874 expediens
1003 819 1202 870 fuerit-‚Bc
1217 823 1307 864 Ma-

316 893 377 925 ter
394 875 559 921 Ancilla
574 878 728 932 poterit
743 876 917 920 scribere
931 877 1090 922 litteras
1102 908 1117 932 ‚
1142 878 1307 936 quando

314 953 389 999 pro
409 937 540 995 gloria
563 938 668 989 Dei,
697 938 735 978 &
759 936 902 979 debito
929 937 1053 981 officii
1077 937 1133 981 sui
1153 951 1308 983 conve·

314 1002 427 1044 niens
443 994 566 1040 fuerit
583 1025 598 1048 ,
611 997 693 1039 imo
708 994 914 1040 interdum
928 996 968 1040 id
989 995 1075 1041 aliis
1087 998 1305 1056 permitte-

313 1076 359 1106 re
374 1061 441 1104 suo
456 1057 647 1115 prudenti
667 1054 825 1111 judicio
840 1083 853 1096 .

434 1115 601 1173 Insuper
618 1114 816 1167 statuitur,
835 1130 886 1159 ne
904 1116 1070 1159 Sorores
1084 1114 1212 1169 Viris,
1229 1127 1300 1161 aut

315 1177 553 1223 Mulieribus
567 1171 797 1219 concedant
815 1172 1029 1231 ingressum
1045 1202 1060 1227 ‚
1087 1173 1154 1217 sed
1174 1176 1302 1219 facul-

317 1251 378 1283 tas
394 1237 516 1279 dandi
541 1231 748 1278 licentiam
764 1234 802 1276 in
818 1234 910 1277 casu
930 1234 1110 1290 urgentis
1125 1261 1139 1286 ,
1164 1236 1204 1276 δι
1219 1235 1303 1277 ine-

314 1295 489 1341 vitabilis
506 1291 744 1338 neceffitatis
759 1291 906 1349 speetat
920 1292 972 1334 ad
996 1292 1275 1349 Episcopum.)
1287 1322 1303 1346 ,

315 1360 353 1401 &
367 1383 490 1399 .....
507 1354 632 1398 talem
645 1378 659 1401 ‚
678 1351 840 1406 qualem
858 1351 1146 1395 Ordinationes
1162 1352 1307 1396 Eccle-

321 1416 474 1459 fiasticae
489 1411 733 1470 permittunt
747 1439 764 1460 ‚
794 1410 1022 1462 concedat3
1053 1409 1123 1454 sed
1145 1425 1222 1467 pro
1236 1427 1308 1456 ne-

321 1474 503 1518 cessitate
517 1467 711 1528 spirituali
728 1465 985 1511 Infirmarum
997 1493 1011 1516 a
1036 1467 1178 1513 licebit
1193 1473 1308 1515 Con-

317 1532 475 1576 feffario
499 1528 652 1588 ingredi
679 1528 726 1570 ad
741 1525 1049 1570 administranda
1073 1529 1154 1573 illis
1167 1531 1308 1574 Sacra·

318 1601 470 1642 menta,
487 1590 536 1633 ad
550 1587 807 1631 consolandas
833 1587 921 1630 illas
936 1587 974 1628 in
991 1588 1135 1642 agonia
1149 1590 1306 1641 mortis,

317 1654 359 1693 δε
385 1649 548 1707 quando
572 1643 831 1701 Superioriffa
858 1643 1122 1691 neceffarium
1151 1646 1306 1703 judica-

318 1711 377 1753 bit
407 1722 481 1766 pro
514 1704 787 1751 consolatione
812 1705 1062 1750 infirmarum
1096 1706 1307 1762 praedicta-

318 1783 407 1814 rum
423 1798 435 1811 .

439 1824 590 1869 Medici
617 1854 630 1877 ‚
660 1821 981 1880 Pharmacopolae
1003 1850 1019 1873 ‚
1045 1823 1086 1864 δε
1112 1820 1309 1877 Chirurgi

322 1893 515 1944 poterunt
543 1885 663 1926 etiam
693 1883 849 1938 ingredi
875 1884 925 1926 ad
957 1880 1170 1925 vifitandas
1186 1894 1311 1937 aegro-

315 1957 400 1994 tas,
421 1947 461 1987 δι
475 1942 522 1986 ad
546 1942 623 1984 illis
640 1942 874 1997 applicanda
893 1939 1068 1984 remedia
1081 1939 1311 1991 necessaria,

320 2007 360 2046 &
387 2002 670 2047 convenientia
690 2014 828 2042 earum
853 1999 1182 2049 infirmitatibus3
1213 2000 1251 2038 &
1266 2008 1314 2040 ut

323 2064 511 2121 proximo
528 2062 677 2101 bonum
695 2057 922 2110 exemplum
938 2056 1176 2105 praebeatur,
1189 2056 1213 2095 ὲ
1230 2056 1314 2106 pri·

324 2133 391 2163 mo
413 2115 582 2170 ingressu
600 2122 725 2169 portae
740 2111 861 2166 usque
878 2110 927 2151 ad
941 2110 1028 2162 ejus
1040 2105 1311 2163 regressum-2,

324 2176 522 2222 continuo
541 2171 761 2213 comitetur
772 2181 842 2209 eos
868 2166 1000 2210 Mater
1015 2164 1178 2209 Ancilla
1194 2193 1210 2215 ,
1240 2172 1311 2206 aut

319 2236 402 2292 ejus
427 2229 590 2276 Vicaria
604 2255 618 2278 ,
647 2241 737 2269 cum
751 2226 906 2269 duabus
922 2225 1134 2269 Sororibus
1147 2251 1162 2275 ,
1174 2224 1215 2264 ὅ(
1235 2223 1309 2265 Di·

320 2293 460 2338 scretis
480 2319 495 2340 ‚
511 2301 656 2343 magno
671 2286 741 2328 suo
773 2286 867 2328 velo
893 2284 1016 2341 usque
1031 2285 1081 2326 ad
1097 2282 1310 2334 cingulum

321 2349 523 2397 obvelatis
538 2375 552 2396 ,
572 2346 691 2394 adeo,
708 2351 754 2386 ut
781 2345 830 2384 ab
844 2343 1006 2384 illarum
1022 2340 1226 2397 praesentia
1252 2339 1311 2381 se-

317 2421 458 2467 parare
474 2407 510 2447 se
526 2403 564 2446 se
585 2411 797 2455 nequeant:
808 2414 934 2457 quare
947 2413 1025 2443 una
1039 2401 1198 2442 illarum
1213 2412 1311 2454 prae·

312 2466 458 2517 cedet,
475 2473 519 2504 ut
538 2474 608 2504 eos
633 2461 686 2502 eo
697 2458 846 2509 ducat,
874 2459 954 2514 quo
970 2458 1165 2501 convenit
1177 2485 1192 2508 ,
1222 2457 1311 2512 pul·

314 2527 424 2569 sante
448 2519 541 2566 nolz'i
556 2546 569 2568 a
583 2526 628 2560 ut
639 2518 716 2560 illae
731 2546 745 2569 ‚
759 2531 843 2574 quae
858 2532 937 2561 non
952 2518 1030 2561 (int
1045 2516 1227 2561 (imiliter
1243 2529 1311 2569 ve}

318 2587 407 2630 latae
421 2613 434 2636 ,
462 2579 648 2624 secedere
670 2587 914 2620 moneantur
932 2606 945 2619 .

430 2638 591 2684 Poterit
608 2636 734 2679 etiam
768 2636 855 2680 dari
881 2633 1078 2692 ingressus
1096 2633 1307 2692 operariis,

313 2710 360 2747 ut
376 2699 497 2744 fabris
517 2696 702 2740 murariis
716 2725 732 2747 ,
750 2695 951 2751 Lignariis
964 2696 1232 2748 ,Vectoribus
1247 2721 1261 2743 a
1276 2695 1317 2735 &

318 2763 408 2805 aliis
435 2756 626 2801 similibus
647 2782 661 2805 ,
689 2754 769 2798 fine
789 2768 961 2811 quorum
990 2752 1165 2798 subfidio
1191 2752 1312 2796 Reli·

315 2822 428 2878 giosae
446 2818 535 2860 solae
550 2830 630 2858 non
648 2822 837 2870 poterunt
858 2814 1093 2858 executioni
1117 2812 1307 2858 mandare

316 2880 524 2936 quaedam,
554 2889 642 2932 quae
668 2872 883 2916 necessaria
897 2873 981 2916 fieri
996 2902 1011 2925 ‚
1034 2882 1102 2918 aut
1117 2871 1306 2927 componi

320 2940 472 2982 debent
491 2950 503 2978 ε
527 2934 648 2991 idque
666 2933 780 2976 claro
794 2931 861 2976 die
878 2961 891 2985 ,
914 2934 955 2974 δε
968 2932 1159 2989 quantum
1172 2944 1310 2974 eorum

322 3012 447 3054 opera
471 2994 695 3049 requiritur
713 3021 728 3043 ,
744 3006 817 3034 nec
833 2992 1004 3048 amplius
1022 3022 1033 3034 .

437 3055 492 3094 Et
504 3051 664 3107 quando
687 3049 906 3094 secundum
931 3052 1038 3095 hunc
1053 3049 1216 3093 modum
1232 3047 1307 3089 ali-

319 3125 440 3169 quem
466 3111 730 3163 Saecularem,
749 3112 1009 3154 Conventum
1029 3107 1185 3165 ingredi
1210 3121 1306 3148 con·-

327 3171 470 3220 venit,
486 3170 679 3219 Sorores,
700 3183 878 3224 quaecum
895 3169 974 3212 illis
995 3178 1142 3225 agent,
1156 3175 1222 3208 aut
1239 3178 1310 3208 eos

325 3227 761 3278 deducent,habebunt
785 3228 928 3272 faciem
953 3228 1061 3272 suam
1076 3235 1309 3282 coopertam

314 3288 410 3331 velo
423 3286 494 3329 suo
514 3284 656 3340 majori
673 3286 817 3341 fligi-03
840 3288 948 3344 quod
972 3290 1098 3345 ipsum
1121 3283 1310 3329 observa-

324 3348 424 3388 bunt
451 3345 571 3386 etiam
602 3372 616 3394 ,
646 3345 804 3400 quando
826 3358 958 3393 crates
986 3347 1117 3390 Chori
1135 3353 1308 3401 aperta-,2

324 3405 454 3448 fuerit
470 3432 483 3454 ‚
500 3404 539 3446 in
559 3402 761 3455 vestitura,
776 3417 845 3449 aut
873 3406 1111 3463 proseffione
1126 3404 1312 3448 Novitia-

315 3477 441 3516 rum3
472 3463 522 3504 Et
543 3463 706 3519 quando
735 3469 905 3509 Sorores
924 3468 1090 3511 audient
1117 3463 1310 3520 praedica-

317 3525 468 3566 tionem
497 3531 591 3565 ante
616 3531 798 3575 cratem,
833 3540 919 3582 quae
945 3534 1077 3569 crates
1109 3537 1188 3565 non
1215 3534 1308 3577 ape-

320 3583 449 3624 rietur
476 3582 526 3625 ad
540 3581 720 3624 effectum
735 3585 1024 3638 praedicationis
1038 3611 1052 3635 ³
1074 3581 1142 3625 nist
1156 3583 1204 3624 in.
1221 3594 1308 3637 par·

322 3649 363 3681 te
380 3641 404 3681 s
399 3641 662 3696 uperiore‚ita
672 3652 716 3684 ut
735 3644 952 3688 Saeculares
967 3659 1044 3689 non
1058 3641 1196 3702 poffint
1211 3654 1308 3684 con—

311 3695 466 3747 spicere
506 3701 545 3740 in
565 3703 750 3744 Chorum
772 3702 1063 3759 Religiosarum
1078 3735 1093 3757 ,
1126 3702 1192 3745 sed
1207 3701 1308 3745 solus

310 3755 597 3801 Concionator
619 3774 690 3815 per
705 3769 862 3815 partem
893 3760 1162 3818 superiorem.

425 3813 489 3856 Ad
524 3816 627 3859 hunc
646 3818 826 3864 effessum
847 3821 1060 3867 claudetur
1076 3832 1208 3866 crates
1234 3819 1305 3863 ad-

1069 203 1663 293 Provincia

1364 349 1474 394 intra
1496 349 1654 394 duobus
1683 348 1803 393 ⁴soliis
1824 347 1998 404 ligneis,
2020 364 2104 406 quae
2130 354 2351 401 fendentm·

1362 409 1414 453 ad
1442 419 1599 465 partem
1615 407 1884 466 superiorem,
1906 408 2015 450 idem
2035 408 2107 452 fiet
2130 413 2182 455 ad
2207 425 2353 470 αἴης

1362 468 1435 513 fiet
1451 470 1575 511 etiam
1593 470 1643 514 ad
1657 478 1771 512 extra
1785 467 1836 510 ad
1854 467 2030 523 aliquam
2045 478 2350 525 competentem

1359 529 1589 574 distantiam
1625 529 1647 571 ὲ
1681 536 1793 571 crate
1811 528 1970 569 cortina
1988 554 2004 578 ‚
2025 541 2113 583 quae
2137 527 2354 576 claudetur

1361 587 1535 639 interea,
1552 587 1650 631 dum
1673 585 1872 631 Sacerdos
1893 586 2008 629 dabit
2020 589 2352 634 communionem

1364 648 1580 691 Sororibus
1592 674 1606 697 ,
1621 659 1673 689 ne
1687 647 1712 690 a
1725 646 1991 690 Saecularibus
2007 645 2325 703 conspiciantur.

1479 709 1613 749 Portae
1637 703 1913 747 clausurarum
1931 703 2157 749 nostrarum
2175 707 2250 748 fint
2276 707 2356 751 du-

1364 765 1523 822 plicatae
1547 761 1731 819 congrua
1751 762 1937 806 distantia
1958 760 2174 818 separata:
2204 765 2358 810 eaedem

1365 832 1492 883 portae
1506 821 1750 866 claudentur
1775 820 2029 865 ferramentis
2054 822 2301 878 fortiffimis‚
2315 824 2358 867 δε

1367 881 1541 926 cancelli
1555 911 1572 934 ,
1596 893 1663 926 aut
1698 890 1856 931 crates,
1875 895 1949 937 per
1975 895 2071 938 quas
2099 881 2360 938 colloquium

1362 943 1535 985 habetur
1554 955 1648 985 cum
1664 941 1860 991 externis,
1876 940 1950 983 fint
1964 941 2194 997 duplicatae,
2209 942 2259 985 fic
2275 971 2290 995 ,
2311 950 2359 987 ut

1363 1000 1437 1043 smt
1462 1000 1544 1042 duo
1579 999 1754 1043 cancelli
1780 998 1805 1043 ὲ
1832 1000 1998 1055 regione
2022 1001 2200 1044 invicem
2229 999 2357 1058 positi

1361 1073 1457 1103 cum
1472 1058 1658 1101 distantia
1676 1059 1848 1101 circiter
1863 1058 2027 1114 pedali.

1478 1116 1611 1173 Major
1627 1126 1760 1160 crates
1779 1117 1911 1160 Chori
1922 1144 1937 1168 ,
1963 1131 2035 1173 per
2051 1131 2171 1173 quam
2186 1117 2361 1162 admini-

1361 1177 1510 1221 stratur
1527 1179 1647 1220 Sacra
1659 1176 1908 1220 Communio
1921 1176 2139 1219 Sororibus
2158 1203 2173 1227 ,
2185 1178 2223 1217 &
2238 1175 2350 1219 audi.

1362 1246 1432 1280 tur
1457 1236 1644 1286 Concio,
1670 1236 1790 1279 uti&
1818 1243 1978 1284 crates,
2003 1248 2076 1290 per
2089 1247 2208 1289 quam
2224 1234 2358 1276 inter-¹

1365 1292 1463 1338 du'm
1491 1293 1708 1350 Religiosae
1731 1293 2038 1348 conspiciuntur
2054 1320 2069 1345 ‚
2093 1294 2168 1336 sint
2186 1291 2356 1337 sortiffi-

1364 1367 1439 1398 mae
1454 1381 1468 1406 ,
1482 1351 1696 1409 &insuper
1713 1352 1866 1409 punctis
1881 1349 2024 1395 ferreis
2039 1362 2205 1396 armatae
2219 1379 2234 1394 .

1479 1413 1527 1455 In
1546 1423 1687 1464 muro,
1702 1412 1771 1468 qui
1787 1411 1973 1455 elevatur
1989 1411 2095 1454 inter
2107 1409 2352 1461 Ecclefiam,

1365 1473 1404 1514 &
1419 1472 1607 1516 Chorum
1633 1470 1934 1527 Religiosarum
1945 1496 1960 1520 a
1973 1478 2095 1513 erunt
2108 1469 2132 1512 i
2145 1469 2356 1527 superiore

1365 1530 1452 1588 ejus
1469 1540 1583 1588 parte
1605 1530 1692 1573 duae
1708 1528 1883 1574 fenestrae
1907 1529 1930 1571 i
1945 1530 2078 1572 latere
2090 1528 2246 1573 Altaria
2259 1557 2275 1582 ,
2306 1536 2355 1572 ut

1366 1598 1509 1632 cantus
1536 1591 1731 1633 Sororum
1755 1588 1873 1644 potiit
1893 1588 2257 1644 intelligi3quibus
2290 1587 2358 1630 fe-

1365 1649 1506 1691 nestris
1518 1655 1638 1691 erunt
1659 1646 1844 1691 (imiliter
1858 1647 2000 1691 ferreae
2028 1657 2157 1690 crates
2187 1655 2350 1690 armata

1365 1707 1555 1748 similibus
1578 1708 1734 1762 punc‘tis
1749 1735 1762 1747 .
1958 1741 1965 1749 .

1482 1767 1531 1807 ln
1546 1776 1652 1805 nova
1667 1762 1820 1807 fabrica
1859 1777 1934 1806 nec
1967 1762 2231 1817 Superioriffa
2243 1789 2259 1812 ‚
2286 1774 2365 1805 nec

1368 1824 1544 1865 Sorores
1571 1830 1694 1876 agant
1719 1821 1829 1863 inter
1853 1822 2062 1876 operarios
2079 1847 2094 1872 ‚
2127 1821 2168 1863 ἃ.
2183 1833 2363 1876 operas,

1373 1882 1443 1926 nist
1460 1909 1475 1932 ,
1489 1880 1557 1923 ubi
1571 1880 1623 1922 ad
1642 1880 1797 1936 aliquid
1811 1877 2165 1924 determinandum
2192 1879 2365 1923 omnino

1371 1938 1586 1985 ‘necess'aria
1612 1938 1659 1982 fit
1674 1953 1812 1982 earum
1827 1939 2057 1999 praesentia.
2089 1939 2258 1982 Dabunt
2282 1937 2364 1996 igi·

1376 2010 1444 2041 tur
1460 2011 1624 2052 operam
1642 2025 1657 2047 ,
1669 2006 1715 2038 ut
1727 1995 1915 2050 seligatur
1929 1997 2074 2052 aliquis
2089 1998 2164 2040 Vir
2190 1998 2343 2053 probus
2348 2024 2368 2049 2,

1376 2054 1645 2095 &industrius
1662 2078 1678 2101 ‚
1691 2054 1760 2106 qui
1781 2053 1865 2108 ejus
1876 2068 2012 2096 curam
2027 2065 2148 2108 gerat
2162 2068 2240 2110 pro
2254 2057 2364 2108 Deo,

1371 2108 1482 2164 quod
1500 2108 1525 2149 fi
1540 2121 1618 2150 non
1634 2118 1848 2151 occurrant
1863 2109 2042 2152 ultronei
2058 2138 2072 2160 ,
2099 2111 2275 2166 pecunia
2289 2112 2358 2155 fibi

1370 2165 1611 2223 provideant
1641 2166 1806 2221 potius,
1832 2169 1955 2223 quam
1985 2167 2094 2211 inter
2118 2166 2290 2214 fabricas
2309 2166 2355 2215 se

1371 2224 1604 2281 spectandas
1618 2225 1857 2269 exhibeant.
2265 2223 2269 2228 “

1595 2343 1653 2425 Ο·
1714 2344 1762 2391 Α
1830 2344 1883 2392 Ρ.
1989 2345 2122 2395 XI.

1402 2462 1467 2504 De
1489 2458 1738 2518 institutione
1771 2459 2069 2519 Superiorss'ae,
2095 2460 2145 2511 θ’
2159 2461 2335 2510 aliamne

1704 2517 1997 2575 officiariarum
2012 2549 2025 2562 .

1492 2638 1542 2680 In
1567 2636 1728 2694 fingulis
1753 2638 2039 2682 Conventibus
2061 2637 2180 2695 hujus
2193 2639 2361 2685 Ordinis

1377 2696 1457 2739 erit
1470 2710 1550 2740 una
1567 2696 1827 2755 Superioriffa
1842 2698 2037 2741 canonice
2051 2698 2178 2742 electa
2195 2726 2206 2739 .
2219 2701 2279 2744 Ut
2291 2713 2363 2744 au-

1374 2766 1461 2799 tem
1475 2756 1620 2799 electio
1635 2757 1829 2800 canonica
1841 2758 1889 2798 fit
1904 2785 1919 2808 ‚
1947 2756 1997 2799 ad
2011 2758 2140 2799 minus
2161 2756 2261 2801 duas
2274 2770 2360 2803 tet·-

1370 2815 1447 2859 tias
1483 2828 1630 2860 vocum
1654 2816 1678 2860 ὲ
1706 2816 1924 2859 Sororibus
1958 2814 2145 2872 profeffis
2184 2818 2361 2872 habeat,

1370 2888 1454 2930 quae
1472 2872 1714 2918 absolverint
1728 2883 1918 2931 quartum
1951 2889 2100 2919 annum
2129 2875 2172 2918 in
2196 2875 2362 2921 nostra..

1369 2933 1723 2991 Congregatione‚
1752 2935 1793 2976 δε
1816 2936 1867 2978 ab
1888 2934 1971 2990 ipso
2001 2935 2359 2982 Reverendiffimo

1369 2993 1572 3049 Episcopo
1587 2991 1833 3036 Dioecesitno
1856 2992 2091 3038 confirmata
2105 2995 2168 3046 fit,
2179 2995 2246 3039 cui
2260 3008 2353 3038 om-

1366 3064 1437 3094 nes
1458 3056 1625 3095 Sorores
1640 3050 1808 3094 obedire
1823 3052 2069 3096 tenebuntur
2089 3052 2128 3095 in
2152 3055 2355 3103 omnibus,

1369 3125 1456 3165 quae
1475 3125 1554 3154 non
1571 3113 1659 3154 sunt
1682 3120 1824 3154 contra
1848 3111 1983 3154 animae
2003 3111 2188 3163 sslutem,
2209 3122 2356 3155 conta-a

1369 3170 1573 3224 Regulam
1599 3169 1775 3213 nostram
1788 3198 1803 3222 ,
1824 3170 1864 3212 δι
1879 3170 1948 3212 has
1961 3169 2111 3213 nostras
2124 3168 2344 3225 praesentes

1368 3227 1708 3280 Constitutiones;
1722 3242 1808 3283 quae
1821 3227 1968 3271 elestio
1979 3227 2048 3273 fiet
2062 3227 2216 3272 secreta
2232 3258 2247 3281 ,
2274 3228 2349 3281 ita,

1367 3294 1413 3329 ut
1424 3286 1583 3329 nomina
1598 3287 1849 3340 Eligentium
1864 3299 2067 3340 nunquam
2097 3285 2351 3331 manifesten-

1371 3354 1465 3395 tur,
1483 3343 1640 3398 singulis
1657 3344 1785 3387 libere
1805 3343 1918 3386 illam
1945 3342 2185 3398 eligentibus
2200 3374 2214 3399 ,
2227 3360 2351 3403 quam

1371 3402 1586 3446 secundum
1608 3405 1739 3445 Deum
1765 3403 1805 3444 in
1831 3402 2079 3446 conscientia
2101 3398 2348 3459 ‚judicabunt

1370 3459 1447 3505 esse
1461 3462 1581 3515 magis
1597 3463 1780 3505 idoneam
1795 3487 1809 3509 a
1823 3463 1863 3503 δι
1876 3476 2064 3518 capacem
2088 3463 2138 3505 ad
2153 3464 2234 3507 tale
2259 3462 2353 3507 offi-

1368 3520 1575 3573 cium,fine
1585 3521 1820 3577 acceptione
1838 3522 2111 3575 personarum,
2125 3525 2353 3578 presente..-

1367 3580 1709 3624 Reverendiffimo
1734 3581 1935 3637 Episcopo
1963 3582 2210 3626 Dioecesano
2233 3610 2250 3635 ,
2278 3588 2350 3626 aut

1367 3655 1449 3685 uno
1461 3642 1512 3684 ab
1530 3641 1610 3697 ipso
1633 3643 1839 3696 Deputato
1854 3640 1907 3684 de
1924 3639 2122 3693 Cler0,ad
2137 3643 2347 3686 terminan-

1367 3703 1439 3745 das
1453 3702 1708 3745 difficultates
1723 3730 1736 3753 ,
1750 3714 1834 3757 quae
1849 3699 1992 3757 poffint
2006 3701 2215 3753 accidere,
2231 3703 2272 3744 aa
2283 3700 2349 3744 di-

1365 3765 1467 3805 diam
1481 3761 1722 3806 electionem
1743 3758 2061 3804 confirmandam
2073 3790 2087 3803 .

1479 3823 1557 3867 Sed
1570 3820 1655 3871 illa,
1674 3834 1756 3877 quae
1774 3822 2126 3866 communitatem
2141 3816 2248 3876 sequi
2264 3829 2342 3860 non

2210 3889 2284 3932 ΡΟ·
