2612 4100
403 169 531 250 66
1107 151 1679 245 Provincia

339 334 417 365 ma
434 313 619 382 ponitur
629 328 714 380 pro
733 311 892 362 amicis
912 304 1003 355 suis
1021 300 1069 355 ἃ
1081 303 1303 373 proximis
1319 341 1335 364 ,
1360 305 1477 356 hanc
1493 307 1540 355 in
1554 304 1791 357 Fratribus
1808 305 2056 367 excelsam,
2085 307 2135 364 ὅ(
2152 312 2202 362 ea
2218 312 2406 373 Provin⁴

343 388 464 436 ciam
481 381 611 433 fuisse
628 379 875 451 perfestam
897 393 1054 443 aequus
1086 375 1315 426 concludo
1331 412 1343 426 .
1373 378 1649 445 Captivavit
1681 379 1776 428 haec
1792 375 2007 430 Ecclefiae
2033 381 2284 434 Praesulum
2315 386 2411 434 ani-

340 457 606 515 mos,ita,ut
621 453 830 509 certatim
846 463 1079 496 novarum
1098 450 1340 498 Domuum
1361 445 1716 508 fabricas,etiam
1730 466 1787 500 ex
1806 448 2056 502 substantia
2078 453 2408 514 Ecclefiaessoa-

341 529 611 592 djuvarent:
630 521 742 571 aedes
759 519 1012 570 S.Nicolao
1025 514 1188 576 sacras,
1205 517 1254 569 ὅ(
1271 518 1524 583 adjacentes
1543 537 1703 579 terras,
1722 520 1989 572 Franciscus
2007 521 2409 593 CardinalisJojo-

341 599 454 649 saeus
474 597 530 645 de
545 598 713 656 majore
730 586 1014 639 Monasterio
1032 586 1341 640 Marmoutiers
1355 590 1500 649 dieto,
1515 595 1643 655 cujus
1657 590 1816 643 Abbas
1829 592 2268 645 Commendatarius
2286 609 2406 655 erat,

343 667 586 720 accedente
614 666 805 712 Patrum
833 658 1240 711 Benediffinorum
1277 659 1499 711 consensu
1535 658 1744 732 segregat
1771 700 1789 723 ,
1823 663 1874 716 <St
1907 663 2086 715 Domfis
2117 665 2405 717 Turonensis

344 735 564 808 principia
581 731 772 781 facilitat
789 730 1058 781 :Arnaldus
1075 732 1296 782 Sorbinus
1312 768 1328 791 ,
1362 733 1560 783 Niverni
1574 733 1846 803 Episcopus,
1865 738 2128 791 Prioratum
2148 733 2410 789 saecularem

346 815 392 859 S.
412 804 634 860 Valeriae,
647 815 779 852 extra
795 819 956 852 muros
973 804 1192 853 Civitatis
1207 802 1503 853 Nivernenfis
1531 802 1668 855 situm
1691 841 1707 864 ,
1739 805 1966 858 conclusae
1984 812 2204 858 Fratrum
2220 809 2400 858 Domui

344 872 650 926 commodum
668 870 836 932 censet,
848 871 897 925 ὃ(
914 874 1037 923 illius
1053 873 1245 923 ceffione
1261 891 1423 923 eorum
1447 874 1623 937 labores
1639 892 1901 929 remunerat
1915 915 1927 928 .
1967 876 2257 929 Godefridus
2285 877 2342 927 de
2357 880 2407 928 S.

347 948 481 997 Belin
498 979 514 1002 ,
545 942 897 994 Pistavienfium
918 941 1085 994 Praesul
1104 979 1119 1002 ,
1150 960 1201 995 ut
1214 949 1392 994 Fratres
1418 945 1581 996 habeat
1606 944 1672 997 sui
1690 947 1920 1016 Episcopii
1940 950 2190 1018 inquilinos
2206 984 2223 1006 ,
2253 950 2413 999 Eccle-

342 1016 457 1066 fiam
475 1015 788 1066 parochialem
803 1017 851 1065 S.
867 1016 1090 1083 Gregorii
1107 1033 1215 1065 cum
1228 1017 1535 1076 Coemeterio’,
1552 1035 1714 1067 eorum
1731 1017 1911 1070 fabricae
1923 1019 1972 1072 ἃ
1988 1016 2088 1070 usui
2107 1018 2296 1070 destinat
2313 1055 2328 1078 ,
2359 1017 2411 1072 ἃ

343 1086 647 1138 Parochianos
666 1083 873 1136 Ecclesiae
901 1089 950 1136 S.
969 1086 1202 1135 Porcharii
1219 1087 1337 1137 uniri
1362 1087 1496 1150 jubet
1513 1122 1525 1136 .
1545 1091 1648 1137 Rex
1664 1085 1758 1157 ipse
1771 1089 2183 1140 Christianiffimus
2215 1105 2267 1140 ut
2289 1108 2414 1151 eamq

343 1177 455 1226 pum
472 1155 631 1206 Meffis
650 1154 932 1224 Apostolicae
950 1155 1110 1206 reddat
1126 1158 1362 1208 Fratribus
1377 1159 1652 1227 ampliorem
1667 1195 1683 1219 ,
1720 1178 1814 1210 non
1829 1159 1978 1212 solum
2002 1178 2089 1229 pro
2106 1158 2408 1211 construenda

343 1234 390 1278 in
408 1229 612 1279 Civitate
629 1225 947 1278 Aurelianensi
965 1231 1123 1277 Domo
1138 1227 1391 1279 Castellum
1409 1231 1655 1299 S.Joannis
1675 1230 1787 1282 Albi
1796 1236 1895 1295 jam
1914 1248 2035 1281 anno
2061 1250 2080 1280 ι
2093 1233 2213 1293 578.
2234 1227 2415 1279 conces·

342 1298 400 1349 fit
417 1335 432 1359 ,
451 1297 526 1348 sed
542 1297 590 1349 δε
610 1299 855 1367 Rupellam
870 1317 988 1348 anno
1014 1308 1105 1348 162
1116 1301 1163 1349 8.
1180 1298 1266 1350 suae
1282 1300 1464 1359 ditioni,
1481 1301 1624 1371 operti
1639 1299 1688 1353 &
1705 1300 1896 1352 confilio
1914 1298 2152 1372 P.Josephi
2172 1301 2229 1352 de
2245 1303 2411 1352 Trem-

344 1371 449 1438 blay
471 1367 702 1419 subae'tam
725 1405 741 1427 ,
768 1371 1012 1438 petulantis
1040 1369 1254 1421 haereseos
1279 1370 1496 1422 sentinam
1514 1408 1530 1431 ,
1567 1371 1677 1422 fidei
1706 1376 1921 1424 Fratrum
1944 1369 2214 1431 commifit,
2249 1370 2299 1423 ὅ(
2333 1388 2416 1421 an-

345 1459 407 1491 no
431 1450 579 1502 1670.
597 1437 843 1509 Rupeforti
861 1475 879 1498 ,
915 1440 993 1490 ubi
1023 1443 1086 1490 rei
1119 1442 1336 1492 Nauticae
1374 1442 1423 1495 ἃ
1451 1442 1862 1513 Hydrographicae
1886 1441 2173 1512 disciplinam
2206 1442 2418 1501 induxit,

345 1529 422 1561 eos
439 1511 628 1562 instante
646 1512 823 1562 Carolo
839 1511 895 1561 de
915 1511 1117 1563 Colbert
1132 1513 1187 1563 de
1202 1516 1385 1564 Terron
1404 1552 1422 1577 ,
1458 1513 1673 1582 supremo
1688 1516 1752 1564 rei
1767 1515 2006 1565 maritimae
2021 1511 2245 1565 Praefesto
2256 1549 2273 1572 ,
2297 1516 2424 1570 Con·¹

345 1581 516 1632 filiatio
535 1582 686 1633 Statfis
705 1581 797 1633 ἃς.
817 1599 902 1632 ceu
915 1582 1087 1651 lapides
1105 1582 1353 1652 probatos,
1391 1587 1634 1654 angulares
1660 1584 1710 1637 ὅ(
1737 1584 1988 1654 pretiosos,
2024 1586 2187 1652 quibus
2211 1582 2323 1634 fides
2350 1585 2419 1634 in-

345 1656 569 1704 niteretur
585 1690 600 1713 ,
636 1654 744 1722 poni
758 1652 887 1718 juffit
903 1690 919 1714 ,
945 1671 1002 1703 eo
1022 1656 1207 1722 quidem
1228 1652 1458 1707 felicitatis
1479 1653 1642 1707 effestu
1659 1693 1675 1716 ,
1709 1671 1762 1706 ut
1777 1675 1994 1708 numerus
2009 1675 2171 1707 eorum
2195 1692 2212 1715 ,
2247 1655 2324 1722 qui
2354 1654 2422 1703 in·-

345 1738 416 1773 tra
433 1727 517 1773 80.
531 1742 670 1773 annos
688 1727 891 1775 nativam
911 1725 1079 1774 sestam
1097 1728 1142 1776 in
1161 1726 1360 1776 Ecclesia
1375 1726 1524 1776 nostra
1543 1727 1605 1777 ibi
1623 1726 1891 1788 abjurr‘lrunt
1904 1763 1921 1786 ,
1945 1727 2005 1777 ad
2030 1747 2048 1777 1
2062 1731 2179 1791 582.
2195 1723 2418 1775 extenda-

346 1808 449 1846 tur.
487 1795 654 1842 Mirari
675 1793 781 1839 inde
800 1809 935 1840 nemo
954 1794 1092 1839 debet
1109 1827 1126 1848 ,
1162 1793 1196 1838 fi
1210 1794 1258 1841 ὅ(
1275 1793 1356 1858 ipfi
1378 1793 1585 1840 Ecclesia:
1601 1795 1842 1842 Antistites
1875 1795 2081 1863 gratioso
2100 1795 2275 1861 semper
2296 1792 2421 1845 favo·

347 1881 397 1914 re
416 1881 492 1913 eos
522 1861 625 1911 sunt
652 1858 913 1930 prosecuti,
944 1874 1046 1909 tum
1080 1858 1311 1909 beneficiis
1326 1860 1559 1909 charitatis
1577 1861 1683 1910 illos
1711 1863 2024 1922 cumulando,
2044 1878 2149 1915 tum
2171 1864 2417 1933 privilegia

346 1935 598 2002 spiritualia
615 1949 723 1981 cum
741 1931 1027 1980 distinftione
1055 1931 1107 1978 iis
1138 1929 1376 1998 largiendo
1394 1965 1410 1987 ,
1437 1945 1537 1980 turn
1566 1928 1658 1980 fida
1684 1949 1845 1982 eorum
1878 1933 2024 1984 studia
2042 1935 2100 1984 ad
2128 1933 2206 1985 sua
2234 1934 2419 1984 consilia

349 2003 585 2054 vocando.
623 2003 880 2068 Singularis
914 1997 1096 2067 prorsus
1127 2002 1172 2048 in
1208 2003 1296 2048 hoc
1311 1998 1372 2048 est
1394 1999 1721 2059 lllustriffimi,
1740 2001 2188 2054 &Reverendiffimi
2221 2005 2424 2055 Guiliel·

348 2077 418 2125 mi
446 2073 487 2123 d'
502 2070 943 2141 Hugues,moderni
976 2067 1180 2119 Praesulis
1213 2070 1510 2120 Nivernenfis
1526 2108 1541 2130 ,
1555 2068 1743 2122 affestus
1757 2075 1865 2140 ‚qui
1885 2092 1975 2124 non
1993 2075 2142 2126 solum
2162 2080 2344 2126 fratres
2359 2075 2419 2126 ad

349 2147 597 2216 praecipuas
615 2142 856 2210 Evangelii
876 2139 1131 2191 Cathedras
1151 2138 1301 2210 seligit
1316 2176 1332 2198 ,
1368 2139 1443 2191 sed
1459 2141 1506 2194 ὅ(
1527 2141 1749 2212 Hospites
1766 2159 1895 2195 tenet
1905 2146 1955 2196 in
1969 2145 2214 2216 Episcopio
2227 2181 2245 2205 ,
2268 2145 2317 2198 ἃ
2335 2150 2420 2198 So-

351 2219 446 2266 cios
478 2212 603 2282 aeque
621 2212 782 2262 mensae
805 2209 892 2261 suae
914 2247 932 2269 ,
952 2208 1312 2262 acVifitationis
1333 2212 1613 2263 Dioecesanae
1644 2215 1830 2266 adhibet
1856 2236 1869 2266 z
1907 2235 2113 2268 amorem
2133 2254 2149 2278 ,
2185 2234 2277 2287 quo
2314 2221 2424 2268 Fra·

351 2303 444 2338 tres
495 2279 884 2354 prosequebantur
921 2280 1217 2332 Illustriffimi
1254 2281 1303 2333 ὅ(
1351 2284 1738 2335 Reverendiffimi
1776 2290 1970 2338 Domini
2003 2289 2240 2340 Arnaldus
2267 2288 2427 2340 Sorbi-

353 2376 466 2416 nus,
487 2356 536 2408 &
556 2355 821 2405 Eustachius
853 2353 909 2402 de
937 2357 1057 2418 Lys,
1072 2352 1282 2421 Episcopi
1298 2353 1605 2404 Nivernenses
1619 2391 1636 2413 ,
1653 2357 1908 2424 probarunt
1926 2362 1970 2408 in
1986 2361 2126 2410 corde
2144 2397 2160 2420 ,
2191 2359 2321 2427 quod
2336 2361 2422 2410 Ni-

354 2431 485 2479 verni
501 2430 546 2476 in
562 2431 774 2475 Fratrum
787 2422 988 2475 Ecclefia
1005 2423 1233 2491 quiescere
1251 2422 1442 2476 voluere
1456 2461 1474 2485 ,
1506 2441 1559 2477 ut
1573 2461 1590 2486 ,
1618 2427 1695 2477 ubi
1712 2427 1949 2480 thesaurus
1964 2432 2133 2482 amoris
2147 2429 2328 2490 fuisset,
2358 2430 2424 2481 ibi

360 2498 410 2551 ὅ(
430 2517 510 2548 cor
530 2514 691 2547 eorum
705 2510 911 2546 maneret
931 2532 943 2545 .

502 2570 607 2619 Foti
638 2566 835 2635 eousque
851 2574 1030 2618 Fratres
1046 2572 1226 2618 Domos
1242 2569 1492 2635 Regulares
1519 2570 1580 2619 ita
1595 2571 1967 2639 multiplicarunt
1980 2607 1995 2631 ,
2026 2586 2079 2623 ut
2112 2587 2231 2623 anno
2267 2581 2358 2623 161
2371 2591 2420 2622 o.

355 2660 430 2692 eas
444 2641 501 2691 de
514 2642 756 2691 Provincia
776 2637 1008 2688 Parifienfi
1025 2637 1240 2688 dissecare
1258 2675 1274 2696 ,
1300 2639 1350 2690 ὅ(
1366 2640 1412 2687 in
1436 2642 1730 2693 Provinciam
1755 2642 2012 2694 distinctam
2039 2662 2146 2696 cum
2162 2647 2422 2695 Conventi-

357 2714 442 2763 bus
477 2711 718 2761 Britanniae
751 2712 865 2781 erigi
901 2713 1185 2779 oportuerit.
1211 2712 1547 2778 Qantumque
1572 2713 1618 2760 hi
1637 2713 1937 2780 postmodum
1966 2713 2016 2766 ἃ
2038 2733 2160 2765 anno
2174 2713 2423 2765 millefimo

356 2779 681 2833 sexcentesimo
700 2783 925 2852 vigesimo
939 2799 1061 2830 nono
1070 2786 1145 2845 jus
1164 2779 1212 2833 ὅ(
1227 2782 1418 2831 titulum
1434 2783 1688 2833 Provinciae
1721 2787 1915 2854 propriae
1947 2783 2271 2852 acquisiverint
2287 2821 2304 2843 ,
2328 2803 2425 2835 ma-

359 2870 438 2904 net
452 2869 604 2904 tamen
623 2853 904 2903 Turonensis
920 2889 935 2911 ,
974 2871 1068 2919 quae
1086 2855 1134 2904 ὅ(
1153 2853 1178 2901 ὲ
1197 2858 1244 2903 S.
1262 2852 1493 2902 Michaiile
1509 2855 1802 2921 Archangelo
1824 2872 1992 2906 nomen
2009 2858 2203 2914 retinet,
2233 2857 2424 2906 Provin-

361 2928 430 2974 cia
458 2923 614 2974 fimilis
645 2922 867 2974 foecundo
883 2923 1035 2973 fluvio
1053 2946 1068 2984 3
1107 2924 1156 2976 ὅ(
1173 2923 1287 2973 ficut
1304 2924 1377 2971 hic
1397 2920 1539 2973 effusa
1568 2926 1682 2992 aquil
1701 2926 2019 2991 circumjestos
2052 2928 2175 2998 rigat
2199 2944 2387 2996 campos
2405 2963 2423 2986 ,

366 2995 415 3046 ἃ
432 2996 677 3062 multiplici
693 2996 867 3047 florum
885 2993 1006 3045 foetu
1019 2994 1157 3045 vestit
1171 3030 1186 3053 ,
1210 2996 1274 3043 ita
1304 2994 1384 3043 illa
1404 2996 1590 3063 perenni
1619 2997 1807 3047 virtutis
1837 2999 2031 3048 humore
2047 3033 2063 3057 ,
2090 3015 2205 3065 quos
2230 2999 2424 3066 recipit,

367 3068 577 3116 alumnos
594 3100 609 3122 ,
636 3067 692 3115 ad
713 3067 954 3137 Religiosae
985 3064 1272 3136 perfefflonis
1288 3065 1494 3116 virorem
1524 3081 1753 3118 maturat.
1783 3068 2005 3120 Enituere
2024 3071 2069 3117 in
2088 3070 2176 3118 hoc
2190 3072 2269 3120 Fr.
2282 3071 2424 3120 Clau-

368 3136 472 3185 dius
495 3136 780 3186 Bituricenfis
796 3173 812 3194 ,
846 3137 1106 3208 Religiosus
1121 3136 1178 3186 ad
1191 3136 1468 3205 Apostolicae
1486 3138 1589 3187 vitae
1602 3156 1811 3189 normam
1824 3137 2104 3206 compositus
2118 3174 2134 3197 ,
2159 3137 2209 3189 ὅ(
2226 3139 2422 3189 comita·

365 3222 410 3256 te
429 3207 646 3275 gravitati
673 3209 817 3257 mixta
850 3209 1131 3277 conspicuus:
1151 3226 1321 3258 necnon
1339 3211 1415 3257 Fr.
1434 3211 1594 3258 Petrus
1609 3208 1915 3268 Pistavienfis,
1936 3210 2024 3260 Vir
2045 3207 2297 3267 virtute,'&
2322 3214 2420 3260 Do-

366 3279 515 3328 &rina
530 3277 720 3327 celebris
735 3314 751 3336 ,
782 3283 977 3329 Summo
992 3279 1203 3331 Pontifici
1223 3281 1451 3331 Clementi
1468 3283 1533 3330 X.
1550 3279 1611 3328 ob
1628 3299 1697 3329 res
1715 3299 1798 3347 pro
1815 3278 2022 3331 Ecclefiae
2047 3278 2171 3329 bono
2200 3280 2417 3347 praeclar&

365 3348 509 3419 gestas
525 3349 688 3398 charus
709 3385 725 3407 ,
749 3367 944 3416 quorum
965 3356 1140 3421 primus
1157 3349 1284 3411 bina,
1313 3354 1429 3401 alter
1444 3352 1554 3401 vero
1581 3350 1667 3400 unzi
1682 3354 1781 3402 vice
1801 3348 2008 3402 subsellia
2027 3353 2135 3401 Fori
2149 3386 2166 3410 ,
2194 3349 2272 3402 seu
2294 3350 2421 3402 Defi-

365 3421 521 3470 nitorii
534 3422 772 3469 Generalis
786 3423 1031 3491 occupavit
1047 3425 1140 3476 &c-

507 3489 847 3560 Fr.Josephum
866 3496 907 3542 le
923 3497 1061 3546 Clerc
1080 3497 1136 3546 de
1151 3494 1410 3559 Tremblay
1427 3499 1528 3558 jure
1551 3493 1751 3563 quodam
1778 3491 1914 3544 suum
1945 3491 2162 3544 vendicat
2179 3530 2195 3552 ,
2229 3512 2338 3544 cum
2354 3492 2416 3545 fa·

367 3563 437 3611 &al
468 3567 722 3614 Provincia:
737 3563 991 3615 Parifienfis
1020 3565 1243 3617 divisione
1266 3565 1585 3616 Turonensem
1613 3565 1692 3615 fibi
1722 3583 1807 3635 pro
1836 3564 2067 3616 manfione
2093 3563 2333 3637 selegerit,
2368 3563 2420 3616 ἃ

369 3637 499 3695 hujus
515 3634 723 3702 separatae
739 3639 929 3685 clavum
949 3640 1280 3690 Provincialem
1298 3641 1497 3688 tenuerit
1512 3676 1524 3688 .
1542 3642 1606 3688 Ea
1619 3653 1772 3688 autem
1800 3635 1888 3688 fuit
1915 3639 2046 3701 hujus
2065 3638 2170 3687 Viri
2188 3638 2335 3688 virtus
2362 3633 2414 3687 ἃ

367 3706 524 3752 meriti
540 3709 766 3767 extensio,
799 3721 851 3756 ut
870 3710 1048 3778 utrique
1065 3712 1313 3763 Provinciae
1338 3728 1423 3780 pro
1450 3713 1699 3781 partitione
1725 3707 1951 3771 sufficiat,
1976 3707 2026 3762 δι
2050 3705 2190 3759 fufior
2214 3705 2272 3757 de
2285 3708 2406 3758 i11³--

369 3773 504 3843 supra
517 3772 620 3823 data
635 3780 693 3827 sit
708 3781 868 3831 relatio
887 3816 901 3832 .

2181 3850 2253 3893 Fr.
2267 3847 2359 3905 spi-
